1424 2299
556 133 121 28 - 3 -

47 209 1152 37 16 Beauvoir (Roger de), célèbre écrivain romanique. — Sorcel¬

99 245 1100 37 lerie, pièce de vers aut. sig.; 1er janvier 1836, 1 p. in-4. 12 »

135 286 980 31 Très jolie lettre écrite sur papier bristol avec entourage gaufré.

50 326 1153 42 17 Béchard (Jean, baron de), célèbre général et ingénieur autri¬

101 361 1100 38 chien du XVIIIe siècle, qui prit une part active à la guerre de

101 397 1101 37 sept ans, tué au siège de Belgrade en 1788. — L. a. s. au mi¬

101 433 1100 37 nistre de la guerre, à Vienne ; Arad, 14 mai 1766, 3 p. in-f. 11 »

135 469 1068 31 Belle lettre sur les fortifications élevés autour d’Arad, pour la défense

100 502 258 24 contre les Turcs.

49 540 1155 37 18 Belle-Isle (Ch.-Louis-Aug. Fouquet, duc de), maréchal de

101 576 1106 37 France, célèbre par sa retraite de Prague, ministre de la

102 612 1105 39 guerre, membre de l’Académie française, né en 1684, mort

101 648 1105 38 en 1761. — Let. aut. au marquis...; camp de Nice, 11 sep¬

102 684 1104 36 tembre 1744, 1 p.in-4. 17 »

138 723 1069 33 Il lui adresse une lettre du duc de Richelieu qui le tiendra au cou¬

104 755 1104 32 rant des événements de Paris. Il s’agit de poursuivre les négociations

103 786 1106 32 en Allemagne avant que les Anglais n’aient conclu de nouvelles al¬

105 818 595 25 liances et accentué leurs mouvements.

52 858 1155 36 19 Berlioz (Hector), le célèbre compositeur. — L. a. s. au baron

104 893 1103 38 Taylor; 27 avril 1849, 1 p. in-8. Jolie lettre. 6 »

51 938 1158 37 20 Berryer (A.-P.), illustre orateur parlementaire, de l’Acadé¬

106 974 1102 38 mie française. — L. a. s. à Monseigneur...; 15 juin, 1 p.

107 1005 1101 33 in-8. 6 »

142 1045 1069 29 Belle lettre sur les élections dans le Morbihan; il recommande chau¬

105 1077 835 26 dement la canditature de M. Fernand de la Ferronais.

52 1116 1158 39 21 Bertall (Charles-Albert d’Anioux, dit), dessinateur original,

109 1152 1101 38 l’interprète des œuvres de Balzac. — 3 Epreuves de ses croquis

108 1188 1101 38 pour le Journal pour rire, avec les légendes autographes. 10 »

54 1233 1155 38 22 Bèze (Théodore de), le grand réformateur calviniste. — Let.sig.

109 1268 1102 44 avec la souscription aut., en latin, à Armand Polain, docteur

108 1304 1101 39 de l’Eglise de Baie; 1/2 p. in-4, cachet. Légère déchirure. 75 »

143 1344 1067 33 Il le félicite sur son mariage et lui annonce qu’il donne à Grynæus,

107 1376 1104 33 pour les lui communiquer, des nouvelles de France. Il fait l’éloge de

107 1408 464 32 Borgkius et parle de Baludius.

54 1446 1155 40 23 Bignon (l’abbé J.-Paul), bibliophile célèbre, bibliothécaire

108 1483 1102 38 du roi, membre de l’Académie française. — L. a. s. au prési¬

108 1518 1102 39 dent de Lamoignon; (1704), 2 p. in-8. Belle et intéressante

108 1556 1102 29 lettre. 5 »

54 1594 1156 39 24 Blanc (Ch.), célèbre critique d’art, membre de l’Académie

109 1630 1102 42 française. — L. a. s. à M. Delaunay, directeur de l'Artiste;

108 1666 1102 39 Troyes, 7 avril 1841, 1 p. in-4. 5 »

144 1706 1067 33 Relative à M. Schnitz, « artiste fort distingué, paysagiste de première

108 1741 107 25 force ».

55 1777 1156 39 25 Boissy d’Anglas (Fr.-Ant. de), conventionnel, célèbre par

109 1812 1101 38 sa fermeté inébranlable dans la journée du 1er prairial. —

109 1848 1101 39 L. a. s.; Paris, 21 janvier 1822, 3 p. in-8. Un peu fatiguée. 30 »

143 1889 1069 34 Intéressante et spirituelle épitre adressée à un ami intime à qui il

108 1920 1104 31 donne des détails sur sa famille. Il mène une existence très calme, ne

108 1952 1104 33 s’occupe pas de politique; il remplit ses devoirs exactement, ne cherche

108 1983 1105 35 point à avoir du crédit, n’étant point courtisan, mais il reste fidèle à

112 2014 1100 35 ses principes. « Ceux qui m’appelaient royaliste sous la Convention,

110 2046 1103 34 disent souvent que je suis républicain sous la monarchie, je me borne

109 2076 1105 37 à lever les épaules et à rester ce que j’ai toujours été, ami des loix, de

110 2109 977 33 l’ordre et du gouvernement, de la justice et de l’humanité.... »
