1424 2299
623 120 142 60 - 15 -

111 217 1161 39 142 Orléans (Ferdinand, duc d’), fils aîné du roi Louis-Philippe.

180 252 1095 40 — L. a. s.; Neuilly, 8 juin, 1 p. 1/2 in-4. Jolie lettre. 9 »

113 292 1165 44 143 Périer (Casimir), le célèbre ministre de Louis-Philippe. —

183 329 1089 39 L. a. s. à M. Jacob; (mars 1817), 3 p. in-4. Légère déchirure.

183 365 1094 30 Belle et rare lettre. 12 »

113 405 1163 37 144 Peucer (Gaspard), célèbre médecin et réformateur allemand,

183 442 1093 37 gendre de Mélanchton, dont il publia les Œuvres. — Pièce de

181 476 1095 39 6 petites lignes aut. sig., 3 novembre 1571, 1 p. in-18. 15 »

113 516 1164 39 145 Philippe II, roi d’Espagne. — Pièce sig., en allemand;

184 552 1089 39 Madrid, 16 janvier 1566, 1 p. double in-fol., obl., sceau.

184 588 1092 37 Superbe pièce. 17 »

114 623 1163 40 146 Pie IX, pape. — L. a. s. à Foschini; 22 nov. 1845, 1/2 p. in-4.

185 660 1091 36 Belle pièce. 20 »

115 700 1163 40 147 Pompadour (la marquise de), la célèbre maîtresse de

186 736 1093 39 Louis XV. — Billet aut.; (Versailles, 22 avril 1759), 1 p. in-8.,

185 771 1090 30 obl. 32 »

114 814 1164 39 148 Rachel (Mlle), la grande tragédienne. — Pièce aut. sig.,

184 850 1094 38 Rennes, 19 août 1849, 1 p. in-8. Relative à ses représentations

184 886 1094 29 données au théâtre de Rennes. 10 »

114 926 1164 37 149 Rambouillet (Catherine de Vivonne, marquise de), femme

186 962 1092 36 célèbre, qui réunit dans son hôtel toutes les illustrations du

186 997 1092 38 XVIIe siècle, mère de Julie d’Angennes. — Pièce sig.; 1653,

185 1033 1093 36 3 p. in-fol. 22 »

115 1073 1164 37 150 Récamier (Mme), la reine de l’Abbaye-au-Bois. — L. a. s. de

184 1109 1095 37 ses initiales à Mme la comtesse d’Hautpoul, 1 p. 1 /2 in-18. 15 »

115 1153 1165 40 151 Regnard (J.-F.), un des meilleurs poètes comiques français

186 1189 1093 37 du XVIIe siècle. — Fragment aut. extrait de ses manuscrits,

185 1225 1093 36 2 p. in-4. 17 »

116 1265 1164 37 152 Régnier, duc de Massa, constituant, grand-juge et ministre

186 1301 1095 37 de la justice, né à Blamont (Meurthe). — Let. sig. au préfet

185 1336 1096 37 du département de Rhin-et-Moselle, à Coblentz; Paris,

184 1372 1095 42 2 prairial an XI, 3 p. in-4. 7 »

223 1408 1057 30 Curieuse lettre relative à l’arrestation des Anglais résidant en France

186 1439 1095 32 en vertu du décret du 22 mai 1813. Ceux qui habitent son département

187 1471 1094 31 devront se constituer prisonniers dans les 24 heures, cette mesure est

185 1502 1071 36 applicable à tout Anglais âgé de plus de 18 ans et de moins de 60, etc.

115 1541 1164 38 153 Restout (J.-B.), le jeune, un des peintres les plus célèbres du

184 1577 1097 38 XVIIIe siècle, élève de Jouvenet, son oncle. — L. a. s.; 8 juillet

187 1614 1094 37 1789, 3 p. in-4. Rare. 15 »

115 1657 1162 39 154 Ristori (Adélaïde), la grande tragédienne italienne. — L. a.

186 1693 1094 37 s.; Paris, 29 août 1855, 3 p. pl. in-8. 15 »

224 1729 1058 32 Elle a lu le magnifique article de la Revue des Deux-Mondes;

186 1761 1097 33 quoiqu’elle se trouve indigne de tant d'éloges, elle n’en est pas moins

186 1792 1092 32 reconnaissante de toutes les bontés que l’on veut bien avoir pour elle.

187 1823 1094 34 Elle croit qu’il serait impossible d’écrire quelque chose de plus vrai,

188 1855 1090 32 ni de mieux senti sur l’art de la littérature dramatique italienne, etc.

117 1895 1165 37 155 Rochefort (Henri), publiciste et député, membre du gouver¬

187 1930 1094 36 nement de la Défense nationale. — L. a. s. à M. de Villars,

186 1965 1096 39 3/4 de p. in-8. Jolie lettre, signée Henri de Rochefort. 9 »

117 2010 1166 39 156 Romanzoff-Zadounaiski (Pierre, comte), un des plus

187 2046 1095 39 célèbres généraux russes de l’époque de Catherine II, sur¬

187 2082 1096 38 nommé le Turenne russe, né en 1725, mort en 1796. — Let. sig.,

189 2119 1093 36 1795, 1 p. in-fol. Rare. 20 »
