1424 2299
650 170 122 26 - 9 -

144 245 1148 36 71 Girardin (Emile de), le célèbre publiciste, mort récemment.

196 280 1102 37 — L. a. s. à sa femme (Delphine Gay ; la Conciergerie.

198 315 1100 38 26 juin (1848), 1 p. in-8. 12 »

231 352 1069 33 Curieuse lettre écrite pendant sa détention après les journées de

200 383 1100 34 juin. « Il parait que je suis un prisonnier d’Etat, puisque tu n’as pu

200 415 1101 33 obtenir l’autorisation de me voir ce matin. C’est une épreuve qui aurait

200 447 494 38 manqué à ma vie politique... »

147 478 1153 37 72 Grævius (J.-G.), célébré philologue et érudit allemand, fixé

199 513 1101 38 en Hollande où il devint historiographe de la maison de

198 548 1104 36 Nassau, né en 1622, mort en 1703. — L. a. s., en latin, à

200 584 1101 38 Ch. Dati; Amsterdam, 1668, 2 p. 1/2 in-4. Belle et intéressante

200 620 1099 29 lettre littéraire. 12 »

148 656 1153 37 73 Gratry (le Père A.), célèbre théologien et moraliste, de

200 692 1103 39 l’Académie française, né en 1805, mort en 1873. — L. a. s. à

200 728 1102 37 M. De Suin; 13 octobre 1844, 2 p. 1/2 in-8. Intéressante lettre

201 764 1099 36 sur l’organisation de l’Ecole de marine. 8 »

148 799 1153 40 74 Grévy (Jules), président de la République française. — L. a.

202 831 1100 40 s., 1 p. in-18. 15 »

148 871 1156 37 75 Guiche (Diane d’Andouins, comtesse de), femme de Philibert

202 907 1100 37 de Gramont, dite la Belle Corisandre, maîtresse de Henri IV, qui

202 943 1100 37 voulait l’épouser.— Pièce sig., 1603, 3 p. in-fol. 10 »

148 979 1154 37 76 Guyot (l’abbé G.-G.), aumônier de Philippe-Egalité et pré¬

202 1015 1102 36 cepteur des princes d’Orléans, prédicateur du roi, littérateur,

203 1050 1100 37 né à Orléans en 1724, mort en 1800. — Bulle du pape Pie VI le

202 1086 1101 38 nommant à l’évéché de Langres; Rome, juillet 1785, 1 p. double

203 1122 1100 29 in-fol. sur vélin. 15 »

231 1158 1075 32 Très belle pièce qui contient l’indication de tous ses titres : Guyot

202 1190 1103 31 d’Ussières, prêtre du diocèse de Paris, vicaire général de l'évêque de

201 1220 1105 32 Fréjus, abbé commanditaire de Saint-Michel-de-Tonnerre, de l'ordre de

202 1252 201 25 Saint-Benoit.

150 1283 1156 36 77 Hamelin (Mme), une des femmes les plus célèbres dans les

202 1319 1105 36 salons du Directoire, amie de Joséphine, de Mmes Tallien et

201 1355 1104 36 Récamier et du général Bonaparte. — L. a. s. au baron Taylor;

203 1390 1102 37 1832, 1 p. 1/2 in-8. Charmante épître. 17 »

151 1426 1155 37 78 Hautpoul-Salette (J. d’), un des meilleurs généraux de

203 1461 1104 38 cavalerie des guerres de l'Empire, blessé mortellement à la

204 1498 1102 37 bataille d’Eylau, né en 1754, mort en 1807. — L. a. s. au

203 1534 1105 36 maréchal Nev, commandant en chef l’armée du Rhin; quartier

204 1570 1102 37 général d’Izey, 19 vend, an VIII, 1 p. in-4. 20 »

233 1606 1075 32 Lettre curieuse par son orthographe fantaisiste. Il lui annonce qu’il

203 1636 1104 32 va se rendre avec sa division à Oberurnen et qu’il est enchanté de

204 1669 232 30 passer le Rhin.

151 1699 1157 37 79 Hauy (R.-J.), célèbre minéralogiste et physicien, membre de

204 1735 1104 36 l’Institut, né en Picardie en 1745, mort en 1822. — L. a. s. à

202 1771 1105 37 MM. Gillet-Laumond et Lelièvre; Paris, 20 mars 1805, 4 p.

203 1807 1104 29 in-4 12 »

235 1843 1074 33 Lettre scientifique d’un grand intérêt sur les cristaux et les cristal¬

203 1875 155 31 lographes.

149 1906 1160 36 80 Havercamp (Sigebert), philologue et numismate hollandais

205 1941 1105 36 du XVIIIe siècle, né en 1683, mort en 1742.— L. a. s., en latin, à

203 1976 1104 38 P. Sandi, à Padoue; Leyde, 1723, 1 p. in-4, cachet. 13 »

150 2013 1159 44 81 Heinsius (Nic.), célèbre philologue, poète latin et homme

205 2049 1104 33 d’Etat hollandais, bibliothécaire de Christine de Suède, né en

207 2086 1101 36 1620, mort en 1681. — L. a. s., en latin, à Ch. Dati; Cologne,

203 2122 1104 37 4 fév. 1673, 2 p. in-4. 35 »

239 2157 1069 34 Importante lettre pour sa biographie. Pendant l’invasion dos Fran¬
