1424 2299
668 99 124 27 - 7 -

215 174 1098 33 essentiel de faire connaître un procédé qui tend à économiser notre

216 206 1097 32 poudre, surtout dans une circonstance où nous devons ménager tous

219 238 1095 32 les moyens qui peuvent être employés à triompher de nos ennemis

219 268 775 33 et à assurer notre liberté et notre indépendance. »

164 300 1150 36 51 Du Barry (la comtesse), célèbre maîtresse de Louis XV. —

220 335 1092 39 Reçu aut. sig.; Louveciennes, 15 février 1784, 1 p. in-8

220 365 1093 35 obl. 17 »

165 407 1147 40 52 Du Bois (J.-P.-J.), géographe français du XVIIIe siècle, au

219 443 1095 38 service du roi de Pologne, et qui accompagna en qualité de

219 478 1096 39 secrétaire une ambassade envoyée par ce monarque en Hol¬

220 514 1096 37 lande. — La Sainte Bible et le Nouveau Testament, mise en vers par

219 550 1097 37 J.-P.-J. Du Bois, copie du temps avec dédicaces, au comte et à

221 586 1093 36 la comtesse de Brühl, 52 p. in-4. 10 »

167 621 1148 38 53 Duhamel-Dumonceau (H.-L.), illustre botaniste et agro¬

222 656 1092 31 nome, le créateur de la science de l'arboriculture. — L. a. s.

220 693 1096 38 (au physicien Ludot, de Troyes); 1er août (1751), 5 p. 1/4

222 729 1092 28 in-4. 7 »

252 765 1064 32 Superbe lettre scientifique, dans laquelle il se défend d’avoir attaqué

225 797 1091 32 Ludot au sujet d’expériences de botanique. Il en prend à témoin

223 828 1091 33 M. de Jussieu, et il saisit cette occasion pour exposer la méthode qu’il

224 859 733 32 emploie pour composer et publier ses ouvrages.

168 891 1146 41 54 Dumas (Alexandre) père, le grand romancier. — Pièce de

223 927 1090 36 vers aut. sig., 4 p. pl. in-4. 30 »

254 963 939 31 Superbe pièce en l’honneur du grand navigateur Lapérouse.

167 995 1148 36 55 Du Tillot (Guillaume), marquis de Félino, ministre des

222 1030 1089 42 infants don Philippe et Ferdinand de Parme, célèbre par la

221 1066 1094 37 vigueur de ses réformes, appelé par Duclos le grand ministre

222 1102 1094 36 d’un petit Etat, né en 1711, mort en 1774. — Let. sig., avec la

222 1138 1090 36 souscript. aut., au comte de Firmian, à Milan; Parme, 8 no¬

223 1174 1090 36 vembre 1788, 2 p. in-fol. Superbe lettre. 15 »

171 1208 1145 38 56 Elderen (Jean-Louis, baron d’), célèbre prélat du XVIIe siècle,

225 1245 1093 38 grand doyen et évêque de Liège, élu contre le gré de la

228 1281 1087 37 France. — Let. sig., avec la souscript. aut., au roi d’Angleterre

226 1316 1090 38 (Guillaume III); Liège, 3 décembre 1693, 2 p. in-fol. Belle

226 1353 1090 28 lettre. 16 »

174 1388 1144 37 57 Estrées (le card. César d'), évêque de Laon, ambassadeur de

225 1424 1093 34 Louis XIV à Rome, un des auteurs de la Guirlande de Julie,

227 1460 1091 36 membre de l’Académie française. — L. a. s., en italien;

225 1496 1093 36 21 mai 1696, 1 p. in-8. Jolie lettre. 14 »

173 1531 1147 37 58 Eudes (F.), célèbre général de la Commune, inspecteur des

227 1567 1095 37 forts du Sud. — Pièce aut. sig., 3/4 de p. in-8., cachet de la

229 1603 1091 29 Commune. 15 »

258 1639 1064 32 Reçu de l’intendant général la somme de 6,000 francs pour les frais

228 1671 1093 31 généraux nécessités par son commandement. — Une note en marge

227 1702 951 32 indique que le général Cluseret a refusé le visa de cette pièce.

174 1733 1149 38 59 Faure (Jules), le célèbre baryton. — L. a. s. (à Auber), 3/4

228 1769 1095 36 de p. in-8. Jolie lettre. 5 »

176 1805 1149 37 60 Ferdinand III, empereur d’Allemagne. — Let. sig. à

229 1840 1095 38 Piccolomini; château d’Eberstorf, 10 septembre 1639, 2 p. in-fol.,

230 1877 1092 27 sceau. 15 »

262 1912 1064 32 Il le félicite sur le don que vient de lui faire le roi d’Espagne, Phi¬

230 1944 440 31 lippe IV, du duché d’Amalfi.

178 1975 1146 36 61 Ferdinand, infant et duc de Parme, l’élève de Condillac, né

230 2011 1093 39 en 1751, mort en 1802. — L. a. s., en français, au comte

231 2047 1094 38 d’Argental; Colorno, 7 janvier 1780, 1 p. pet. in-4, cachet à

232 2083 1092 37 ses armes. Très jolie lettre. 16 »
