1432 2245
552 76 124 44 - 8 -

50 161 1143 36 62 Ferdinand, archiduc d’Autriche, dis de Marie-Thérèse, frère

103 197 1091 38 de Marie-Antoinette, dépossédé par les Français en 1796, né

103 231 1091 40 en 1754, mort en 1806. — L. a. s., en français, au marquis

103 263 1090 42 Gherardini; 30 octobre 1779, 2 p. in-4. 20 »

133 304 1061 33 Très jolie lettre dans laquelle il parle de la naissance d'un fils, du

103 332 1091 36 Carnaval de Naples et du voyage qu’il va entreprendre à travers l'Italie,

103 367 695 32 dont la durée ne sera pas moindre de 6 mois.

50 398 1143 37 63 Fesch (le cardinal), archevêque de Lyon, oncle de

102 428 1092 43 Napoléon Ier. — L. a. s. au citoyen Ferment; Nice, 17 ventôse

104 470 1090 36 an IV, 1 p. in-4. 20 »

134 506 1061 32 Très curieuse lettre. L'armée d’Italie n’a jamais été ni plus lorte en

103 538 1093 32 hommes, ni plus misérable en toutes sortes de moyens; elle est dans

102 568 1093 33 une détresse absolue et il ne lui reste que l’espoir de ses armes. « On

103 600 1091 32 assure que Buonaparte vient la commander, je ne m'en réjouis point,

103 632 1093 32 il ne trouvera de ressource que dans le génie de la République, dans

102 663 1095 32 le patriotisme des soldats et dans l’opinion de la force nationale. Au¬

102 695 1094 32 trefois on ne demandait pour vaincre que de l’argent, cette arme est

104 727 282 31 nulle pour nous. »

49 757 1146 37 64 Fieschi (Jos.), le fameux régicide. — L. a. s. à M. Zangiacomi,

99 793 1096 38 juge d’instruction dans le procès de Fieschi; 1er novembre 1835,

106 829 1089 37 1 p. in-4. 25 »

134 865 1063 32 Dénonciation contre Pépin, son complice. — A cette pièce sont

104 897 1093 32 joints les croquis des portraits des inculpés dans cette affaire, dessinés

103 928 1093 31 à l’audience de la chambre des Pairs par le duc de Morny, plus tard

102 957 1096 34 ministre de Napoléon III. Ces croquis sont au nombre de six, dont

103 991 1094 32 un de Poireau, un de Pépin, deux de Morey et deux de Fieschi. Sous

104 1023 1092 31 l'un de ces deux derniers, Fieschi a écrit et signé de sa main ces mots :

103 1054 1094 32 Je vie trouve bien lait. Fieschi. L'authenticité de ces croquis est

104 1086 606 32 attestée par une note de Mme de Morny.

49 1117 1148 37 65 Fleury (le cardinal de), évêque de Fréjus, premier ministre

104 1153 1093 37 de Louis XV. — Pièce aut. sig., 1701,1 p. in-8. Fatiguée. 9 »

51 1189 1146 37 66 Frédéric, comte palatin du Rhin. — Let. sig., en latin, au

104 1225 1091 39 duc de Milan, François Sforza, 1 p. 1/2 in-fol. 6 »

136 1261 1062 31 Il va défendre les droits de la princesse de Danemark, Dorothée, son

106 1293 1091 32 épouse, et essayer de reconquérir la Suède, le Danemark et la Norwége,

104 1324 1095 32 perdues par Christian II. Il voudrait la protection efficace de Charles-

105 1356 235 30 Quint en Italie.

51 1387 1147 42 67 Freudenberger (Sigismond), peintre suisse, né en 1745,

105 1423 1093 36 mort en 1801. — L. a. s., en français, au graveur Wille;

105 1453 1092 42 Berne, 18 fév. 1786, 2 p. pl. in-4. 10 »

137 1495 1062 31 Il lui recommande un jeune homme de mérite, bien élevé et ins¬

106 1526 1093 32 truit, M. de Tillier, fils d’un sénateur de la République, qui voyage

105 1557 1094 34 pour satisfaire son goût pour les beaux-arts. On possède à Berne deux

105 1590 1095 29 tableaux charmants de M. Wille fils; la ville est fort visitée dans la

106 1623 185 24 belle saison.

52 1651 1148 38 68 Galen (Christophe-Bernard-Mathieu de), célèbre prélat et

106 1688 1093 66 général allemand du XVIIe siècle, évêque de Munster, allié de

105 1724 1094 38 l'Allemagne, puis de l’Angleterre et enfin de la France, jugé

106 1760 1092 37 sévèrement par Sismondi, qui l’appelle « Condottière féroce, »

107 1796 1091 36 né en 1604, mort en 1678. — Let. sig. avec, la souscription

106 1831 1092 39 aut. à la princesse palatine Elisabeth ; Reichtadt, 4 juillet 1668,

106 1868 1091 37 1 p. in-fol., cachet. Belle lettre. Rare. 10 »

52 1903 1148 38 69 Gay Lussac, l’illustre chimiste, né dans le Limousin. —

106 1939 1092 37 L. a. s. à M. Bergerot; Saint-Léonard, 10 décembre 1842,

104 1975 1093 38 3 p. in-4. Belle lettre scientifique. 6 »

53 2010 1145 39 70 Genlis (la comtesse de), célèbre femme auteur, institutrice

106 2047 1093 42 du roi Louis-Philippe. — L. a. s. à M. Després; aux Carmélites,

106 2082 1091 41 17 juil. 1816,1 p. pet. in-4. Très jolie lettre sur ses ouvrages. 12 »
