1432 2245
574 115 139 27 - 10 -

131 191 1097 31 çais en Hollande, il a dû abandonner l’université de Leyde et se retirer

131 222 1097 32 près de l’évêque de Paderborn où il a pris les eaux de Lippspringe. Il

133 253 1095 33 n’est arrivé à Francfort qu’après la foire aux livres, à cause du passage

131 285 1098 32 des troupes brandebourgeoises; il a pu cependant se procurer les notes

131 316 1099 34 de deux savants sur Valère Maxime et Sulpice Sévère; il y a vu les

132 348 1097 31 électeurs de Mayence et de Brandebourg, le duc de Lorraine. De là il

132 379 1096 32 s’est dirigé sur Heidelberg, près l’électeur palatin, a visité Spire,

133 410 1098 32 Worms, Mayence et Wiesbaden. Il a rencontré à Cologne le ministre de

134 442 342 31 Prusse Spanheim, etc.

80 482 1149 34 82 Henri IV, roi de France. — L. a. s. à M. de Saint-Geniès ;

133 517 1095 37 (20 octobre 1587), 2 p. pl. in-fol., montée. 40 »

168 553 1064 32 Importante lettre historique écrite avant la bataille de Contras. Il

133 585 1097 32 sait par une lettre de M. de Matignon au premier président du Parle¬

134 616 1097 32 ment de Toulouse que l’armée du duc de Joyeuse se propose de

134 648 1098 31 remonter la Garonne pour rétablir le commerce et les communications

133 679 1096 32 avec Bordeaux; les ennemis sont déjà à Pons (Charente-Inférieure):

133 710 1099 32 son dessein est de ravitailler Nérac, Cleyrac, Casteljelous et Castets; il

134 742 1098 32 envoie donc le sieur de La Barre en Béarn pour ramener de la poudre.

81 782 1150 41 83 Herberstein (Sigismond), célèbre diplomate allemand du

135 818 1099 36 XVIe siècle, ministre de l’empereur Maximilien Ier, auteur

136 854 1098 36 d’une Histoire de Moscovie, un des premiers ouvrages qui fit

135 889 1095 37 connaître ce pays. — Pièce sig., 1541, 1 p. in-4 obl., sceau.

138 925 1094 28 Rare. 30 »

83 960 1150 37 84 Hoey (Cl. de), célèbre peintre du XVIIe siècle, qui travailla au

136 997 1099 36 château de Fontainebleau, fils de Jean, beau-frère du peintre

137 1033 1098 37 Fréminet. — Pièce sig.; 1625, 3 p. 1/2 in-4. 11 »

83 1078 1153 36 85 Holstenius (Luc), grand érudit, bibliothécaire du Vatican,

138 1114 1100 34 né en 1596, mort en 1661.— 2 l. a. s. et 1 let. aut., en latin, à

137 1150 1099 36 Ferdinand de Furstenberg et au cardinal Ghisi; 1653, 4 p. in¬

137 1185 1099 37 fol. et 2 p. 1/2 in-4. Intéressantes. 13 »

85 1230 1151 36 86 Hommius (Festus), célèbre théologien, ministre à Leyde, qui

138 1266 1101 37 se distingua en Hollande dans la dispute des Gomaristes et

138 1302 1099 36 des Arminiens, auteur d’ouvrages de controverse, secrétaire

139 1338 1096 36 du synode de Dordrecht en 1618, né en 1576. — L. a. s., en

141 1373 1098 37 latin, à Sibrand Lubbert (célèbre docteur en théologie, pro¬

140 1409 1099 37 fesseur à l’Académie de Francher, qui assista aussi au synode

140 1445 1099 37 de Dordrecht); Leyde, 10 oct. 1607, 1 p. in-fol. 16 »

177 1481 1064 31 Belle pièce. Il a remis sa lettre à Pierre Bertius; il lui parle d’élec¬

142 1513 1100 31 tions relatives à l’Académie de Francher. A Leyde, on ne veut pas des

144 1544 605 31 Français, on les trouve trop bouillants.

88 1584 1152 45 87 Ingres (Jean-Baptiste-Dominique), illustre peintre d’his¬

141 1621 1100 35 toire, né en 1781, mort en 1807. — L. a. s. au comte (de

143 1656 1098 37 Forbin); 26 septembre 1830, 1 p. in-8. 12 »

178 1692 1065 32 Il consent à ce que son tableau de Roger et Angélique soit gravé

143 1724 240 31 par M. Potrelle.

90 1758 1151 37 88 Jacquemont (Victor), le célèbre voyageur dans l’Inde. — Let.

144 1789 1098 42 aut. a son père; New-York, 12-14 décembre 1826,3 p. in-4. 20 »

178 1830 1065 28 Très intéressante lettre où il annonce son arrivée à New-York,

145 1863 795 31 raconte ses visites et expose ses projets de voyage.

91 1901 1153 38 89 Janin (Jules), le prince des critiques. — L. a. s. à M. Cavé;

145 1937 1099 38 1836, 1 p. in-8. Léger raccommodage. 10 »

181 1973 1065 33 Gharmante épître sur M. Thiers. « Les moindres désirs de M. Thiers

145 2006 1100 31 entraîneront toujours toute mon obéissance : Je suis de ma nature un

146 2036 1100 31 animal reconnaissant et dévoué, et d’ailleurs le nombre de ceux qui

146 2067 1100 34 ont été bons pour moi, n’est pas si grand pour que je n’aye pas le

147 2101 394 25 loisir de m’en souvenir. »
