2480 3188
215 213 2087 41 26. Emmanuel CHABRIER. L.A.S. « Emmanuel », [Bruxelles] Dimanche [7 mars 1886], à sa femme ; 3 pages in-8. 400/500

332 273 1970 36 LORS DES RÉPÉTITIONS DE GWENDOLINE (créée à la Monnaie de Bruxelles le 10 avril 1886). Il s’inquiète des maux de cœur de sa femme. « Je

308 318 1995 37 ne perds pas une minute : ma journée se passe en répétitions, et le soir, je roule au théâtre »... Il raconte son emploi du temps... « Hier

309 363 1994 37 soir, j’ai assisté à un concert de la Grande Harmonie, dirigé par JEHIN ; j’y ai rencontré Gevaert avec qui j’ai fait, à la sortie, un petit tour

308 408 1995 37 de ville ; il est très gai ; nous nous faisons rire mutuellement. – Il me sera très utile. – Il me faudrait un fort volume pour te raconter

308 453 1995 37 par le menu tous les cancanages du théâtre : Montalba, Thuringer, Mezeray, ont toutes leur légende ; tout ça se déteste ; Verdhurt est

308 498 1994 37 tantôt un brave homme, tantôt un chenapan ; c’est inouï ! – Demain à 1 h. 1/2, Catulle [MENDÈS] lira sa pièce au thféâtre], et moi je

305 543 1997 37 jouerai ma musique devant VERDHURT déjà nommé, Dupont, les répétiteurs, Lapissida et les artistes. Les chœurs gueulent toujours au

310 588 1991 37 5e étage ; mais jusqu’à présent, il ne faut pas que j’intervienne, paraît-il. – Nous n’ajouterons rien très probablement au rôle d’Armel ;

308 633 1995 37 - mais je tiens à avoir ENGEL, qui est un artiste très distingué et un homme tout à fait comme il faut ; ah ! s’il pouvait se déguiser en

310 678 1992 37 baryton, comme je lui collerais vite et vite le rôle d’Harald ! car ce brave BÉRARDI sera bien lourd là-dedans !... il chantera tout ça avec une

307 723 1994 37 voix superbe, et... ce sera tout ; THURINGER sera convenable ; enfin, nous verrons dans 8 à 10 jours le résultat obtenu ; à ce moment-là,

309 768 605 36 Gevaert me donnera un coup de main »...

334 813 888 36 Correspondance (86-16). Ancienne collection Francis Poulenc.

215 908 1952 40 27. Emmanuel CHABRIER. 5 L.A.S. « Emmanuel » ou « Emml », [juin-novembre 1888], à SA femme ; 15 pages in-8.

2104 959 198 29 1 000/1 200

332 1017 1970 37 [Paris,] Vendredi midi [15 juin 1888], racontant à « Maman » son emploi du temps : « Hier soir, après notre séance au Conservatoire

308 1062 1994 37 pour régler les auditions musicales de l’Exposition, LAMOUREUX m’a entraîné à Chatou et je me suis laissé faire. [...] Aujourd’hui, Mme

308 1107 1994 37 Delcroix viendra avec sa fille qui veut me chanter divers morceaux. Puis, Mlle Racot viendra prendre sa leçon [...] La Nanon a essayé

309 1152 1993 37 3 fois son jersey. Mme Alice est là, qui la regarde. Nanon prétend qu’elle a l’air d’une gazelle et qu’elle ferait très bon effet sur les

308 1197 1994 37 boulevards »... Il attend pour partir le livret de Briséïs que doit donner Catulle MENDÈS : « si j’ai toute ma besogne, ce sera superbe. –

308 1242 1994 37 Enoch lui a écrit hier pour lui secouer les puces ». Nouvelles du ténor VAN DYCK, installé à Bayreuth : « Mme WAGNER insiste pour que

305 1287 1997 37 je vienne [...] il faudra que j’y aille : à cause de MOTTL, à cause de V[an] Dyck, à cause des Wagner, à cause de moi-même vis à vis des

308 1332 1995 37 autres qui y sont allés, j’ai l’air de m’isoler, ça finirait par faire mauvais effet »... Il termine par des plaintes sur la paresse de ses « deux

305 1377 367 37 jeunes bougres » de fils...

332 1422 1971 37 [Paris, 3-4 juillet 1888] Il a vu Alfred BRUNEAU à l’Opéra-Comique : « je l’ai pincé pour Gwendoline et il viendra mardi matin avec

309 1466 1433 38 Gandrey l’entendre à la maison »... Il va déjeuner avec Catulle MRENDÈS, « puis copie du 2d acte »...

332 1512 1970 37 [La Guérinière] Vendredi [26 octobre 1888], Séjour au château de la Guérinière, chez le vicomte de MAUPAS : « Des arbres, encore

308 1557 1995 37 des arbres, toujours des arbres, à perte de vue [...] Mme de Maupas, très engraissée, mais surtout de figure, ravie de me recevoir, fort

308 1602 1993 36 empressée ; puis le père de M. de Maupas, ancien officier, sourd, 76 ans, mais d’une constitution robuste, de taille élevée, la voix forte,

308 1647 1994 36 la moustache en crocs – pouvant vivre cent ans ; un athlète, comme son fils, du reste qui, d’un revers de main, enverrait ton pauvre loup

308 1692 1994 37 rouler à quinze pas ; – mais il est bon comme le pain, doux comme un agneau, adore sa femme qu’il contemple un peu et qui se carre

308 1737 1993 37 dans un magnifique château Louis XIII excessivement authentique, avec tourelles, pont-levis, pièces d’eaux, communs, dépendances,

308 1782 1994 37 fermes ; 500 hectares de bois. [...] Grand chasseur, M. de Maupas ; 40 à 42 ans, tanné par le soleil, toujours à parcourir sa propriété

308 1827 1995 37 qu’il surveille ferme et lui rapporte gros ; dix à douze chevaux, 20 vaches, des légions de poules, du lapin, du lièvre, du chevreuil et

90 3070 36 29 10
