2480 3188
1936 163 334 38 BEAUX-ARTS

199 285 2068 34 1. BEAUX-ARTS. 22 L.A.S., XIX°-XX° s. 200/250

296 344 1971 36 Léon BONNAT, Aglaüs BOUVENNE, Félix BRACQUEMOND (à Bonvin), Pierre CABANEL, Charles CHAPLIN (3), Georges CLAIRIN (sur sa carte

273 383 1992 42 de visite), Marcellin DESBOUTIN, André DEVAMBEZ, Henri GERVEX, Louis LEROY (2), Émile LÉVY (à Emma Dobigny), Jules MARMOTTAN,

273 434 1592 35 Ernest MEISSONIER (2), Alphonse de NEUVILLE, Alcide ROBAUDI, Victor SCHNETZ, Paul VALLOTTON (à Gernez).

196 528 2071 41 2. Hans BELLMER (1902-1975). L.A.S., Castres 5 janvier 1945, à Joe BOUSQUET ; 1 page in-4, enveloppe. 500/600

296 587 1971 37 La façon chaleureuse dont Bousquet l’a reçu lui fait regretter que les hasards de la débâcle ne l’aient pas placé à Carcassonne au lieu de

273 632 1994 38 Castres. Il n’a pas osé lui dire que sa vie était affreuse : « je me demande si cela n’était pas indiqué d’aller à Carcassonne pour quelques

273 677 1995 37 semaines, pour y “faire du portrait”. Car à mes soucis s’ajoute celui de l’argent que je dois sans cesse gagner en faisant la “photo à la

272 722 1995 38 main”, comme disent les paysans à juste titre. Malheureusement je me suis assez mal porté, l’autre jour à Carcassonne, de façon que je

272 767 1995 37 n’avais pas le moindre courage pour me faire un peu l’article. – En y revenant, je devrais exposer quelques portraits dans la vitrine d’une

272 812 1993 37 librairie par exemple, je devrais être introduit dans quelques familles, etc. (...) Vous recevez tant d’amis : l’un ou l’autre, par hasard,

273 857 1994 37 serait peut-être disposé de s’occuper un peu de moi ? Chaque ligne de cette lettre commence par un “Je”. J’en suis désolé, car notre

273 902 1361 37 conversation a touchée à tant de questions d’intérêt objectif qui auraient voulu une suite »...

196 997 2010 41 3. Hans BELLMER. L.A.S. « H.B. », [Castres] 20 juin 1945, à Joe BOUSQUET ; 2 pages in-4 sur papier orange, enveloppe.

2133 1048 134 29 500/700

295 1107 1970 36 Tout change éternellement d’aspect, irrémédiablement : « Cette vente de tableaux prend une allure considérablement plus modeste.

272 1151 1995 37 L’acheteur, de retour de Paris, d’après ce qu’il me fait dire, n’a pas eu le nombre voulu de billets nouveaux. Il pourra acheter seulement

272 1196 1995 37 une chose (pour 50 000 frs). – Eh bien, la joie est réduite »... Et il ne sait que faire de sa femme, qui réclame des vacances en Alsace avec

272 1241 1995 37 les enfants : « Son télégramme était une insolence », et ses promesses témoignent seulement de « son goût inné de la traîtrise, de la joie

273 1287 1994 36 de la trahison »... Il donne des nouvelles de leurs relations littéraires et artistiques : André Breton, Gaston Puel, jeune poète d’Albi, Loïze

272 1332 1995 36 Paulin, Tristan Tzara, et du projet d’une édition illustrée de La Sorcière de Michelet : « Les “Quatre Vents” veulent maintenant que je

272 1376 1995 37 fasse des gravures originales à la pointe sèche sur cuivre pour La Sorcière en m’offrant le même honoraire (40 000 frcs) et en avouant

273 1421 1995 37 candidement que cela leur ferait une économie de 100 000 frcs environ (les frais de reproduction en héliogravure) »... Cependant La

274 1466 1993 38 Fiancée du ventl’z accompagné pendant son voyage : « ainsi, avec vous, j’étais moins abandonné. J’ai un faible immédiat pour ce livre

273 1512 1994 37 qui était peut-être votre première publication. Il a un “goût” auquel je ne résiste pas et j’aimerais obtenir de M. Cazanave un bout de

273 1557 609 36 dessin qui devrait s’ajouter à la reliure »...

195 1651 2072 41 4. Hans BELLMER. 2 L.A.S., Castres 5 et 10 juillet 1945, [à Joe BOUSQUET] ; 6 pages in-8. 800/1 000

299 1710 1969 37 5 juillet, BELLE LETTRE SUR LA COULEUR: « Elle est chez moi comme la très belle femme toujours, éternellement aimée, à l’exclusion

273 1756 1994 36 de la déception, bref : une promesse. Le frou-frou, le coup de la jarretière, le sourire du “peut-être”. D’ailleurs rien ne m’oblige de

272 1801 1995 37 m’en occuper sérieusement. Mais s’il m’était donné de revivre, je m’en occuperais quand même. [...] Un jour dans un bordel parisien

273 1846 1995 37 de première qualité et un autre jour plus récent devant un lapin écorché, j’ai très bien su qu’il y a des ravissements qui échappent à

272 1890 1995 37 l’exploitation seule de la forme et de la matière. » Son infirmière en regardant avec lui les reproductions de l’Album lui a demandé si

273 1936 1994 36 cela représente des maladies : « Le point pourriture et maladie est d’ailleurs à retenir dans l’anatomie, comme celui de la mode ». Il est

272 1981 1995 37 las de ne pouvoir travailler et de cette vie vide, et se réjouit des visites des « jeunes d’Albi, avec Gaston PUEL » : ils parlent d’une revue

274 2025 1994 38 Rimes et Raisons : « Ils n’ont pas d’expérience et pas d’horizon. De ma façon glacialement enthousiaste et intransigeante, je peux leur

273 2071 351 36 être utile – peut-être »...

299 2116 1970 37 10 juillet : il est seul avec sa fille Doriane qui est malade et dont il s’occupe malgré sa « paresse physique ». Il a reçu le n° 1 de la Revue

274 2161 1993 36 des Quatre Vents, évoque l’article de Parrot sur Scutenaire dans Les Lettres Françaises, celui de PAULHAN sur son prix de littérature

273 2205 1994 38 de l’Académie française et son étude sur SADE. Il n’a plus de nouvelles des frères Berger et se désespère : « Que j’en ai assez – ! Que

269 2251 1996 36 j’envie Rimbaud, Joseph Vacher, etc... Leur vie était brillante, consciente, – cela ne trébuchait pas dans les inconsciences opportunes,

273 2296 1995 36 dans les arrangements (...) et de la volonté d’avoir une peu de gentillesse autour de leur moi. Ils n’avaient pas le temps de solliciter

273 2341 1994 36 cette “gentillesse”, cette chaleur humaine. Ils ne connaissaient personne. » Il redoute le retour de sa femme Marcelle, dont il souhaite

273 2386 1216 36 divorcer : « Je n’en peux plus. Ce suicide moral et artistique ne peut plus durer »...

197 2480 2071 41 5. Hans BELLMER. 9 L.A.S., Castres ou Carcassonne 1945, à son ami l’éditeur Henri PARISOT ; 17 pages in-4, sur papier

272 2531 1995 40 rose ou jaune. 2 500/3 000

296 2590 1228 32 INTÉRESSANT ENSEMBLE SUR SES PROJETS ÉDITORIAUX, NOTAMMENT LES JEUX DE LA POUPÉE.

299 2635 1968 37 Castres 1er mars 1945. Remerciements pour ses démarches auprès de Caillet et de la concierge de son ancien appartement. « C’est chez

272 2679 1999 38 Mr. Berger (Roger) que j’avais casé tous mes négatifs etc. Si la maison est entièrement détruite, je ne saurais que faire pour éditer les Jeux

274 2724 1993 37 de la Poupée. - Refaire les choses à la main, à l’huile, d’après les photos existantes. – Je suis désolé de la mort de Maurice HEINE »... Il

273 2770 1994 37 collaborerait avec plaisir aux publications de Parisot, et demande des consignes pour la collection de plaquettes surréalistes, proposant

273 2815 1996 37 de mettre au courant Breton, Ernst, Tanguy, Magritte, etc. Lui-même travaille à sa Petite Anatomie de l’inconscient physique, ou Anatomie

274 2859 1993 37 de l’image : « Le texte – du surréalisme scientifique – sera accompagné d’une trentaine de dessins au trait »... 16 mars. « L’idée de faire

273 2905 1994 37 des dessins pour La Sorcière de MICHELET ne me déplaît pas du tout, au contraire ! J’ai lu ce livre il y a deux ou trois ans à Castres et il

272 2949 1995 38 m’en reste une impression assez forte. (La seule chose à dire : j’aurais préféré Les Infortunes de la vertu) »... Suit une discussion serrée

2187 3010 80 26 ... / ...

2366 3069 16 30 3
