2480 3188
215 163 657 46 MUSIQUE ET SPECTACLE

216 327 2087 40 18. ALBUM D’AUTOGRAPHES. Album de 60 signatures ou P.A.S. de célébrités, 1947-1973, pour le barman Robert

309 376 1993 41 Gauthier (de l’hôtel Lancaster), sur 25 feuillets d’un album petit in-4, reliure basane fauve, plat sup. et dos décorés

308 427 1994 30 d’ornements dorés. 300/400

332 486 1969 37 On trouve dans ces signatures, parfois accompagnées d’un petit mot de dédicace : des personnalités diverses, hommes politiques,

309 531 1993 37 stars de cinéma, chanteurs, écrivains, artistes, compositeurs, musiciens, etc. : cardinal Tisserant, Léon Blum, Rita Hayworth, Paulette

309 576 1993 37 Goddard, Joséphine Baker, André et Pierre de Fouquières, Wallace Berry, Arthur Honegger, Katharine Hepburn, Norma Shearer, Pierre

308 621 1995 37 II et Alexandra de Yougoslavie, Jennifer Jones, Juan Negrin, Charles Laughton, Oscar Strauss, Orson Welles, Merle Oberon, Hedy

308 666 1995 37 Lamarr, Mary Garden, James Mason, Alan Ladd, Umberto di Savoia, Silvana Mangano, Bing Crosby, Amedeo Nazzari, Edith Piaf, Clark

309 711 1993 37 Gable, José Ferrer, Gregory Peck, Bruno Walter, Erich von Stroheim, Gene Kelly (« Créât martini !! Créât fellow ! »), Helen Hayes, Pierre

308 756 657 37 Descaves, Fernandel, Amalia Rodrigues, etc.

216 851 2087 40 19. Sidney BECHET (1897-1957). Photographie avec signature autographe « Sid Bechet », [vers 1950] ; 18 x 13 cm, noir et

308 901 1994 31 blanc. 100/150

332 960 858 32 Le musicien est de face, en buste, la clarinette à la bouche

215 1055 2087 41 20. Hector BERLIOZ (1803-1869). L.A.S., 12 juillet [1837], au pianiste Camille Stamaty ; 1 page in-8, adresse. 1 500/2 000

332 1114 1969 37 « Je vous ai mis sur la liste des personnes que je compte inviter à ma grande répétition [du Requiem], ainsi vous recevrez des billets.

308 1159 1995 37 La musique de Schumann est entre les mains de LISZT, j’ai cru devoir la lui prêter dans l’intérêt de l’auteur, car il en a fait le sujet d’un

308 1204 1994 37 article qui lui sera probablement fort agréable. Liszt doit me la renvoyer, de la campagne, où il est encore, en même temps que l’article

308 1249 1994 37 et d’autres partitions que je lui ai confiées »... [Liszt écrivit un compte rendu de plusieurs œuvres pour piano de Robert Schumann dans

308 1294 1639 36 la Revue et Gazette musicale du 12 novembre 1837 ; l’exécution du Requiem fut annulée peu après cette lettre.]

214 1389 2088 40 21. Hector BERLIOZ. L.A.S., Lundi, à Camille Stamaty ; 14 page in-8. 400/500

332 1448 1970 38 « Je ne pourrai malheureusement pas être des vôtres mercredi ; j’ai tant à travailler avant mon départ que le temps me manque. Croyez

308 1496 311 34 à tous mes regrets »...

215 1588 2085 41 22. Emile-Robert BLANCHET (1877-1943) compositeur et alpiniste suisse. 3 manuscrits musicaux autographes signés,

311 1638 1991 41 1938-1939 ; 8 pages in-fol. 300/400

331 1698 1971 37 Trois pièces pour piano, à l’encre noire sur papier à 12 lignes, avec quelques additions et corrections et des doigtés au crayon. –

308 1742 1995 37 Moderato, 1938 (19 mesures), dédié à Madame Paschoud, avec cette note pour la main droite : « La note jouée par le 5“ doigt tenue au-delà

308 1787 1813 37 de sa valeur »... – Tranquillo, avril 1939 (57 mesures). – Toccata, marquée Allegro, dédiée « à mes amis Hang » (80 mesures).

215 1882 2087 41 23. Joseph CAILLOT (1732-1816) acteur et chanteur de la Comédie-Italienne. RA.S., 22 avril 1816, à M. HUET ; demi-page

308 1932 1994 41 in-4 (le haut de la page est découpé), adresse. 100/150

332 1988 1970 40 ÉMOUVANTE PIÈCE RÉDIGÉE L’ANNÉE DE SA MORT, d’une écriture tremblée. « Mes 84 ans et une paralysie m’empêchent de donner au

308 2036 1995 37 gouvernement, les éclaircissements par écrit, qu’il me demande ; je le supplie de m’envoyer une personne à laquelle je les donnerai, sur

308 2082 1993 36 mon entrée au théâtre des petits appartemens du Roi, en 1747, et ma sortie en 1787, ou 8, par le rôle de Mathurin dans Rose et Colas,

305 2127 1583 36 joué à Beauxregards, pour l’amusement de deux jeunes Princes, que nous avons le bonheur de posséder »...

332 2172 1970 36 On JOINT une p.a.s. de BEAUMESNIL (reçu pour ses appointements, 16 octobre 1780), et une l.a.s. de Saint-Aulaire (spirituel envoi de

308 2217 107 32 billets).

214 2311 2088 41 *24. Maria CALLAS (1923-1977). L.A.S., Milan 9 décembre 1957, à Mr. Seltsam ; 1 page in-4 à son en-tête ; en anglais

309 2361 1994 41 (encadrée avec enveloppe, photographie et médaillon commémoratif ; fortes mouillures affectant le bas de la lettre et la

309 2412 1993 39 signature). 300/350

332 2471 1970 36 Remerciements pour sa bienveillance ; elle espère pouvoir le remercier bientôt de vive voix. Elle regrette qu’il n’ait pas eu de bons

308 2516 1993 37 échos à son sujet mais elle y est habituée. Les critiques ont généralement du mal à la comprendre. Cela prend du temps... Elle signe :

308 2561 409 36 « Maria Meneghini Callas ».

215 2649 2087 47 25. Emmanuel CHABRIER (1841-1894). L.A.S. « Emml », [Vaucottes, près Étretat] Mercredi 11 h. du soir [26 -27 juin

311 2705 1991 41 1878], à SA FEMME ; 12 pages in-8 remplies d’une écriture serrée (bords des deux derniers ff. un peu effrangés avec légers

308 2756 1994 39 manques). 800/1 000

332 2816 1414 31 EXTRAORDINAIRE ET LONGUE LETTRE, RACONTANT AVEC VERVE UNE EXCURSION SUR LA CÔTE NORMANDE.

331 2859 1972 37 Après diverses recommandations à sa femme, notamment sur leur fils Marcel, et déplorations sur leur séparation, il fait le récit de son

308 2905 1993 37 « odyssée à travers les falaises », depuis le départ « à marée descendante, sur les galets et les rochers, en espadrilles, le bâton au poing »,

309 2949 1993 38 jusqu’à la Fontaine aux Mousses ; s’il n’apprécie guère ce paysage de falaises blanchâtres, ni « cet éternel galet qui vous rompt la plante

97 3069 18 30 8
