2480 3188
273 213 1995 37 sont capables de lancer des portraits (Mme Laguerre, Mme Boussarkis, etc.). Et d’autre part, j’ai toutes les peines du monde à trouver

273 258 1963 37 des souscriptions payées pour la Rase au Cœtir violet ». Il n’a pas de quoi payer ses avocats pour son procès qui va s’ouvrir à Castres...

195 353 2072 40 8. Hans BELLMER. 4 L.A.S., Castres ou Carcassonne 1945-1948, à son ami l’éditeur Henri PARISOT ; 1 page in-4 chaque sur

272 404 1995 39 papier rose. 800/1 000

299 462 1966 37 Castres 3 octobre 1945. Il parle de joindre Ginette Conquet par un ami, et demande des précisions sur les 11 dessins et 2 photos.

273 507 1994 36 « Deux lettres d’amour (Anatomie) sont prêtes. Je dois en faire deux autres »... Mardi soir [16 ?]octobre 1945. « Qu’est-ce que deviennent

273 552 1994 37 Simonne Lamblin et Alain GHEERBRANT ? Depuis longtemps je suis sans nouvelles : je les attends impatiemment, car il faut se mettre à

272 594 1994 40 la fabrication du livre. – Il n’est pas exclu qu’ÉLUARD refuse la publication de ses textes. A ce moment-là il s’agit d’en faire d’autres - ou

273 642 1994 37 d’éditer les photos sans textes ? »... Carcassonne 18 juin 1947. « Je n’ai pas oublié les “Lettres de l’Age d’Or” que je vous ai promis. Brün

273 687 1994 37 s’en est occupé. Je viens de relire tout. Je le renvoie à Brün [...]. Je ne sais pas si je pourrai venir maintenant à Paris pour l’Exposition. – Je

272 732 1993 37 n’ai pas de l’argent et je verrai peut-être passer outre la seule chance de me sortir de ce trou mortel de Carcassonne »... 28 octobre 1948.

273 777 1994 37 Il n’a retrouvé qu’une partie des négatifs, mais pense envoyer toute la série (6 x 6) dans une dizaine de jours. « Quant à la reproduction

273 822 1994 37 de Tour menthe-poivrée..., je me suis mis d’accord avec le graveur. – Seriez-vous assez gentil de vous mettre en rapport avec lui et de lui

273 867 311 37 confier l’original ? »...

195 962 2072 40 9. Hans BELLMER. 2 L.A.S., à son ami l’éditeur Henri PARISOT ; 3 et 2 pages in-4 sur papier rose. 500/700

296 1021 1969 36 Parisot lui rendrait un service immense en intervenant auprès de ZERVOS pour récupérer les 13 dessins et des photos de Poupée ;

273 1066 1994 37 Zervos a choisi des dessins en présence de Roger Berger et de Paul ÉLUARD. « Série de dessins illustrés de textes. Il y a au moins deux ou

273 1111 1992 36 trois dessins chez Zervos qui entreraient merveilleusement bien dans cette série. L’un d’eux est fait en collaboration avec Max ERNST.

274 1156 1993 37 [...] j’ai abandonné définitivement l’idée de restreindre cette série aux dessins sur papier marron photographié par Caillet »... Il énumère

273 1201 1993 37 son choix, et prévoit que les écrivains voudront choisir un dessin précis. « Demandez à PAULHAN, à MICHAUX et BATAILLE au sujet des

273 1246 1994 37 dessins sur papier marron de chez vous. Quant à ARP, s’il est d’accord en principe je lui enverrais un dessin, ou plusieurs. Quant aux

272 1291 1995 37 autres GRACQ, FRÉDÉRIQUE, FARDOULIS-LAGRANGE montrez-leur ce que vous avez de moi [...]. Pour Gisèle PRASSINOS également. Et René

273 1336 1992 36 Char »... Il se plaint amèrement de « ce sale entrepreneur en littérature : Seghers » qui a volé dans son Album un dessin pour America...

299 1381 1968 36 Castres mardi soir. GHEERBRANT se trompe : il a la photo voulue, et lui-même, les deux autres. « Si une bombe atomique ou un hasard

273 1426 1994 37 d’ordre individuel abîmerait une, ou toutes ces photos, c’est moi les remplacerait. (...) Ce qui est beaucoup plus grave pour nous, c’est

273 1471 1994 36 que Gheerbrant soudain, a l’idée de me parler de nouveau de 200 expi. de luxe, des Jeux de la Poupée - du “haut luxe”, très cher, en

273 1516 1993 37 supprimant tout cliché, et toute édition typographique. - C. à d. : il ne voudrait faire que 200 expi. avec des photos originales, coloriées

272 1561 1995 37 à la main - et voilà tout. Ne lui dites pas que je vous ai prévenu ! Mais c’est un sale coup. N’ayant plus le sou, il tourne comme le rat

273 1606 1261 37 dans la cage »... Il se plaint encore du chantage exercé par la mère de sa fille Doriane...

1127 1675 288 36 Reproduction page 2

181 1991 997 35 10. Gaston CHAISSAC (1910-1964). L.A.S. avec DESSIN,

274 2041 906 40 [Vix automne 1960 ?], à des « Chers amis » ; 1 page

272 2091 906 40 in-4 au stylo rouge, dessin au verso sur toute la page.

1047 2142 133 29 500/700

296 2200 885 36 Il remercie ses amis de leur « précieuse intervention pour

273 2245 907 37 me délester de ce gros ennui. Tout s’en mêle, l’atmosphère

273 2290 907 37 orageuse, le climat maritime »... Iris CLERT « s’est montrée

273 2335 907 36 entousiaste de mes nombreuses créations de septembre datées

273 2380 907 37 de Vix et elle a semblé agréablement surprise de l’abondance

273 2425 908 36 et la qualité de mon œuvre peinte. J’ai en ce moment en

273 2470 907 37 chantier une grande peinture. Ayant été remplacé auprès de

273 2515 907 37 ma belle-mère j’ai pu peindre en conséquence mais il me faut

273 2560 907 36 me réocuper d’elle, au détriment de mon art »... [C’est en 1960

273 2605 908 37 que Chaissac prend contact avec Iris Clert, qui lui organisera

273 2650 907 37 en octobre 1961 sa première grande exposition personnelle

273 2695 910 37 dans sa galerie du Faubourg Saint-Honoré, intitulée Le monde

268 2740 434 37 fabuleux de Gaston Chaissac.]

296 2785 885 37 Au dos de la lettre, grand DESSIN au stylo rouge d’un

272 2831 281 36 personnage-animal.

2366 3070 15 29 5

2396 211 27 180 Beaux-Arts
