2480 3188
179 213 2021 41 29. Emmanuel CHABRIER. 7 L.A.S. « Emmanuel » ou « Emml », [mars-juin 1889], à SA FEMME ; 15 pages et demie in-8.

2069 265 198 29 1 200/1 500

296 324 1971 31 BEL ENSEMBLE SUR UN CONCERT DE SES ŒUVRES À BORDEAUX, LE SUCCÈS D'ESPAÑA, LES REPRÉSENTATIONS DE GWENDOLINE À KARLSRUHE, ET LE

272 369 278 27 TRAVAIL SUR BRISÉÏS.

297 413 1977 37 [Bordeaux] jeudi [14 mars 1889], « Ce matin, répétition d’orchestre ; grand succès de lecture pour Habanera et la Valse du Roi [malgré

275 458 1992 37 lui]. España marchera à merveille ; j’ai secoué tout ce brave monde ; ce sera beaucoup mieux que je ne croyais. [...] Demain et samedi

272 503 1272 36 nouvelles répétitions d’orchfestre], le matin. La valse du Roi fait un effet du diable »...

296 545 1969 40 [Bordeaux, 24 (?) mars 1889], Il s’inquiète de « la soirée Carnot » (concert à l’Éysée) : « Quant à COLONNE, il a dû jouer España très bien ;

272 593 1995 37 il est trop malin, lui aussi, pour s’exposer à un four avec ce morceau-là. Les cuivres font toujours du bruit dans un salon ; du reste, plus

272 638 1993 37 ils jouaient fort, plus ils atteignaient le but ; – les trombones d’España doivent jouer à pleine volée ; c’eût été de même avec Lamoureux.

273 683 1995 37 – Pour Lamoureux, il faut qu’il me murmure le prélude de Gwendoline ; là, les cuivres seront discrets (il n’y en a pas). [...] s’il veut jouer

273 728 1994 37 d’autres morceaux de moi (Habanera, Sous-Bois, Danse villageoise, &a &a) il le peut. Si je tiens au prélude, c’est afin de souligner qu’on

272 773 1993 37 ne joue pas Gwendoline et qu’on le devrait »... Récit du concert de Bordeaux : « La Danse Slave du Roi, que je conduisais, a été bissée ;

272 818 1995 37 puis j’ai joué, au piano, la Danse villageoise, Idylle et Menuet pompeux ; mais le piano EMBÊTAIT ; c’est trop grand, cette salle ; on s’en

272 863 1993 37 foutait ; je n’ai eu qu’un succès d’estime ; mais le coup était porté avec la Danse slave et je suis enchanté de ma soirée ». Après le concert,

273 908 1992 37 banquet... Il a commandé un piano pour La Membrolle : « mardi matin, la vie fiévreuse aura cessé et je me remettrai à ma petite Briséïs »...

296 953 1971 36 [La Membrolle] Mercredi [27 mars 1889 (?)]. « Ma petite maman, me voilà à ma table de travail ». Diverses courses et affaires... « Il

272 998 1995 37 faut que Mme Lacroix, à Rouen, tranche immédiatement la question Gwendoline ; car, s’il met cet ouvrage à l’étude, Verdhurt, il me

269 1043 1998 37 jouerait à Paris, à la Porte St-Martin, au mois de septembre ; ce serait son plan, il m’en avait parlé [...] Je ne puis compter que sur lui

272 1088 445 36 pour reprendre Gwendoline »...

309 1133 1958 36 [La Membrolle] Mardi 21 mai [18]89. « Bien amusante, la lettre de la louve et de tous les loups et louveteaux. Voilà une occasion

272 1178 1995 37 pour Marcel de me narrer, jeudi, ce qu’il a vu et ce qui l’a frappé dimanche. [...] Je continue à prier Sa Majesté mon cerveau de m’être

273 1223 935 36 secourable. Le loup en chef qui embrasse son pauvre monde »...

296 1267 1971 37 [Karlsruhe] Dimanche [26 mai 1889], « Ça sera superbe, – surtout Melle Mailhac et l’orchestre. Et puis MOTTL est si dévoué ! [...] Ce

273 1313 1994 37 soir, j’entends le Tannhaüser par Mailhac et les autres. Hier, je me suis présenté chez le vieux baron de PUDLITZ le directeur. Il a été

273 1358 1994 36 excessivement aimable [...] Ici, on travaille de 9 h. à 1 h., - puis on fait des siestes pendant l’après-midi, et on retravaille de 5 h. à 9 h. ; à

273 1403 1993 36 cette heure-là, on soupe [...] Mais on est ici d’une moralité, d’un patriarchalisme inouïs. Tout le temps des père et mère avec des flopées

273 1448 1350 36 d’enfants, allant, venant, buvant d’énormes bocks. Tout ce monde-là paraît très heureux »...

296 1493 1971 37 [La Membrolle] Mardi 25 juin [18]89. « Depuis huit jours je ne fiche rien de bon ; ça ne vient pas ; je suis dans un de mes mauvais mo¬

272 1538 1993 37 ments, – alors tu penses si je me fais du mauvais sang ! Oui, j’ai beau me décarcasser, je n’ai pas écrit une note, j’entends une note définitive,

273 1583 1994 37 depuis huit jours. Quel métier ! [...] Demain, j’ai rendez-vous avec le curé de Fondettes qui va me chanter un tas de chants sacrés dont j’ai

273 1628 1994 37 besoin ; ça va me secouer, je l’espère et il le faut. - Tu n’as pas idée comme c’est difficile, cette sacrée Briséïs !! Ah ! ce n’est pas prêt d’être

272 1673 1996 37 fini, je te le garantis ! Je n’ai pas envie de devenir imbécile, et pour cela je serai forcé d’interrompre puis de reprendre un travail aussi long

273 1718 413 36 et aussi compliqué. – Enfin,

272 1763 416 36 le peu qui est fait est bou¬

272 1808 416 37 grement bien ; c’est tou¬

269 1855 162 35 jours ça »...

296 1898 395 32 [La Membrolle] Jeudi 27

268 1943 420 37 juin [18]89. « Ah ! puisqu’on

272 1988 417 37 retape la maison, – non seu¬

271 2016 418 51 lement il faut les peindre,

270 2063 418 50 ces jalousies de malheur,

272 2123 416 28 mais il les faut faire RÉPA¬

272 2168 415 32 RER [...] Demande à Verd¬

272 2213 416 37 hurt si la jeune Gwendoline

273 2258 413 32 de Rouen fait son affaire,

273 2303 415 32 et si Jehin est bel et bien

273 2348 413 32 chef d’orch[estre], [...] Hier,

269 2393 419 37 j’ai travaillé pendant deux

272 2438 416 36 heures avec le petit curé de

273 2483 415 32 Fondettes ; il m’a chanté

273 2528 415 36 des Psaumes superbes, qui

272 2572 416 29 feront merveille au 2d acte

273 2618 184 28 de Briséïs »...

299 2664 387 35 Correspondance (89-20,

273 2709 415 31 89-25, 89-26, 89-41, 89-

272 2754 418 31 46, 89-62, 89-64). Ancienne

275 2799 382 27 collection Francis POULENC.

2357 3069 35 29 13

2396 211 37 337 Musique et Spectacle
