1432 2245
645 24 139 28 - 16 —

204 99 1088 39 grande armée, pour les 4 et 5 mars 1807, pièce aut., 1 p. 1/2

202 136 1093 37 in-fol.; 2°Let. aut. (minute) à Marmont; Wartenburg, 25 sep¬

203 171 1088 38 tembre 1818, 1 p. 1/2 in-fol. 55 »

234 213 1060 35 Lettre importante. Ney rend compte des dispositions qu’il va prendre

204 244 1089 34 pour manœuvrer sur la rive gauche de l’Elbe. « Nous tenons l’ennemi

204 276 1090 35 comme bloqué... l’ennemi a perdu du monde partout. Ce matin, le

205 308 1090 32 canon s'est de nouveau fait entendre sous Wittemberg. Je suis bien

205 341 1090 32 en l’air, et l’ennemi peut d’un moment à l’autre déboucher sur ma

205 371 1091 33 gauche en remontant la Mulde, pour me forcer à la retraite... Les

205 404 1091 32 Prussiens ont beaucoup souffert et ce n’est pas avec 70,000 hommes que

207 434 1089 33 le prince de Suède pourra se hasarder d’aller au-delà de Leipzig, sans

208 464 1088 36 risquer de courir à sa ruine. L’ennemi manœuvre avec la plus grande

206 497 1091 33 circonspection, il craint un engagement général avec l’Empereur, et

206 529 1089 33 l’évitera, à moins que Sa Majesté ne se décide à déboucher prompte¬

210 562 365 31 ment par Wittenberg. »

138 597 1160 38 135 Nodier (Charles), éminent écrivain, de l’Acad. fr., né à

206 634 1087 37 Besançon. — L. a. s.; Paris, 1er avril 1832, 1 p. in-4.

208 670 1089 30 Curieuse. 5 .)

138 711 1163 39 136 Orange (Maurice de Nassau, prince d'), un des plus grands

210 747 1090 39 capitaines de son temps, stathouder des Pays-Bas, fils de

209 783 1090 37 Guillaume-le-Taciturne, né en 1567, mort en 1625. — Pièce

209 819 1088 38 sig.; 1591, 1 p. in-fol. obl. 20 »

140 868 1160 39 137 Philippe V, roi d’Espagne. — L. a. s., en français, à l’Elec¬

210 900 1092 42 teur de Bavière, Madrid, 4 décembre i705, 1 p. in-4. Cachet à

210 941 1089 30 ses armes. Belle lettre. 60 »

142 985 1161 37 138 Proudhon (P.-J.), le célèbre écrivain socialiste. — L. a. s. à

211 1021 1090 38 M. Victor Marchand; Paris, 17 mars 1853, î p. 1/2 in-8. 34 »

241 1064 1061 27 Très-curieuse lettre. Il connaît le livre de Buanorotti et a lu derniè¬

213 1095 1087 34 rement l'Histoire de la conspiration de Babeuf, par un nommé Fleury,

211 1126 1090 34 jeune écrivain de la réaction. Cette histoire n’a fait qu’ajouter à l’opinion

212 1159 1091 32 qu’il avait conçue d’abord, du courage, de la probité et du grand carac¬

213 1189 1089 34 tère de Babeuf et de ses amis. Il croit ne plus rien avoir à apprendre à

213 1220 1090 35 ce point de vue, Il n’en est pas de même pour ce qui concerne le

214 1254 1089 32 système des égaux, et la politique suivie par le célèbre conspirateur

212 1284 1090 34 dans son Orateur du Peuple. A ce propos, il établit une comparaison

214 1316 1089 27 entre la tentative malheureuse de Babeuf et les événements de 1848 d’où

217 1347 1087 33 il tire cette conclusion : Que la révolution sociale manquée en 1848 ne

215 1379 1089 33 reviendra pas par la résurrection des hommes politiques qui l'ont

215 1410 1089 33 manquée. « Il faut la faire surgir à nouveau du fond de la situation

215 1441 1090 33 présente. Si ce n’est pas une loi absolue de l’histoire, c’est au moins

214 1475 594 31 une de ses plus grandes probabilités. »

149 1518 1154 38 139 Proudhon (P.-J.). — Pièce aut., (1844), 17 p. in-f. 17 »

249 1562 1058 31 Mémoire relatif à un différend entre MM. Gauthier frères, entrepre¬

220 1593 1084 31 neurs de transports par eau, à Lyon, MM. Meunier frères et la Compa¬

217 1625 1088 31 gnie d’assurances générales. Proudhon était à cette époque directeur de

220 1656 1085 32 l'entreprise de MM. Gautier, ses amis, et c'est à ce titre qu’il a rédigé

220 1689 181 24 ce mémoire.

150 1732 1158 38 140 Regnard (J.-Fr.), un des meilleurs poètes comiques français

220 1768 1089 37 du XVIIe siècle. — Fragments aut. extraits de ses manuscrits,

220 1805 1087 36 2 p. in-4. 15 »

151 1849 1158 37 141 Renaudin (J .-F.), l’héroïque capitaine du vaisseau Le Vengeur,

222 1885 1087 37 né en Saintonge en 1757, mort en 1809. — Pièce sig.; à bord

222 1921 1088 36 de l’Océan, 19 nivôse an VII, 1 p. in-8. Rare. 30 »

325 2005 819 27 Rouen. — Imprimerie J. Lecerf, rue des Bons-Enfants, 46-48.
