1432 2262
616 38 126 58 - 6 -

111 138 1146 39 34 Coligny (François de Châtillon, comte de), amiral de Guyenne,

165 174 1093 37 célèbre général qui se joignit au parti des mécontents en 1575,

166 210 1093 37 gouverneur de Rouergue et de Montpellier, fils de l'illustre

166 246 1093 42 amiral, né en 1557, mort en 1591. — Let. sig. avec la souscrip.

166 282 1094 36 aut. ; Montpellier, 13 octobre 1589, 1 p. in-fol. Légers raccom¬

167 318 1093 36 modages. Intéressante. 35 »

113 357 1149 36 35 Condorcet (J.-M. de Caritat de), illustre mathématicien, phi¬

167 393 1096 37 losophe et littérateur, conventionnel, de l’Académie française,

168 429 1094 37 né dans l’Aisne en 1743, morten 1794.—L. a. s., 1 p. in-18. 10 »

116 469 1147 39 36 Créquy (François de), célèbre maréchal de France, rival de

169 505 1095 33 Turenne, né vers 1624, mort en 1687.— L. a. s. de son mono¬

171 541 1093 37 gramme à Pellisson; Nancy, 6 décembre 1670, 1 p. in-4. 40 »

210 577 1056 32 Intéressante pièce. Malgré ses nombreuses occupations, il lit ses

171 608 1096 32 lettres avec beaucoup d’agrément: « Saves vous bien qu’il i a une de

174 640 1092 32 vos amies (Mlle de Scudéry), à qui je suis ravi que l'on dise ce qui

172 671 1096 32 m'arrive et ce qui se passe sur mon sujet ». Allusion à la conquête de

175 703 1093 31 la Lorraine : « Comme j'ay assez de courses à faire en Lorraine, je ne

174 733 594 32 suis pas toujours sédentaire à Nanci ».

118 769 1152 37 37 Daudet (Ernest), littérateur et romancier contemporain, né à

173 805 1094 38 Nîmes en 1837. — L. a. s., 1 p. in-8. 4 »

120 846 1149 36 38 Decazes (le duc Elie), célèbre homme d’Etat, premier ministre

175 881 1095 36 de Louis XVIII. — L. a. s. au cardinal Consalvi ; Paris.

179 918 1089 36 17 sept. 1819, 4 p. in-4. 15 »

214 953 1058 31 Très-belle lettre politique dans laquelle il est question du pape

179 985 119 25 Pie VII.

124 1015 1148 37 39 Delacroix (Eug.), célèbre peintre d’histoire, chef de l’école

177 1051 1094 37 romantique. — L. a. s., 3/4 de p. in-8. 5 »

125 1096 1148 37 40 Delaroche (Paul), un des plus célèbres peintres de l’école

178 1132 1096 40 française. — L. a. s. à Edmond Blanc; Rome, 21 nov. 1831,

177 1169 1096 36 3 p. pet. in-4. 20 »

217 1203 1058 33 Superbe lettre de sa jeunesse, dans laquelle il parle de ses travaux

183 1236 1092 32 qui avancent rapidement et dont on doit entretenir M. Thiers. Il le

182 1267 1093 26 félicite chaudement d’avoir donné sa démission. « Au moins vous dor¬

183 1299 1016 31 mirez tranquille, et vous ne serez plus forcé de sourire à Judas. »

128 1338 1147 38 41 Du Chesne (André), savant historien et généalogiste du

179 1374 1098 36 XVIIe siècle, né en Touraine en 1584, mort en 1640. — L. a. s.;

182 1410 1094 36 Paris, 1er décembre 1633, 1 p. in-fol. Rare. 40 »

220 1446 1058 32 Très-belle lettre. Il peut garder « le Livre des lettres escrites au roy

184 1478 1095 33 Louis le Jeune, » qui n'entreront que dans le 3e volume de ses Scrip-

181 1509 1098 32 Historiæ Francorum. « Vous m’avez escrit que vous aviez la mer des

185 1540 1094 32 Histoires en latin mais que M. Labbé auquel vous l’avez prestée en

184 1572 1094 32 a arraché ou retenu quelques cahiers. Vous m’obligerez beaucoup de

184 1603 1094 32 me donner advis jusques à quel temps vient ce qui vous en reste. »

185 1635 677 32 Par là il pourrait combler quelques lacunes.

129 1675 1150 38 42 Dumoulin (Pierre), célèbre théologien calviniste, appelé en

182 1711 1098 37 Angleterre par Jacques 1er pour lequel il composa divers écrits

183 1747 1096 39 apologétiques, né en 1568, mort en 1658. — Quit. aut. sig.;

184 1783 1094 37 Sedan, 25 mars 1637, 1 /2 p. in-18 obl. 20 »

130 1829 1150 36 43 Dupanloup (F.), le célèbre évêque d’Orléans. — L. a. s.;

186 1864 1093 37 17 avril 1849, 1/2 p. in-18. 8 »

222 1900 1059 26 Curieuse lettre relative à sa nomination à l’évêché d’Orléans. « Ne me

185 1932 1098 31 félicitez point : on m’a fait une affreuse violence. Priez pour moi : c’est

184 1964 598 31 tout ce que j’ai la force de vous dire. »

131 2001 1151 38 44 Duperron (Jacques Davy), cardinal, illustre théologien et

183 2037 1098 38 diplomate, né dans les environs de Coutances, le 19 novembre
