1424 2245
671 63 116 27 — 2 -

219 138 1094 36 Grimod de la Reynière dédia son Almanach des Gourmands, né à

220 174 1091 37 Montpellier. — L. a. s. au comte Frochot; Paris, 10 oct. 1812,

222 210 1088 36 1 p. pet. in-4. 6 »

183 245 1127 36 4 Aiguillon (le duc d'), fameux ministre de Louis XV, créature

218 282 1093 37 de la Du Barry. — L. a. s.; Rennes, 8 décembre 1.756, 2 p. 1/2

220 318 1089 28 in-4. 20 »

254 353 1055 31 Lettre historique écrite comme gouverneur de Bretagne. Il vient de

218 385 1091 32 mettre les côtes en état de défense, au cas d’un débarquement des

217 416 1092 32 Anglais; on croit que M. de la Tullaye a quitté Brest pour se rendre

216 447 1093 31 aux Etats de la province et inspecter les batteries de la côte; M. Du

216 479 1094 31 Guay a besoin à Saint-Malo d'un officier intelligent pour surveiller les

217 510 1094 32 armements des corsaires, et la construction des bateaux plats; il pro¬

219 542 442 31 pose le chevalier de Monteils.

181 577 1129 37 5 Amblimont (T.-C.-B. de Fuschamberg, marquis d’), célèbre

218 613 1091 37 marin du siècle de Louis XIV, gouverneur de la Martinique

217 649 1093 44 qu’il défendit contre Ruyter en 1674, compagnon d’armes

217 685 1094 33 rie Jean Bart. né dans les Ardennes en 1642, mort en 1700. —

218 721 1088 36 Quit. sig. avec 5 lig. aut. sur vélin; 1693, 2 p. in-8 obl.

220 756 1090 29 Rare. 20 »

182 792 1129 37 6 Anne d’Autriche, reine de France. — Let. sig. avec la

217 828 1093 36 souscription aut. (à l’Electrice de Hesse-Cassel); Paris, 13 juin

222 864 1089 36 1651, 1 p. 1 /2 in-f. 40 »

255 899 1056 32 Belle lettre historique par laquelle elle s’engage à lui payer le reste

219 931 1092 31 des subsides qui lui sont dus « dès que je ver ray les choses mieux

217 962 1094 32 establies, à quoy je travaille incessamment ». (On sait que l’Electrice de

216 994 1094 32 Hesse-Cassel resta fidèle à la France durant la guerre de Trente ans.)

184 1034 1127 36 7 Anne, reine de Pologne, femme d’Etienne Bathori, fille

219 1070 1088 37 de Sigismond Ier et de Bonne Sforce, morte en 1596. — Let.

218 1105 1093 37 sig., en latin, au roi d’Espagne Philippe II; Varsovie, 16 fé¬

217 1141 1088 37 vrier 1590, 1 p. pl. in-fol. Sceau parfaitement conservé.

222 1178 1088 29 Très-rare. 50 »

253 1213 1058 32 Superbe et importante lettre. Elle réclame la pension qui lui a été

218 1243 1091 33 assignée sur le royaume de Naples. Elle avait accepté il y a huit ans,

220 1276 1091 31 une très-forte réduction; par chaque centaine de ducats, elle devait en

220 1307 1090 31 recevoir huit; elle tient compte de la pénurie du trésor royal, mais son

219 1339 1093 31 autorité se trouve affaiblie et elle ne peut remplir les engagements

221 1371 621 33 qu’elle avait contractés en son royaume.

184 1405 1127 37 8 Anne d’Autriche, fille de Don Juan, abbesse àBurgos, morte

220 1440 1091 38 en 1630. — L. a. s. à Philippe II; 10 juin 1594, 1 p. in-f. 30 »

254 1477 1058 31 Belle lettre. Les occupations de la vie religieuse, son isolement l’ont

220 1508 1093 34 empêché de répondre plus tôt au roi; elle lui recommande, pour

219 1540 940 31 un office vacant, son beau-frère (mari de Jeanne d’Autriche).

182 1575 1131 38 9 Argenson (R.-L., marquis d’), célèbre homme d’Etat et écri¬

217 1611 1095 41 vain, une des figures les plus originales du XVIIIe siècle,

219 1647 1094 36 membre de l’Académie des Inscriptions, auteur de curieux

217 1683 1094 36 Mémoires, né en 1694, mort en 1757. — L. a. s. à l’évêque

219 1718 1089 38 d’Auxerre (M. de Caylus); Paris, 21 fév. 1747, 1 p. 1/2 pet.

221 1756 1090 29 in-4. 15 »

248 1788 1064 35 Curieuse lettre écrite cinq semaines après sa retraite du ministère. Il

214 1821 1099 34 fait un piquant tableau de la société au milieu de laquelle il vit et juge

215 1853 1097 32 très-sévèrement ses contemporains. « Ce n’est pas selon moy l’ignorance

216 1882 1097 37 qui rend aujourd’huy les hommes irreligieux, c’est le déguisement des

215 1914 1098 36 passions et des vices qui les animent: on croyt suivre l’honneur quand

216 1946 1096 35 on n’est inspiré crue par l’orgueil et l’avarice; on ne place la décence

216 1978 1097 41 que dans la ruine, l’esprit et l’habileté que dans l’irrévérence et

217 2004 179 40 l'intrigue ».

161 2039 1152 41 10 Argental (C.-A. de Fériol, comte d’), l’ami de Voltaire,
