<?xml version="1.0" encoding="UTF-8"?>
<alto xmlns:xsi="http://www.w3.org/2001/XMLSchema-instance"
      xmlns="http://www.loc.gov/standards/alto/ns-v2#"
      xmlns:page="http://schema.primaresearch.org/PAGE/gts/pagecontent/2013-07-15"
      xsi:schemaLocation="http://www.loc.gov/standards/alto/ns-v2# http://www.loc.gov/standards/alto/alto.xsd">
   <Description>
      <MeasurementUnit>pixel</MeasurementUnit>
      <OCRProcessing ID="IdOcr">
         <ocrProcessingStep>
            <processingDateTime>2020-11-01T17:54:49.525+01:00</processingDateTime>
            <processingSoftware>
               <softwareCreator>READ COOP</softwareCreator>
               <softwareName>Transkribus</softwareName>
            </processingSoftware>
         </ocrProcessingStep>
      </OCRProcessing>
   </Description>
   <Layout>
      <Page ID="Page1" PHYSICAL_IMG_NR="1" HEIGHT="2315" WIDTH="1424">
         <TopMargin HEIGHT="80" WIDTH="1424" VPOS="0" HPOS="0"/>
         <LeftMargin HEIGHT="2032" WIDTH="138" VPOS="80" HPOS="0"/>
         <RightMargin HEIGHT="2032" WIDTH="119" VPOS="80" HPOS="1305"/>
         <BottomMargin HEIGHT="203" WIDTH="1424" VPOS="2112" HPOS="0"/>
         <PrintSpace HEIGHT="2032" WIDTH="1167" VPOS="80" HPOS="138">
            <TextBlock ID="r_1_1" HEIGHT="28" WIDTH="138" VPOS="85" HPOS="640">
               <Shape>
                  <Polygon POINTS="640,85 778,85 778,113 640,113"/>
               </Shape>
               <TextLine ID="tl_1"
                         BASELINE="112"
                         HEIGHT="26"
                         WIDTH="136"
                         VPOS="86"
                         HPOS="641">
                  <String ID="string_tl_1"
                          HEIGHT="26"
                          WIDTH="136"
                          VPOS="86"
                          HPOS="641"
                          CONTENT="- 11 -"/>
               </TextLine>
            </TextBlock>
            <TextBlock ID="r_2_1" HEIGHT="77" WIDTH="1095" VPOS="156" HPOS="197">
               <Shape>
                  <Polygon POINTS="197,156 1292,156 1292,233 197,233"/>
               </Shape>
               <TextLine ID="tl_2"
                         BASELINE="198"
                         HEIGHT="41"
                         WIDTH="1092"
                         VPOS="157"
                         HPOS="199">
                  <String ID="string_tl_2"
                          HEIGHT="41"
                          WIDTH="1092"
                          VPOS="157"
                          HPOS="199"
                          CONTENT="l’Académie de Prancher, qui assista aussi au synode de Dor¬"/>
               </TextLine>
               <TextLine ID="tl_3"
                         BASELINE="232"
                         HEIGHT="39"
                         WIDTH="1092"
                         VPOS="193"
                         HPOS="198">
                  <String ID="string_tl_3"
                          HEIGHT="39"
                          WIDTH="1092"
                          VPOS="193"
                          HPOS="198"
                          CONTENT="drecht); Leyde, 10 oct. 1607, 1 p. in-f. 20 »"/>
               </TextLine>
            </TextBlock>
            <TextBlock ID="r_2_2" HEIGHT="99" WIDTH="1097" VPOS="228" HPOS="197">
               <Shape>
                  <Polygon POINTS="197,228 1294,228 1294,327 197,327"/>
               </Shape>
               <TextLine ID="tl_4"
                         BASELINE="263"
                         HEIGHT="34"
                         WIDTH="1058"
                         VPOS="229"
                         HPOS="235">
                  <String ID="string_tl_4"
                          HEIGHT="34"
                          WIDTH="1058"
                          VPOS="229"
                          HPOS="235"
                          CONTENT="Belle pièce. Il a remis sa lettre à Pierre Bertius ; il lui parle d'élec¬"/>
               </TextLine>
               <TextLine ID="tl_5"
                         BASELINE="295"
                         HEIGHT="34"
                         WIDTH="1094"
                         VPOS="261"
                         HPOS="198">
                  <String ID="string_tl_5"
                          HEIGHT="34"
                          WIDTH="1094"
                          VPOS="261"
                          HPOS="198"
                          CONTENT="tions relatives à l’Académie de Francher. A Leyde, on ne veut pas des"/>
               </TextLine>
               <TextLine ID="tl_6"
                         BASELINE="326"
                         HEIGHT="34"
                         WIDTH="607"
                         VPOS="292"
                         HPOS="199">
                  <String ID="string_tl_6"
                          HEIGHT="34"
                          WIDTH="607"
                          VPOS="292"
                          HPOS="199"
                          CONTENT="Français, on les trouve trop bouillants."/>
               </TextLine>
            </TextBlock>
            <TextBlock ID="r_2_3" HEIGHT="149" WIDTH="1149" VPOS="322" HPOS="144">
               <Shape>
                  <Polygon POINTS="144,322 1293,322 1293,471 144,471"/>
               </Shape>
               <TextLine ID="tl_7"
                         BASELINE="365"
                         HEIGHT="42"
                         WIDTH="1147"
                         VPOS="323"
                         HPOS="145">
                  <String ID="string_tl_7"
                          HEIGHT="42"
                          WIDTH="1147"
                          VPOS="323"
                          HPOS="145"
                          CONTENT="82 Hotman (François), célèbre jurisconsulte et publiciste fran¬"/>
               </TextLine>
               <TextLine ID="tl_8"
                         BASELINE="397"
                         HEIGHT="37"
                         WIDTH="1092"
                         VPOS="360"
                         HPOS="198">
                  <String ID="string_tl_8"
                          HEIGHT="37"
                          WIDTH="1092"
                          VPOS="360"
                          HPOS="198"
                          CONTENT="çais du XVIe siècle, né en 1524, mort en 1590. — L. a. s., en"/>
               </TextLine>
               <TextLine ID="tl_9"
                         BASELINE="434"
                         HEIGHT="37"
                         WIDTH="1091"
                         VPOS="397"
                         HPOS="200">
                  <String ID="string_tl_9"
                          HEIGHT="37"
                          WIDTH="1091"
                          VPOS="397"
                          HPOS="200"
                          CONTENT="latin, à Jean de Clanbourg, jurisconsulte à Francfort; Bâle,"/>
               </TextLine>
               <TextLine ID="tl_10"
                         BASELINE="470"
                         HEIGHT="38"
                         WIDTH="1092"
                         VPOS="432"
                         HPOS="198">
                  <String ID="string_tl_10"
                          HEIGHT="38"
                          WIDTH="1092"
                          VPOS="432"
                          HPOS="198"
                          CONTENT="29 mars 1579, 1 p. in-f. Légers raccommodages. Rare. 35 »"/>
               </TextLine>
            </TextBlock>
            <TextBlock ID="r_2_4" HEIGHT="42" WIDTH="1148" VPOS="466" HPOS="145">
               <Shape>
                  <Polygon POINTS="145,466 1293,466 1293,508 145,508"/>
               </Shape>
               <TextLine ID="tl_11"
                         BASELINE="507"
                         HEIGHT="40"
                         WIDTH="1146"
                         VPOS="467"
                         HPOS="146">
                  <String ID="string_tl_11"
                          HEIGHT="40"
                          WIDTH="1146"
                          VPOS="467"
                          HPOS="146"
                          CONTENT="83 Huber (Michel), fécond littérateur, qui traduisit en français"/>
               </TextLine>
            </TextBlock>
            <TextBlock ID="r_2_5" HEIGHT="71" WIDTH="1094" VPOS="498" HPOS="198">
               <Shape>
                  <Polygon POINTS="198,498 1292,498 1292,569 198,569"/>
               </Shape>
               <TextLine ID="tl_12"
                         BASELINE="541"
                         HEIGHT="42"
                         WIDTH="1089"
                         VPOS="499"
                         HPOS="199">
                  <String ID="string_tl_12"
                          HEIGHT="42"
                          WIDTH="1089"
                          VPOS="499"
                          HPOS="199"
                          CONTENT="Lessing, Gessner, Winckelmann, etc., né en 1775, 3 p. in-4."/>
               </TextLine>
               <TextLine ID="tl_13"
                         BASELINE="568"
                         HEIGHT="27"
                         WIDTH="1092"
                         VPOS="541"
                         HPOS="199">
                  <String ID="string_tl_13"
                          HEIGHT="27"
                          WIDTH="1092"
                          VPOS="541"
                          HPOS="199"
                          CONTENT="Rare. 15 »"/>
               </TextLine>
            </TextBlock>
            <TextBlock ID="r_2_6" HEIGHT="64" WIDTH="1096" VPOS="575" HPOS="199">
               <Shape>
                  <Polygon POINTS="199,575 1295,575 1295,639 199,639"/>
               </Shape>
               <TextLine ID="tl_14"
                         BASELINE="608"
                         HEIGHT="32"
                         WIDTH="1063"
                         VPOS="576"
                         HPOS="231">
                  <String ID="string_tl_14"
                          HEIGHT="32"
                          WIDTH="1063"
                          VPOS="576"
                          HPOS="231"
                          CONTENT="Il lui envoie le premier volume de sa traduction des Réflexions sur"/>
               </TextLine>
               <TextLine ID="tl_15"
                         BASELINE="638"
                         HEIGHT="31"
                         WIDTH="387"
                         VPOS="607"
                         HPOS="200">
                  <String ID="string_tl_15"
                          HEIGHT="31"
                          WIDTH="387"
                          VPOS="607"
                          HPOS="200"
                          CONTENT="la peinture. d'Hagedorn."/>
               </TextLine>
            </TextBlock>
            <TextBlock ID="r_2_7" HEIGHT="40" WIDTH="1149" VPOS="636" HPOS="145">
               <Shape>
                  <Polygon POINTS="145,636 1294,636 1294,676 145,676"/>
               </Shape>
               <TextLine ID="tl_16"
                         BASELINE="675"
                         HEIGHT="38"
                         WIDTH="1147"
                         VPOS="637"
                         HPOS="146">
                  <String ID="string_tl_16"
                          HEIGHT="38"
                          WIDTH="1147"
                          VPOS="637"
                          HPOS="146"
                          CONTENT="84 Hume (David), illustre philosophe anglais, un des plus célèbres"/>
               </TextLine>
            </TextBlock>
            <TextBlock ID="r_2_8" HEIGHT="146" WIDTH="1095" VPOS="673" HPOS="198">
               <Shape>
                  <Polygon POINTS="198,673 1293,673 1293,819 198,819"/>
               </Shape>
               <TextLine ID="tl_17"
                         BASELINE="708"
                         HEIGHT="34"
                         WIDTH="1090"
                         VPOS="674"
                         HPOS="199">
                  <String ID="string_tl_17"
                          HEIGHT="34"
                          WIDTH="1090"
                          VPOS="674"
                          HPOS="199"
                          CONTENT="écrivains du XVIIIe siècle, né en 1711, mort en 1776.— L. a. s."/>
               </TextLine>
               <TextLine ID="tl_18"
                         BASELINE="747"
                         HEIGHT="37"
                         WIDTH="1092"
                         VPOS="710"
                         HPOS="200">
                  <String ID="string_tl_18"
                          HEIGHT="37"
                          WIDTH="1092"
                          VPOS="710"
                          HPOS="200"
                          CONTENT="à M. de Brandt, premier écuyer du prince royal de Prusse;"/>
               </TextLine>
               <TextLine ID="tl_19"
                         BASELINE="783"
                         HEIGHT="38"
                         WIDTH="1092"
                         VPOS="745"
                         HPOS="200">
                  <String ID="string_tl_19"
                          HEIGHT="38"
                          WIDTH="1092"
                          VPOS="745"
                          HPOS="200"
                          CONTENT="Edimbourg, 27 février 1757, 1 p. 1/2 in-f. Cachet. Légers rac¬"/>
               </TextLine>
               <TextLine ID="tl_20"
                         BASELINE="818"
                         HEIGHT="36"
                         WIDTH="1091"
                         VPOS="782"
                         HPOS="199">
                  <String ID="string_tl_20"
                          HEIGHT="36"
                          WIDTH="1091"
                          VPOS="782"
                          HPOS="199"
                          CONTENT="commodages. 150 »"/>
               </TextLine>
            </TextBlock>
            <TextBlock ID="r_2_9" HEIGHT="191" WIDTH="1098" VPOS="816" HPOS="196">
               <Shape>
                  <Polygon POINTS="196,816 1294,816 1294,1007 196,1007"/>
               </Shape>
               <TextLine ID="tl_21"
                         BASELINE="849"
                         HEIGHT="32"
                         WIDTH="1064"
                         VPOS="817"
                         HPOS="229">
                  <String ID="string_tl_21"
                          HEIGHT="32"
                          WIDTH="1064"
                          VPOS="817"
                          HPOS="229"
                          CONTENT="Précieuse lettre. Il a le dessein de publier ses dissertations de l'hiver"/>
               </TextLine>
               <TextLine ID="tl_22"
                         BASELINE="881"
                         HEIGHT="32"
                         WIDTH="1093"
                         VPOS="849"
                         HPOS="199">
                  <String ID="string_tl_22"
                          HEIGHT="32"
                          WIDTH="1093"
                          VPOS="849"
                          HPOS="199"
                          CONTENT="précédent; elles traitent de l'histoire, de la religion, des passions, de la"/>
               </TextLine>
               <TextLine ID="tl_23"
                         BASELINE="912"
                         HEIGHT="32"
                         WIDTH="1096"
                         VPOS="880"
                         HPOS="197">
                  <String ID="string_tl_23"
                          HEIGHT="32"
                          WIDTH="1096"
                          VPOS="880"
                          HPOS="197"
                          CONTENT="tragédie; il s’y mêle un peu de politique. Il le félicite de conserver ses"/>
               </TextLine>
               <TextLine ID="tl_24"
                         BASELINE="943"
                         HEIGHT="31"
                         WIDTH="1095"
                         VPOS="912"
                         HPOS="198">
                  <String ID="string_tl_24"
                          HEIGHT="31"
                          WIDTH="1095"
                          VPOS="912"
                          HPOS="198"
                          CONTENT="goûts philosophiques au milieu du bruit des armes, en pleine guerre de"/>
               </TextLine>
               <TextLine ID="tl_25"
                         BASELINE="974"
                         HEIGHT="31"
                         WIDTH="1093"
                         VPOS="943"
                         HPOS="199">
                  <String ID="string_tl_25"
                          HEIGHT="31"
                          WIDTH="1093"
                          VPOS="943"
                          HPOS="199"
                          CONTENT="sept ans. Frédéric II se montre à la fois grand général et savant esti¬"/>
               </TextLine>
               <TextLine ID="tl_26"
                         BASELINE="1006"
                         HEIGHT="31"
                         WIDTH="488"
                         VPOS="975"
                         HPOS="201">
                  <String ID="string_tl_26"
                          HEIGHT="31"
                          WIDTH="488"
                          VPOS="975"
                          HPOS="201"
                          CONTENT="mable aux côtés de Maupertuis."/>
               </TextLine>
            </TextBlock>
            <TextBlock ID="r_2_10" HEIGHT="39" WIDTH="1150" VPOS="1004" HPOS="143">
               <Shape>
                  <Polygon POINTS="143,1004 1293,1004 1293,1043 143,1043"/>
               </Shape>
               <TextLine ID="tl_27"
                         BASELINE="1042"
                         HEIGHT="37"
                         WIDTH="1148"
                         VPOS="1005"
                         HPOS="144">
                  <String ID="string_tl_27"
                          HEIGHT="37"
                          WIDTH="1148"
                          VPOS="1005"
                          HPOS="144"
                          CONTENT="85 Isabelle-Claire-Eugénie, fille de Philippe II et d’Elisabeth de"/>
               </TextLine>
            </TextBlock>
            <TextBlock ID="r_2_11"
                       HEIGHT="146"
                       WIDTH="1099"
                       VPOS="1040"
                       HPOS="196">
               <Shape>
                  <Polygon POINTS="196,1040 1295,1040 1295,1186 196,1186"/>
               </Shape>
               <TextLine ID="tl_28"
                         BASELINE="1075"
                         HEIGHT="34"
                         WIDTH="1097"
                         VPOS="1041"
                         HPOS="197">
                  <String ID="string_tl_28"
                          HEIGHT="34"
                          WIDTH="1097"
                          VPOS="1041"
                          HPOS="197"
                          CONTENT="France, tante de la reine Anne d’Autriche, femme de l’archi¬"/>
               </TextLine>
               <TextLine ID="tl_29"
                         BASELINE="1114"
                         HEIGHT="37"
                         WIDTH="1093"
                         VPOS="1077"
                         HPOS="198">
                  <String ID="string_tl_29"
                          HEIGHT="37"
                          WIDTH="1093"
                          VPOS="1077"
                          HPOS="198"
                          CONTENT="duc Albert, célèbre gouvernante des Pays-Bas. — Let. sig. en"/>
               </TextLine>
               <TextLine ID="tl_30"
                         BASELINE="1152"
                         HEIGHT="39"
                         WIDTH="1096"
                         VPOS="1113"
                         HPOS="198">
                  <String ID="string_tl_30"
                          HEIGHT="39"
                          WIDTH="1096"
                          VPOS="1113"
                          HPOS="198"
                          CONTENT="français, au duc de Lorraine; Bruxelles, 5 août 1621, 1 p. 1/2"/>
               </TextLine>
               <TextLine ID="tl_31"
                         BASELINE="1185"
                         HEIGHT="41"
                         WIDTH="1094"
                         VPOS="1144"
                         HPOS="199">
                  <String ID="string_tl_31"
                          HEIGHT="41"
                          WIDTH="1094"
                          VPOS="1144"
                          HPOS="199"
                          CONTENT="in-f. Sceau. Belle pièce. 6 »"/>
               </TextLine>
            </TextBlock>
            <TextBlock ID="r_2_12" HEIGHT="38" WIDTH="1153" VPOS="1183" HPOS="144">
               <Shape>
                  <Polygon POINTS="144,1183 1297,1183 1297,1221 144,1221"/>
               </Shape>
               <TextLine ID="tl_32"
                         BASELINE="1220"
                         HEIGHT="36"
                         WIDTH="1151"
                         VPOS="1184"
                         HPOS="145">
                  <String ID="string_tl_32"
                          HEIGHT="36"
                          WIDTH="1151"
                          VPOS="1184"
                          HPOS="145"
                          CONTENT="86 Jean II, roi de Castille, fils de Henri III, prince célèbre par"/>
               </TextLine>
            </TextBlock>
            <TextBlock ID="r_2_13"
                       HEIGHT="138"
                       WIDTH="1099"
                       VPOS="1219"
                       HPOS="197">
               <Shape>
                  <Polygon POINTS="197,1219 1296,1219 1296,1357 197,1357"/>
               </Shape>
               <TextLine ID="tl_33"
                         BASELINE="1260"
                         HEIGHT="40"
                         WIDTH="1096"
                         VPOS="1220"
                         HPOS="199">
                  <String ID="string_tl_33"
                          HEIGHT="40"
                          WIDTH="1096"
                          VPOS="1220"
                          HPOS="199"
                          CONTENT="ses vertus et son courage militaire, qui répandit parmi ses"/>
               </TextLine>
               <TextLine ID="tl_34"
                         BASELINE="1293"
                         HEIGHT="37"
                         WIDTH="1096"
                         VPOS="1256"
                         HPOS="198">
                  <String ID="string_tl_34"
                          HEIGHT="37"
                          WIDTH="1096"
                          VPOS="1256"
                          HPOS="198"
                          CONTENT="sujets le goût de la poésie et de la culture intellectuelle, né"/>
               </TextLine>
               <TextLine ID="tl_35"
                         BASELINE="1329"
                         HEIGHT="38"
                         WIDTH="1091"
                         VPOS="1291"
                         HPOS="200">
                  <String ID="string_tl_35"
                          HEIGHT="38"
                          WIDTH="1091"
                          VPOS="1291"
                          HPOS="200"
                          CONTENT="en 1405, mort en 1454. — Pièce sig.; janvier 1447, 1 p. in-fol."/>
               </TextLine>
               <TextLine ID="tl_36"
                         BASELINE="1356"
                         HEIGHT="29"
                         WIDTH="1092"
                         VPOS="1327"
                         HPOS="201">
                  <String ID="string_tl_36"
                          HEIGHT="29"
                          WIDTH="1092"
                          VPOS="1327"
                          HPOS="201"
                          CONTENT="Très-rare. 70 »"/>
               </TextLine>
            </TextBlock>
            <TextBlock ID="r_2_14" HEIGHT="34" WIDTH="750" VPOS="1362" HPOS="234">
               <Shape>
                  <Polygon POINTS="234,1362 984,1362 984,1396 234,1396"/>
               </Shape>
               <TextLine ID="tl_37"
                         BASELINE="1395"
                         HEIGHT="32"
                         WIDTH="748"
                         VPOS="1363"
                         HPOS="235">
                  <String ID="string_tl_37"
                          HEIGHT="32"
                          WIDTH="748"
                          VPOS="1363"
                          HPOS="235"
                          CONTENT="Privilège accordé au comte Fernand de Cordova."/>
               </TextLine>
            </TextBlock>
            <TextBlock ID="r_2_15" HEIGHT="38" WIDTH="1152" VPOS="1393" HPOS="145">
               <Shape>
                  <Polygon POINTS="145,1393 1297,1393 1297,1431 145,1431"/>
               </Shape>
               <TextLine ID="tl_38"
                         BASELINE="1430"
                         HEIGHT="36"
                         WIDTH="1150"
                         VPOS="1394"
                         HPOS="146">
                  <String ID="string_tl_38"
                          HEIGHT="36"
                          WIDTH="1150"
                          VPOS="1394"
                          HPOS="146"
                          CONTENT="87 Jeanne d’Orléans, comtesse de Taillebourg et d’Angoulême,"/>
               </TextLine>
            </TextBlock>
            <TextBlock ID="r_2_16"
                       HEIGHT="139"
                       WIDTH="1100"
                       VPOS="1429"
                       HPOS="198">
               <Shape>
                  <Polygon POINTS="198,1429 1298,1429 1298,1568 198,1568"/>
               </Shape>
               <TextLine ID="tl_39"
                         BASELINE="1469"
                         HEIGHT="39"
                         WIDTH="1097"
                         VPOS="1430"
                         HPOS="199">
                  <String ID="string_tl_39"
                          HEIGHT="39"
                          WIDTH="1097"
                          VPOS="1430"
                          HPOS="199"
                          CONTENT="duchesse de Valois, tante de François Ier, fille de Jean, comte"/>
               </TextLine>
               <TextLine ID="tl_40"
                         BASELINE="1503"
                         HEIGHT="42"
                         WIDTH="1095"
                         VPOS="1461"
                         HPOS="201">
                  <String ID="string_tl_40"
                          HEIGHT="42"
                          WIDTH="1095"
                          VPOS="1461"
                          HPOS="201"
                          CONTENT="d’Angoulême, femme de Charles, baron de Coëtivy, morte en"/>
               </TextLine>
               <TextLine ID="tl_41"
                         BASELINE="1540"
                         HEIGHT="39"
                         WIDTH="1094"
                         VPOS="1501"
                         HPOS="203">
                  <String ID="string_tl_41"
                          HEIGHT="39"
                          WIDTH="1094"
                          VPOS="1501"
                          HPOS="203"
                          CONTENT="1520. — Pièce sig. sur vélin; Blois, 20 janv. 1518, 1 p. double"/>
               </TextLine>
               <TextLine ID="tl_42"
                         BASELINE="1567"
                         HEIGHT="30"
                         WIDTH="1094"
                         VPOS="1537"
                         HPOS="202">
                  <String ID="string_tl_42"
                          HEIGHT="30"
                          WIDTH="1094"
                          VPOS="1537"
                          HPOS="202"
                          CONTENT="in-4 obl. Rare. 20 »"/>
               </TextLine>
            </TextBlock>
            <TextBlock ID="r_2_17" HEIGHT="41" WIDTH="1154" VPOS="1571" HPOS="146">
               <Shape>
                  <Polygon POINTS="146,1571 1300,1571 1300,1612 146,1612"/>
               </Shape>
               <TextLine ID="tl_43"
                         BASELINE="1611"
                         HEIGHT="39"
                         WIDTH="1152"
                         VPOS="1572"
                         HPOS="147">
                  <String ID="string_tl_43"
                          HEIGHT="39"
                          WIDTH="1152"
                          VPOS="1572"
                          HPOS="147"
                          CONTENT="88 Judith (Julie), célèbre comédienne du Théâtre-Français. —"/>
               </TextLine>
            </TextBlock>
            <TextBlock ID="r_2_18" HEIGHT="39" WIDTH="1099" VPOS="1608" HPOS="198">
               <Shape>
                  <Polygon POINTS="198,1608 1297,1608 1297,1647 198,1647"/>
               </Shape>
               <TextLine ID="tl_44"
                         BASELINE="1646"
                         HEIGHT="37"
                         WIDTH="1097"
                         VPOS="1609"
                         HPOS="199">
                  <String ID="string_tl_44"
                          HEIGHT="37"
                          WIDTH="1097"
                          VPOS="1609"
                          HPOS="199"
                          CONTENT="L. a. s. à Emile de Girardin, 1 p. in-8. Curieuse. 4 »"/>
               </TextLine>
            </TextBlock>
            <TextBlock ID="r_2_19" HEIGHT="39" WIDTH="1152" VPOS="1643" HPOS="146">
               <Shape>
                  <Polygon POINTS="146,1643 1298,1643 1298,1682 146,1682"/>
               </Shape>
               <TextLine ID="tl_45"
                         BASELINE="1681"
                         HEIGHT="37"
                         WIDTH="1150"
                         VPOS="1644"
                         HPOS="147">
                  <String ID="string_tl_45"
                          HEIGHT="37"
                          WIDTH="1150"
                          VPOS="1644"
                          HPOS="147"
                          CONTENT="89 Jussieu (Ant.-Laurent de), neveu de Bernard et le continua¬"/>
               </TextLine>
            </TextBlock>
            <TextBlock ID="r_2_20" HEIGHT="75" WIDTH="1097" VPOS="1680" HPOS="199">
               <Shape>
                  <Polygon POINTS="199,1680 1296,1680 1296,1755 199,1755"/>
               </Shape>
               <TextLine ID="tl_46"
                         BASELINE="1718"
                         HEIGHT="37"
                         WIDTH="1092"
                         VPOS="1681"
                         HPOS="200">
                  <String ID="string_tl_46"
                          HEIGHT="37"
                          WIDTH="1092"
                          VPOS="1681"
                          HPOS="200"
                          CONTENT="teur de ses découvertes de botanique, né à Lyon. — L. a. s."/>
               </TextLine>
               <TextLine ID="tl_47"
                         BASELINE="1754"
                         HEIGHT="39"
                         WIDTH="1091"
                         VPOS="1715"
                         HPOS="204">
                  <String ID="string_tl_47"
                          HEIGHT="39"
                          WIDTH="1091"
                          VPOS="1715"
                          HPOS="204"
                          CONTENT="à Jacques Laffitte; 14 novembre 1830, 1 p. in-4. 15 »"/>
               </TextLine>
            </TextBlock>
            <TextBlock ID="r_2_21" HEIGHT="40" WIDTH="1153" VPOS="1750" HPOS="146">
               <Shape>
                  <Polygon POINTS="146,1750 1299,1750 1299,1790 146,1790"/>
               </Shape>
               <TextLine ID="tl_48"
                         BASELINE="1789"
                         HEIGHT="38"
                         WIDTH="1151"
                         VPOS="1751"
                         HPOS="147">
                  <String ID="string_tl_48"
                          HEIGHT="38"
                          WIDTH="1151"
                          VPOS="1751"
                          HPOS="147"
                          CONTENT="90 Keith (lord George), dit Mylord Maréchal, gouverneur de la"/>
               </TextLine>
            </TextBlock>
            <TextBlock ID="r_2_22"
                       HEIGHT="112"
                       WIDTH="1099"
                       VPOS="1786"
                       HPOS="200">
               <Shape>
                  <Polygon POINTS="200,1786 1299,1786 1299,1898 200,1898"/>
               </Shape>
               <TextLine ID="tl_49"
                         BASELINE="1825"
                         HEIGHT="38"
                         WIDTH="1096"
                         VPOS="1787"
                         HPOS="202">
                  <String ID="string_tl_49"
                          HEIGHT="38"
                          WIDTH="1096"
                          VPOS="1787"
                          HPOS="202"
                          CONTENT="principauté de Neuchâtel, célèbre par ses relations avec J.-J."/>
               </TextLine>
               <TextLine ID="tl_50"
                         BASELINE="1861"
                         HEIGHT="38"
                         WIDTH="1097"
                         VPOS="1823"
                         HPOS="201">
                  <String ID="string_tl_50"
                          HEIGHT="38"
                          WIDTH="1097"
                          VPOS="1823"
                          HPOS="201"
                          CONTENT="Rousseau, qui l’appelait son père. — Let. sig., en français;"/>
               </TextLine>
               <TextLine ID="tl_51"
                         BASELINE="1897"
                         HEIGHT="37"
                         WIDTH="1094"
                         VPOS="1860"
                         HPOS="202">
                  <String ID="string_tl_51"
                          HEIGHT="37"
                          WIDTH="1094"
                          VPOS="1860"
                          HPOS="202"
                          CONTENT="Neuchâtel, 21 novembre 1757, 2 p. in-4. 25 »"/>
               </TextLine>
            </TextBlock>
            <TextBlock ID="r_2_23" HEIGHT="28" WIDTH="829" VPOS="1895" HPOS="232">
               <Shape>
                  <Polygon POINTS="232,1895 1061,1895 1061,1923 232,1923"/>
               </Shape>
               <TextLine ID="tl_52"
                         BASELINE="1922"
                         HEIGHT="26"
                         WIDTH="827"
                         VPOS="1896"
                         HPOS="233">
                  <String ID="string_tl_52"
                          HEIGHT="26"
                          WIDTH="827"
                          VPOS="1896"
                          HPOS="233"
                          CONTENT="Curieuse lettre sur l'affaire d'une demoiselle Groulart."/>
               </TextLine>
            </TextBlock>
            <TextBlock ID="r_2_24" HEIGHT="38" WIDTH="1152" VPOS="1926" HPOS="146">
               <Shape>
                  <Polygon POINTS="146,1926 1298,1926 1298,1964 146,1964"/>
               </Shape>
               <TextLine ID="tl_53"
                         BASELINE="1963"
                         HEIGHT="36"
                         WIDTH="1150"
                         VPOS="1927"
                         HPOS="147">
                  <String ID="string_tl_53"
                          HEIGHT="36"
                          WIDTH="1150"
                          VPOS="1927"
                          HPOS="147"
                          CONTENT="91 Kinglake (A.-W.), célèbre historien anglais contemporain,"/>
               </TextLine>
            </TextBlock>
            <TextBlock ID="r_2_25" HEIGHT="38" WIDTH="1096" VPOS="1962" HPOS="201">
               <Shape>
                  <Polygon POINTS="201,1962 1297,1962 1297,2000 201,2000"/>
               </Shape>
               <TextLine ID="tl_54"
                         BASELINE="1999"
                         HEIGHT="36"
                         WIDTH="1094"
                         VPOS="1963"
                         HPOS="202">
                  <String ID="string_tl_54"
                          HEIGHT="36"
                          WIDTH="1094"
                          VPOS="1963"
                          HPOS="202"
                          CONTENT="né en 1811. — L. a. s , 1865, 1 p. in-8. 5 »"/>
               </TextLine>
            </TextBlock>
            <TextBlock ID="r_2_26" HEIGHT="77" WIDTH="1153" VPOS="1996" HPOS="147">
               <Shape>
                  <Polygon POINTS="147,1996 1300,1996 1300,2073 147,2073"/>
               </Shape>
               <TextLine ID="tl_55"
                         BASELINE="2035"
                         HEIGHT="38"
                         WIDTH="1150"
                         VPOS="1997"
                         HPOS="148">
                  <String ID="string_tl_55"
                          HEIGHT="38"
                          WIDTH="1150"
                          VPOS="1997"
                          HPOS="148"
                          CONTENT="92 Kotzebue (A,-F.-F. de), romancier célèbre, publiciste aux"/>
               </TextLine>
               <TextLine ID="tl_56"
                         BASELINE="2072"
                         HEIGHT="39"
                         WIDTH="1097"
                         VPOS="2033"
                         HPOS="202">
                  <String ID="string_tl_56"
                          HEIGHT="39"
                          WIDTH="1097"
                          VPOS="2033"
                          HPOS="202"
                          CONTENT="gages de la Sainte-Alliance, assassiné par Sand. — L. a. s. à"/>
               </TextLine>
            </TextBlock>
            <TextBlock ID="r_2_27" HEIGHT="38" WIDTH="1096" VPOS="2069" HPOS="202">
               <Shape>
                  <Polygon POINTS="202,2069 1298,2069 1298,2107 202,2107"/>
               </Shape>
               <TextLine ID="tl_57"
                         BASELINE="2106"
                         HEIGHT="36"
                         WIDTH="1094"
                         VPOS="2070"
                         HPOS="203">
                  <String ID="string_tl_57"
                          HEIGHT="36"
                          WIDTH="1094"
                          VPOS="2070"
                          HPOS="203"
                          CONTENT="M. Kummer; Berlin, 1804,1 p. pl, in-4, cachet. Belle lettre. 10 »"/>
               </TextLine>
            </TextBlock>
         </PrintSpace>
      </Page>
   </Layout>
</alto>
