1432 2245
644 55 138 58 - 14 -

196 153 1095 33 Melun en 1808. — L. a. s. à M. Gondoin, aux Vives-Eaux,

196 189 1096 36 près de Dammarie; Beaulieu, 24 nivôse an IX, 2 p. in-4. Très-

195 224 1096 28 rare . 40 »

226 260 1067 32 Belle lettre écrite comme juge de paix du canton de Boissise-la-

194 291 378 32 Bertrand, près de Melun.

125 322 1168 38 117 Marossan (de), favori du duc de Luynes, qui, d'après Riche¬

195 359 1095 36 lieu aurait préparé l’achat d’Avignon; il servit d’intermédiaire

195 394 1095 37 en 1610 entre Marie de Médicis, Richelieu et le duc de Luynes.

194 429 1094 38 — L. a. s.; Tonneins, Ier août (1621), 1 p. in-fol. Cachets. Lé¬

196 466 1094 36 gères brûlures atteignant le texte. Rare. 20 »

128 508 1163 37 118 Martillac (Gabrielle de), amie de Mmes de Sévigné et de Gri¬

195 544 1096 37 gnan. — 2 l. a. s. au marquis de la Garde; 1697-98, 6 p. in-4. 30 »

225 573 895 39 Belles lettres dans lesquelles elle parle de Mme de Grignan.

125 618 1165 37 119 Massenet (J.), célèbre compositeur, auteur d’Hérodiade et du Cid.

196 654 1094 37 — Billet aut. sig., 1 p. in-18. 7 «

125 690 1167 37 120 Maupertuis (P.-L. Moreau de), célèbre géomètre et astronome,

195 726 1095 36 de l’Acad. fr. — L. a. s.; Postdam, 12 mars 1748, 3/4 de page

196 761 1094 29 in-4. 20 »

225 797 1066 31 Lettre écrite au nom de Frédéric II au sujet de l’Académie de Berlin

194 828 1097 32 et du privilège de la censure des livres : « Sa Majesté ayant reconnu

195 855 1098 36 qu’il entraînait de trop grands inconvénients dans là librairie, elle s’est

195 892 424 31 déterminée à le révoquer. »

125 929 1167 37 121 Mayenne (Ch. de Lorraine, duc de), grand capitaine, lieute¬

195 965 1096 37 nant général du royaume, le chef de la Ligue. — L. a. s. au

196 1001 1095 37 duc de Bavière (Frédéric IV, chef de la Ligue catholique);

194 1037 1097 36 Paris, 15 sept. 1593, 3 p. in-f. Cachet. 150 »

226 1073 1067 32 Lettre historique d’une grande importance. Il « espère avec la grâce

193 1104 1100 32 de Dieu que ses actions ne produiront rien au préjudice de noire sainte

191 1136 1102 31 religion ny du bien général de la crestienté ». Détails sur les conférences

192 1166 1101 27 de Suresnes et la trêve de la Villette : « Sur certaines ouvertures et

193 1199 1098 32 propositions qui nous ont esté faictes par les catholiques assistans le

193 1230 1097 31 roy de Navarre sur l’occasion de l’assemblée generalle de nos estais,

193 1262 1099 31 leurs députés et les nostres se sont veus et conféré ensemble des

193 1292 1099 31 moyens d’asseurer nostre dicte religion et de restablir cet estat. Mais il

196 1324 1096 31 n’en est encores rien succédé sinon la resolution d’une trefve generalle

194 1355 1099 32 de trois moys de laquelle on est d’un commun advis accordé pour

194 1387 1098 33 donner quelque relâche et soulagement au peuple qui estoit extrême¬

195 1412 1099 39 ment affligé. » Durant ce temps, il attendra la décision du pape

193 1450 751 32 Clément VIII auquel il a envoyé une ambassade.

126 1488 1168 37 122 Mérimée (Prosper), célèbre écrivain romantique, l’auteur de

194 1523 1100 36 Clara Gazul, membre de l’Acad. fr. — L. a. s. à Bérard; Sa¬

195 1560 1098 36 medi 20 mai, 1 p. in-8. 11 »

227 1595 1067 32 Il lui annonce que le dîner des bibliophiles est fixé au 22 mai, à

196 1627 229 25 Saint-Germain.

126 1662 1167 38 123 Mérimée (Prosp.)- Pièce deux fois signée, 1854,1 p. in-f. 3 »

226 1698 1069 33 Reçu de son traitement comme sénateur pendant un trimestre ; pièce

197 1729 652 33 curieuse qui contient son certificat de vie.

128 1767 1166 37 124 Mignard (Pierre), un des plus grands peintres du siècle de

197 1803 1096 37 Louis XIV.— L. a. s. au peintre Garigue, à Versailles; Paris,

198 1839 1098 38 ce mercredi, 1 p. in-4, fragment de cachet. Pièce fripée et

199 1876 1095 36 un peu tachée. Rare. 60 »

230 1910 1064 32 Il lui fait des offres pour l’achat de son tableau représentant le roi à

199 1942 104 25 cheval.

128 1972 1166 37 125 Mignard (Pierre).— Quittance sig. sur vélin; 1693, in-8. 20 »

128 2015 1168 38 126 Montbrun (Pierre de Bellegarde de Souscarrière, marquis de), fils

200 2050 1095 39 naturel de Roger de Bellegarde, personnage célèbre par son
