<?xml version="1.0" encoding="UTF-8"?>
<alto xmlns:xsi="http://www.w3.org/2001/XMLSchema-instance"
      xmlns="http://www.loc.gov/standards/alto/ns-v2#"
      xmlns:page="http://schema.primaresearch.org/PAGE/gts/pagecontent/2013-07-15"
      xsi:schemaLocation="http://www.loc.gov/standards/alto/ns-v2# http://www.loc.gov/standards/alto/alto.xsd">
   <Description>
      <MeasurementUnit>pixel</MeasurementUnit>
      <OCRProcessing ID="IdOcr">
         <ocrProcessingStep>
            <processingDateTime>2020-11-01T17:54:44.158+01:00</processingDateTime>
            <processingSoftware>
               <softwareCreator>READ COOP</softwareCreator>
               <softwareName>Transkribus</softwareName>
            </processingSoftware>
         </ocrProcessingStep>
      </OCRProcessing>
   </Description>
   <Layout>
      <Page ID="Page1" PHYSICAL_IMG_NR="1" HEIGHT="2299" WIDTH="1424">
         <TopMargin HEIGHT="0" WIDTH="1424" VPOS="0" HPOS="0"/>
         <LeftMargin HEIGHT="2158" WIDTH="0" VPOS="0" HPOS="0"/>
         <RightMargin HEIGHT="2158" WIDTH="75" VPOS="0" HPOS="1349"/>
         <BottomMargin HEIGHT="141" WIDTH="1424" VPOS="2158" HPOS="0"/>
         <PrintSpace HEIGHT="2158" WIDTH="1349" VPOS="0" HPOS="0">
            <TextBlock ID="r_1_1" HEIGHT="30" WIDTH="305" VPOS="138" HPOS="845">
               <Shape>
                  <Polygon POINTS="845,138 1150,138 1150,168 845,168"/>
               </Shape>
               <TextLine ID="tl_1"
                         BASELINE="167"
                         HEIGHT="28"
                         WIDTH="303"
                         VPOS="139"
                         HPOS="846">
                  <String ID="string_tl_1"
                          HEIGHT="28"
                          WIDTH="303"
                          VPOS="139"
                          HPOS="846"
                          CONTENT="Décembre 1885."/>
               </TextLine>
            </TextBlock>
            <TextBlock ID="r_2_1" HEIGHT="31" WIDTH="581" VPOS="139" HPOS="96">
               <Shape>
                  <Polygon POINTS="96,139 677,139 677,170 96,170"/>
               </Shape>
               <TextLine ID="tl_2"
                         BASELINE="169"
                         HEIGHT="29"
                         WIDTH="579"
                         VPOS="140"
                         HPOS="97">
                  <String ID="string_tl_2"
                          HEIGHT="29"
                          WIDTH="579"
                          VPOS="140"
                          HPOS="97"
                          CONTENT="XXe année. N° 95."/>
               </TextLine>
            </TextBlock>
            <TextBlock ID="r_3_1" HEIGHT="55" WIDTH="370" VPOS="235" HPOS="438">
               <Shape>
                  <Polygon POINTS="438,235 808,235 808,290 438,290"/>
               </Shape>
               <TextLine ID="tl_3"
                         BASELINE="289"
                         HEIGHT="53"
                         WIDTH="368"
                         VPOS="236"
                         HPOS="439">
                  <String ID="string_tl_3"
                          HEIGHT="53"
                          WIDTH="368"
                          VPOS="236"
                          HPOS="439"
                          CONTENT="REVUE"/>
               </TextLine>
            </TextBlock>
            <TextBlock ID="r_4_1" HEIGHT="22" WIDTH="56" VPOS="312" HPOS="599">
               <Shape>
                  <Polygon POINTS="599,312 655,312 655,334 599,334"/>
               </Shape>
               <TextLine ID="tl_4"
                         BASELINE="333"
                         HEIGHT="20"
                         WIDTH="54"
                         VPOS="313"
                         HPOS="600">
                  <String ID="string_tl_4"
                          HEIGHT="20"
                          WIDTH="54"
                          VPOS="313"
                          HPOS="600"
                          CONTENT="DES"/>
               </TextLine>
            </TextBlock>
            <TextBlock ID="r_5_1" HEIGHT="150" WIDTH="1150" VPOS="361" HPOS="57">
               <Shape>
                  <Polygon POINTS="57,361 1207,361 1207,511 57,511"/>
               </Shape>
               <TextLine ID="tl_5"
                         BASELINE="510"
                         HEIGHT="148"
                         WIDTH="1148"
                         VPOS="362"
                         HPOS="58">
                  <String ID="string_tl_5"
                          HEIGHT="148"
                          WIDTH="1148"
                          VPOS="362"
                          HPOS="58"
                          CONTENT="AUTOGRAPHES"/>
               </TextLine>
            </TextBlock>
            <TextBlock ID="r_5_2" HEIGHT="46" WIDTH="870" VPOS="535" HPOS="196">
               <Shape>
                  <Polygon POINTS="196,535 1066,535 1066,581 196,581"/>
               </Shape>
               <TextLine ID="tl_6"
                         BASELINE="580"
                         HEIGHT="44"
                         WIDTH="868"
                         VPOS="536"
                         HPOS="197">
                  <String ID="string_tl_6"
                          HEIGHT="44"
                          WIDTH="868"
                          VPOS="536"
                          HPOS="197"
                          CONTENT="DES CURIOSITÉS DE L'HISTOIRE &amp; DE LA BIOGRAPHIE"/>
               </TextLine>
            </TextBlock>
            <TextBlock ID="r_5_3" HEIGHT="38" WIDTH="650" VPOS="602" HPOS="309">
               <Shape>
                  <Polygon POINTS="309,603 959,602 959,639 309,640"/>
               </Shape>
               <TextLine ID="tl_7"
                         BASELINE="642"
                         HEIGHT="38"
                         WIDTH="646"
                         VPOS="604"
                         HPOS="310">
                  <String ID="string_tl_7"
                          HEIGHT="38"
                          WIDTH="646"
                          VPOS="604"
                          HPOS="310"
                          CONTENT="Fondée en 1866 par Gabriel CHARAVAY"/>
               </TextLine>
            </TextBlock>
            <TextBlock ID="r_5_4" HEIGHT="52" WIDTH="1116" VPOS="645" HPOS="75">
               <Shape>
                  <Polygon POINTS="75,645 1191,645 1191,697 75,697"/>
               </Shape>
               <TextLine ID="tl_8"
                         BASELINE="696"
                         HEIGHT="50"
                         WIDTH="1114"
                         VPOS="646"
                         HPOS="76">
                  <String ID="string_tl_8"
                          HEIGHT="50"
                          WIDTH="1114"
                          VPOS="646"
                          HPOS="76"
                          CONTENT="PARAISSANT CHAQUE MOIS, SOUS LA DIRECTION DE"/>
               </TextLine>
            </TextBlock>
            <TextBlock ID="r_5_5" HEIGHT="61" WIDTH="547" VPOS="689" HPOS="364">
               <Shape>
                  <Polygon POINTS="364,689 911,700 911,750 364,739"/>
               </Shape>
               <TextLine ID="tl_9"
                         BASELINE="746"
                         HEIGHT="56"
                         WIDTH="547"
                         VPOS="690"
                         HPOS="365">
                  <String ID="string_tl_9"
                          HEIGHT="56"
                          WIDTH="547"
                          VPOS="690"
                          HPOS="365"
                          CONTENT="EUGÈNE CHARAVAY Fils"/>
               </TextLine>
            </TextBlock>
            <TextBlock ID="r_6_1" HEIGHT="38" WIDTH="917" VPOS="796" HPOS="176">
               <Shape>
                  <Polygon POINTS="176,796 1093,796 1093,834 176,834"/>
               </Shape>
               <TextLine ID="tl_10"
                         BASELINE="833"
                         HEIGHT="36"
                         WIDTH="915"
                         VPOS="797"
                         HPOS="177">
                  <String ID="string_tl_10"
                          HEIGHT="36"
                          WIDTH="915"
                          VPOS="797"
                          HPOS="177"
                          CONTENT="PRIX DE L’ABONNEMENT : Pour un an (12 numéros) :"/>
               </TextLine>
            </TextBlock>
            <TextBlock ID="r_6_2" HEIGHT="103" WIDTH="1158" VPOS="845" HPOS="56">
               <Shape>
                  <Polygon POINTS="56,845 1214,845 1214,948 56,948"/>
               </Shape>
               <TextLine ID="tl_11"
                         BASELINE="877"
                         HEIGHT="31"
                         WIDTH="1156"
                         VPOS="846"
                         HPOS="57">
                  <String ID="string_tl_11"
                          HEIGHT="31"
                          WIDTH="1156"
                          VPOS="846"
                          HPOS="57"
                          CONTENT="France, 3 f.; Etranger, 4 f.— On s’abonne à Paris, chez M. Eugène CHARAVAY,"/>
               </TextLine>
               <TextLine ID="tl_12"
                         BASELINE="909"
                         HEIGHT="31"
                         WIDTH="539"
                         VPOS="878"
                         HPOS="361">
                  <String ID="string_tl_12"
                          HEIGHT="31"
                          WIDTH="539"
                          VPOS="878"
                          HPOS="361"
                          CONTENT="8, quai du Louvre. — Et à Londres:"/>
               </TextLine>
               <TextLine ID="tl_13"
                         BASELINE="947"
                         HEIGHT="29"
                         WIDTH="1000"
                         VPOS="918"
                         HPOS="132">
                  <String ID="string_tl_13"
                          HEIGHT="29"
                          WIDTH="1000"
                          VPOS="918"
                          HPOS="132"
                          CONTENT="chez M. A.-W. Thibaudeau, 18, Green Street, St-Martin’s Place."/>
               </TextLine>
            </TextBlock>
            <TextBlock ID="r_7_1" HEIGHT="64" WIDTH="992" VPOS="1012" HPOS="145">
               <Shape>
                  <Polygon POINTS="145,1012 1137,1012 1137,1076 145,1076"/>
               </Shape>
               <TextLine ID="tl_14"
                         BASELINE="1075"
                         HEIGHT="62"
                         WIDTH="990"
                         VPOS="1013"
                         HPOS="146">
                  <String ID="string_tl_14"
                          HEIGHT="62"
                          WIDTH="990"
                          VPOS="1013"
                          HPOS="146"
                          CONTENT="AUTOGRAPHES A PRIX MARQUÉS"/>
               </TextLine>
            </TextBlock>
            <TextBlock ID="r_7_2" HEIGHT="38" WIDTH="817" VPOS="1093" HPOS="231">
               <Shape>
                  <Polygon POINTS="231,1093 1048,1093 1048,1131 231,1131"/>
               </Shape>
               <TextLine ID="tl_15"
                         BASELINE="1130"
                         HEIGHT="36"
                         WIDTH="815"
                         VPOS="1094"
                         HPOS="232">
                  <String ID="string_tl_15"
                          HEIGHT="36"
                          WIDTH="815"
                          VPOS="1094"
                          HPOS="232"
                          CONTENT="En vente chez Eugène CHARAVAY, expert,"/>
               </TextLine>
            </TextBlock>
            <TextBlock ID="r_7_3" HEIGHT="33" WIDTH="470" VPOS="1149" HPOS="401">
               <Shape>
                  <Polygon POINTS="401,1149 871,1149 871,1182 401,1182"/>
               </Shape>
               <TextLine ID="tl_16"
                         BASELINE="1181"
                         HEIGHT="31"
                         WIDTH="468"
                         VPOS="1150"
                         HPOS="402">
                  <String ID="string_tl_16"
                          HEIGHT="31"
                          WIDTH="468"
                          VPOS="1150"
                          HPOS="402"
                          CONTENT="8. QUAI DU LOUVRE, 8, A PARIS"/>
               </TextLine>
            </TextBlock>
            <TextBlock ID="r_7_4" HEIGHT="81" WIDTH="1164" VPOS="1230" HPOS="58">
               <Shape>
                  <Polygon POINTS="58,1230 1222,1230 1222,1311 58,1311"/>
               </Shape>
               <TextLine ID="tl_17"
                         BASELINE="1265"
                         HEIGHT="34"
                         WIDTH="1162"
                         VPOS="1231"
                         HPOS="59">
                  <String ID="string_tl_17"
                          HEIGHT="34"
                          WIDTH="1162"
                          VPOS="1231"
                          HPOS="59"
                          CONTENT="Abréviations : L. a. s., lettre autographe et signée; Acad. fr., Académie"/>
               </TextLine>
               <TextLine ID="tl_18"
                         BASELINE="1310"
                         HEIGHT="34"
                         WIDTH="904"
                         VPOS="1276"
                         HPOS="183">
                  <String ID="string_tl_18"
                          HEIGHT="34"
                          WIDTH="904"
                          VPOS="1276"
                          HPOS="183"
                          CONTENT="française; Sousc., compliment terminant la lettre; P., page."/>
               </TextLine>
            </TextBlock>
            <TextBlock ID="r_8_1" HEIGHT="218" WIDTH="1128" VPOS="1385" HPOS="90">
               <Shape>
                  <Polygon POINTS="90,1385 1218,1385 1218,1603 90,1603"/>
               </Shape>
               <TextLine ID="tl_19"
                         BASELINE="1424"
                         HEIGHT="38"
                         WIDTH="1126"
                         VPOS="1386"
                         HPOS="91">
                  <String ID="string_tl_19"
                          HEIGHT="38"
                          WIDTH="1126"
                          VPOS="1386"
                          HPOS="91"
                          CONTENT="1 Aerssen (François d'), célèbre homme politique, créature de"/>
               </TextLine>
               <TextLine ID="tl_20"
                         BASELINE="1459"
                         HEIGHT="37"
                         WIDTH="1094"
                         VPOS="1422"
                         HPOS="123">
                  <String ID="string_tl_20"
                          HEIGHT="37"
                          WIDTH="1094"
                          VPOS="1422"
                          HPOS="123"
                          CONTENT="Maurice de Nassau, qui contribua à la mort de Barneveldt,"/>
               </TextLine>
               <TextLine ID="tl_21"
                         BASELINE="1495"
                         HEIGHT="37"
                         WIDTH="1092"
                         VPOS="1458"
                         HPOS="123">
                  <String ID="string_tl_21"
                          HEIGHT="37"
                          WIDTH="1092"
                          VPOS="1458"
                          HPOS="123"
                          CONTENT="comparé à Oxenstierne par lo cardinal Richelieu, ambassa¬"/>
               </TextLine>
               <TextLine ID="tl_22"
                         BASELINE="1529"
                         HEIGHT="35"
                         WIDTH="1092"
                         VPOS="1494"
                         HPOS="124">
                  <String ID="string_tl_22"
                          HEIGHT="35"
                          WIDTH="1092"
                          VPOS="1494"
                          HPOS="124"
                          CONTENT="deur en France en 1624, né en 1572, mort en 1641. — L. a. s.,"/>
               </TextLine>
               <TextLine ID="tl_23"
                         BASELINE="1569"
                         HEIGHT="39"
                         WIDTH="1093"
                         VPOS="1530"
                         HPOS="124">
                  <String ID="string_tl_23"
                          HEIGHT="39"
                          WIDTH="1093"
                          VPOS="1530"
                          HPOS="124"
                          CONTENT="en français, à Butrinckhausen, conseiller du duc de Wurtem¬"/>
               </TextLine>
               <TextLine ID="tl_24"
                         BASELINE="1602"
                         HEIGHT="37"
                         WIDTH="1090"
                         VPOS="1565"
                         HPOS="125">
                  <String ID="string_tl_24"
                          HEIGHT="37"
                          WIDTH="1090"
                          VPOS="1565"
                          HPOS="125"
                          CONTENT="berg; La Haye, 8 août 1619, 3 p. in-f. Cachet. Très-rare. 40 »"/>
               </TextLine>
            </TextBlock>
            <TextBlock ID="r_8_2" HEIGHT="403" WIDTH="1095" VPOS="1600" HPOS="124">
               <Shape>
                  <Polygon POINTS="124,1600 1219,1600 1219,2003 124,2003"/>
               </Shape>
               <TextLine ID="tl_25"
                         BASELINE="1633"
                         HEIGHT="32"
                         WIDTH="1057"
                         VPOS="1601"
                         HPOS="159">
                  <String ID="string_tl_25"
                          HEIGHT="32"
                          WIDTH="1057"
                          VPOS="1601"
                          HPOS="159"
                          CONTENT="Précieuse lettre d’une grande importance historique. Les Hollandais"/>
               </TextLine>
               <TextLine ID="tl_26"
                         BASELINE="1664"
                         HEIGHT="31"
                         WIDTH="1091"
                         VPOS="1633"
                         HPOS="126">
                  <String ID="string_tl_26"
                          HEIGHT="31"
                          WIDTH="1091"
                          VPOS="1633"
                          HPOS="126"
                          CONTENT="sont décidés à « s’opposer avec courage, effort et conduite, contre les"/>
               </TextLine>
               <TextLine ID="tl_27"
                         BASELINE="1696"
                         HEIGHT="32"
                         WIDTH="1091"
                         VPOS="1664"
                         HPOS="125">
                  <String ID="string_tl_27"
                          HEIGHT="32"
                          WIDTH="1091"
                          VPOS="1664"
                          HPOS="125"
                          CONTENT="moiens et entreprinses de la Maison d'Austriche dans l’Empire ». Ils"/>
               </TextLine>
               <TextLine ID="tl_28"
                         BASELINE="1727"
                         HEIGHT="32"
                         WIDTH="1089"
                         VPOS="1695"
                         HPOS="127">
                  <String ID="string_tl_28"
                          HEIGHT="32"
                          WIDTH="1089"
                          VPOS="1695"
                          HPOS="127"
                          CONTENT="aideront l’Union évangélique et tiendront toutes leurs « forces en estat"/>
               </TextLine>
               <TextLine ID="tl_29"
                         BASELINE="1759"
                         HEIGHT="31"
                         WIDTH="1091"
                         VPOS="1728"
                         HPOS="127">
                  <String ID="string_tl_29"
                          HEIGHT="31"
                          WIDTH="1091"
                          VPOS="1728"
                          HPOS="127"
                          CONTENT="et prestes, pour à la moindre démonstration que Spinola fera de voul-"/>
               </TextLine>
               <TextLine ID="tl_30"
                         BASELINE="1790"
                         HEIGHT="33"
                         WIDTH="1090"
                         VPOS="1757"
                         HPOS="125">
                  <String ID="string_tl_30"
                          HEIGHT="33"
                          WIDTH="1090"
                          VPOS="1757"
                          HPOS="125"
                          CONTENT="loir entrer dans l'Empire, le talonner et le traverser ». L’hiver prochain,"/>
               </TextLine>
               <TextLine ID="tl_31"
                         BASELINE="1821"
                         HEIGHT="33"
                         WIDTH="1093"
                         VPOS="1788"
                         HPOS="125">
                  <String ID="string_tl_31"
                          HEIGHT="33"
                          WIDTH="1093"
                          VPOS="1788"
                          HPOS="125"
                          CONTENT="il faudra pousser à l’action le roi d’Angleterre, Jacques II, « encou¬"/>
               </TextLine>
               <TextLine ID="tl_32"
                         BASELINE="1853"
                         HEIGHT="34"
                         WIDTH="1091"
                         VPOS="1819"
                         HPOS="127">
                  <String ID="string_tl_32"
                          HEIGHT="34"
                          WIDTH="1091"
                          VPOS="1819"
                          HPOS="127"
                          CONTENT="rager les Bohemiens et allen tir les grandz effortz de l’Espagnol ». Mais"/>
               </TextLine>
               <TextLine ID="tl_33"
                         BASELINE="1884"
                         HEIGHT="33"
                         WIDTH="1091"
                         VPOS="1851"
                         HPOS="127">
                  <String ID="string_tl_33"
                          HEIGHT="33"
                          WIDTH="1091"
                          VPOS="1851"
                          HPOS="127"
                          CONTENT="si l’archiduc Ferdinand arrive à l’Empire, comment l’Union lui résistera-"/>
               </TextLine>
               <TextLine ID="tl_34"
                         BASELINE="1915"
                         HEIGHT="33"
                         WIDTH="1090"
                         VPOS="1882"
                         HPOS="127">
                  <String ID="string_tl_34"
                          HEIGHT="33"
                          WIDTH="1090"
                          VPOS="1882"
                          HPOS="127"
                          CONTENT="t-elle? Il passe en revue tous les Etals d’Europe. « La France demeure"/>
               </TextLine>
               <TextLine ID="tl_35"
                         BASELINE="1948"
                         HEIGHT="34"
                         WIDTH="1092"
                         VPOS="1914"
                         HPOS="126">
                  <String ID="string_tl_35"
                          HEIGHT="34"
                          WIDTH="1092"
                          VPOS="1914"
                          HPOS="126"
                          CONTENT="en ses jalousies; rien de solide ne s’y entreprend; on s’esloigne de plus"/>
               </TextLine>
               <TextLine ID="tl_36"
                         BASELINE="1978"
                         HEIGHT="32"
                         WIDTH="1091"
                         VPOS="1946"
                         HPOS="126">
                  <String ID="string_tl_36"
                          HEIGHT="32"
                          WIDTH="1091"
                          VPOS="1946"
                          HPOS="126"
                          CONTENT="en plus de nous; cela faict que deliberons d’y envoyer une solennelle"/>
               </TextLine>
               <TextLine ID="tl_37"
                         BASELINE="2002"
                         HEIGHT="25"
                         WIDTH="198"
                         VPOS="1977"
                         HPOS="127">
                  <String ID="string_tl_37"
                          HEIGHT="25"
                          WIDTH="198"
                          VPOS="1977"
                          HPOS="127"
                          CONTENT="ambassade »."/>
               </TextLine>
            </TextBlock>
            <TextBlock ID="r_8_3" HEIGHT="39" WIDTH="1126" VPOS="2007" HPOS="92">
               <Shape>
                  <Polygon POINTS="92,2007 1218,2007 1218,2046 92,2046"/>
               </Shape>
               <TextLine ID="tl_38"
                         BASELINE="2045"
                         HEIGHT="37"
                         WIDTH="1124"
                         VPOS="2008"
                         HPOS="93">
                  <String ID="string_tl_38"
                          HEIGHT="37"
                          WIDTH="1124"
                          VPOS="2008"
                          HPOS="93"
                          CONTENT="2 Aguesseau (H.-Fr. d'), illustre chancelier de France, né en"/>
               </TextLine>
            </TextBlock>
            <TextBlock ID="r_8_4" HEIGHT="73" WIDTH="1092" VPOS="2043" HPOS="127">
               <Shape>
                  <Polygon POINTS="127,2043 1219,2043 1219,2116 127,2116"/>
               </Shape>
               <TextLine ID="tl_39"
                         BASELINE="2081"
                         HEIGHT="37"
                         WIDTH="1089"
                         VPOS="2044"
                         HPOS="128">
                  <String ID="string_tl_39"
                          HEIGHT="37"
                          WIDTH="1089"
                          VPOS="2044"
                          HPOS="128"
                          CONTENT="1668, mort en 1751.— L. a. s.; Fresne, 1712, 1 p. 1/2 petit in-4."/>
               </TextLine>
               <TextLine ID="tl_40"
                         BASELINE="2115"
                         HEIGHT="37"
                         WIDTH="1090"
                         VPOS="2078"
                         HPOS="128">
                  <String ID="string_tl_40"
                          HEIGHT="37"
                          WIDTH="1090"
                          VPOS="2078"
                          HPOS="128"
                          CONTENT="Un peu tachée d'eau. Curieuse. 8 »"/>
               </TextLine>
            </TextBlock>
            <TextBlock ID="r_8_5" HEIGHT="41" WIDTH="1128" VPOS="2113" HPOS="92">
               <Shape>
                  <Polygon POINTS="92,2113 1220,2113 1220,2154 92,2154"/>
               </Shape>
               <TextLine ID="tl_41"
                         BASELINE="2153"
                         HEIGHT="39"
                         WIDTH="1126"
                         VPOS="2114"
                         HPOS="93">
                  <String ID="string_tl_41"
                          HEIGHT="39"
                          WIDTH="1126"
                          VPOS="2114"
                          HPOS="93"
                          CONTENT="3 Aigrefeuille (le marquis d'), fameux gastronome, auquel"/>
               </TextLine>
            </TextBlock>
            <GraphicalElement ID="r_9" HEIGHT="8" WIDTH="553" VPOS="5" HPOS="642"/>
            <GraphicalElement ID="r_10" HEIGHT="7" WIDTH="167" VPOS="6" HPOS="258"/>
            <GraphicalElement ID="r_11" HEIGHT="7" WIDTH="131" VPOS="6" HPOS="476"/>
            <GraphicalElement ID="r_12" HEIGHT="2" WIDTH="76" VPOS="6" HPOS="1219"/>
            <GraphicalElement ID="r_13" HEIGHT="12" WIDTH="250" VPOS="7" HPOS="8"/>
            <GraphicalElement ID="r_14" HEIGHT="4" WIDTH="522" VPOS="189" HPOS="679"/>
            <GraphicalElement ID="r_15" HEIGHT="4" WIDTH="501" VPOS="191" HPOS="48"/>
            <GraphicalElement ID="r_16" HEIGHT="6" WIDTH="1153" VPOS="196" HPOS="49"/>
            <GraphicalElement ID="r_17" HEIGHT="8" WIDTH="1158" VPOS="761" HPOS="53"/>
            <GraphicalElement ID="r_18" HEIGHT="4" WIDTH="1158" VPOS="969" HPOS="55"/>
            <GraphicalElement ID="r_19" HEIGHT="4" WIDTH="1157" VPOS="977" HPOS="56"/>
            <GraphicalElement ID="r_20" HEIGHT="5" WIDTH="204" VPOS="1203" HPOS="534"/>
            <GraphicalElement ID="r_21" HEIGHT="3" WIDTH="207" VPOS="1339" HPOS="534"/>
            <GraphicalElement ID="r_22" HEIGHT="141" WIDTH="7" VPOS="1088" HPOS="0"/>
            <GraphicalElement ID="r_23" HEIGHT="255" WIDTH="18" VPOS="1229" HPOS="1"/>
         </PrintSpace>
      </Page>
   </Layout>
</alto>
