1424 2299
635 67 124 59 - 5 -

128 164 1145 39 25 Callières (François de), célèbre écrivain et diplomate français

183 200 1091 39 du règne de Louis XIV, membre de l’Académie française, né

183 231 1093 41 à Thorigny en Normandie en 1645, mort en 1717.— L. a. s. à la

184 271 1090 37 marquise d’Huxelles; Fontainebleau, 18 oct. 1695, 7 p. 1/4 in-4.

185 307 1091 38 Légères taches d’humidité. Quelques passages ont été légère¬

185 343 1089 29 ment bétonnés. Très-rare. 75 »

219 379 1057 32 Lettre importante contenant des détails sur la politique française et

183 410 1091 31 étrangère. Nouvelles de la guerre en Hongrie, en Transylvanie et en

183 442 1092 31 Turquie. Prise par des armateurs français de Saint-Malo de trois vais¬

182 473 1094 31 seaux anglais appartenant à la Compagnie des Indes. Situation de

184 504 1087 32 l’Angleterre; retour du prince d'Orange; dissolution du Parlement, etc.

129 536 1148 35 26 Carteret (lord), comte de Grandville, célèbre homme d’Etat

183 571 1094 37 anglais, ministre de Georges II, vice-roi d’Irlande, protecteur

183 607 1093 36 des arts et des lettres, mort en 1766.— Lot. sig. avec la sous-

184 643 1088 38 cri pt. aut., en français, à Haller; Hanovre, 14 juin 1746, 1 p.

191 673 1084 40 1/2 in-4. 22 »

218 715 603 32 Il le remercie de l'envoi de ses poésies.

128 750 1150 37 27 Cats (J.), célèbre poète hollandais, ambassadeur en Angle¬

184 787 1094 32 terre, né en 1577, mort en 1660. — L. a. s. au stathouder

184 822 1091 37 Frédéric-Henri; La Haye, 15 juin 1646, 1 p. in-f. Rare. 25 »

128 862 1148 37 28 Cécile-Renée, reine de Pologne, tille de l’empereur Ferdi¬

184 897 1092 35 nand II, femme du roi Ladislas, née en 1611, morte en 1644.—

185 934 1093 36 Let. sig. avec la souscript. aut., en allemand, à sa sœur

182 969 1094 34 Marie-Anne, femme de l’Electeur Maximilien; Varsovie,

183 1004 1093 38 29 juin 1642, 1 p. in-f. 20 »

128 1041 1150 36 29 Charlet (N.-T.), célèbre peintre et dessinateur. — L. a. s. à

183 1076 1092 37 Alfred de Musset; 12 janvier 1840, 3/4 de p. in-4. 5 »

218 1113 1060 31 Il le prie d’obtenir l’inhumation gratuite d’un nommé Grumet lais¬

182 1144 928 32 sant une pauvre veuve avec plusieurs enfants dans la misère.

128 1180 1148 40 30 Châteaurenault (François-Louis de Rousselet, comte de),

182 1215 1094 35 illustre marin du siècle de Louis XIV, vice-amiral, maréchal

182 1252 1094 37 de France, gouverneur de Bretagne, né en 1634, mort en 1716.

182 1288 1093 36 — Pièce sig. sur parchemin; Brest, 1678, 1 p. in-8. 12 »

220 1324 1057 32 Reçu de la somme de neuf cents livres pour trois mois de ses appoin¬

185 1356 587 31 tements comme capitaine de vaisseau.

129 1391 1148 37 31 Chifflet (Jean-Jacques), savant médecin et historien franc-

182 1427 1094 38 comtois, né à Besançon, mort en 1660. — L. a. s.; Bruxelles,

183 1457 1092 42 12 février 1632, 1 p/in-fol. Rare. 30 v

220 1499 1055 32 Belle lettre d’envoi de son ouvrage « Insignia gentilitia equitum

186 1531 388 25 orclinis Velleris aurei ».

127 1566 1148 37 32 Coitier (Jacq.), le célèbre médecin de Louis XI, né en Franche-

182 1602 1094 36 Comté, mort vers 1505. — Let. sig. avec la sousc. aut.; La Motte

182 1638 1091 36 d’Egry (Loiret), 14 juil. (1480), 1 p. in-4. Montée. Très-rare. 110 »

219 1674 1057 32 Il annonce que le roi lui a donné en récompense des cinq cents livres

185 1705 1090 32 tournois « que je dévoyé avoir et prandre sur Arnault Luillier, tréso¬

184 1737 1091 31 rier de Carcassonne, la moitié de la somme de deniers que peut ou

183 1768 1091 31 pourra devoir Anthoine Biboteau, demeurant à Langres, commis à

183 1800 1092 31 recevoir....... le payement des frans archiers de Champaigne et pays

182 1831 1093 30 d’environ estans soulz la charge de M. de Baudricourt. » Le roi leur

181 1862 999 32 écrit pour viser les comptes du dit Biboteau et satisfaire Coitier.

126 1898 1147 36 33 Colbert de Seignelay (J.-B.), célèbre ministre de la marine,

179 1933 1095 36 fils du grand Colbert, né en 1651, mort en 1690. — L. a. s. à

179 1969 1095 37 Mme de Barillon (femme de l’ambassadeur de France en Angle¬

180 2005 1091 37 terre) ; 8 mai 1688, 1 p. 1/2 in-8. 22 »

220 2042 1053 30 Le roi approuve le voyage de Mme de Barillon en Angleterre. « Je

184 2073 946 31 voudrais bien qu’il approuvast aussy bien vostre retour icy ».
