3207 5338
1460 54 355 83 - 15 -

495 225 2604 153 de Médicis et de Louis XIII. — L. a. s. à M. Scappi, audi¬

490 317 2605 150 teur du nonce ; Fontainebleau, 18 juin 1612, 1 p. in-folio.

2883 459 212 77 15 »

467 564 2635 125 Il lui annonce l’envoi des réponses faites aux réclamations des prétendus

399 630 1554 94 réformés qui habitent le Comtat Venaissin.

136 791 2969 141 43570. PHILIPPE Iet dit le beau, roi de Castille, époux de Jeanne

489 885 2616 138 la folle et père de Charles-Quint. — L. s., en français, aux

488 975 2616 133 trésoriers, bourgmestres et échevins de Bruxelles ; Bru¬

487 1065 2618 133 xelles, 8 septembre 1505, 1 p. in-4. Très rare. 60 »

468 1225 2641 108 Il leur enjoint d’exempter de toutes tailles et subventions Colin Boulet

399 1293 675 66 et Pierrot Gossian.

136 1453 2979 128 43571. PIE IX, pape. — P. s., avec une petite ligne ; Rome, 4 juillet

487 1543 2621 129 1861, 1 p. in-8. Belle pièce. 16»

133 1725 2977 138 43572. PINEL (Philippe), célèbre médecin, qui réforma le traite¬

483 1819 2629 121 ment des aliénés. — L. a. s. à M. Gayetaud; Paris, 15 jan¬

484 1913 2624 119 vier 1811, 2 p. in-8. 12 »

454 2070 2659 95 Jolie lettre où il le félicite de la propagation de la vaccine. Il annonce

390 2138 2025 86 la mort de sa femme, dont il vante les qualités privées.

131 2299 3028 116 43573. PONSARD (François), célèbre poète tragique, membre de

477 2393 2643 110 l’Académie française, né à Vienne (Isère). — Pièce de vers

476 2485 2644 113 aut. ; (1852), 2 p. 1/2 in-folio. 15 »

453 2640 2677 98 Très belle pièce contenant le début de son poème d’Homère. On y a joint

387 2710 2743 96 le meme fragment imprimé en 4 pages in-16, avec corrections de la main

383 2787 431 58 de Ponsard.

124 2925 3000 130 43674. PRÉVOST (Marcel), célèbre romancier, auteur des Demi-

481 3036 2636 115 Vierges. — L. a. s., 2 p. in-8. 3 »

121 3213 2996 122 43575. PROUDHON (Pierre-Joseph), le fameux écrivain socialiste.

468 3311 2649 115 — L. a. s. ; (1850), 3/4 de p. in-8. 8 »

445 3467 2673 104 Curieuse pièce. Il annonce l’envoi d’une réponse à un article de Girardin.

379 3537 2744 102 «Nous avons déjà prévu toute la thèse à développer, j’ose vous dire que le

375 3614 1837 91 le gars est plus que jamais enlacé dans ses filets. »

115 3765 3011 129 43576. RACHEL (Elisa FÉLIX, dite), la grande tragédienne. —

464 3863 2660 129 L. a. s., 1 p. in-32. 8 »

112 4041 3015 135 43577. RAVIGNAN (Xavier de), jésuite, célèbre prédicateur. —

457 4141 2668 127 L. a. s. à Madame de Parseval, 3/4 de p. in-8. 6 »

106 4301 3021 157 43578. REGNAUD DE SAINT-JEAN D’ANGÉLY (Auguste-Etienne,

455 4423 2673 149 comte), maréchal de France qui prit une part brillante à

453 4516 2677 132 la bataille de Magenta. — L. a. s. à un général ; Fontaine¬

454 4608 2680 136 bleau, 4 avril 1833, 3 p. in-4. Peu commun. (Collection

452 4701 2675 135 Gilbert). 12 »

432 4862 2700 118 Curieuse lettre écrite comme colonel. Il demande comme une grâce que

363 4932 2767 129 son régiment ne soit pas appelé à Paris. Les dernières courses ont fatigué

360 5002 2772 129 les chevaux, usé les effets des hommes et il compte que quinze à dix-

361 5072 2765 136 huit mois seront nécessaires pour remettre son régiment sur un bon pied.
