3255 5330
1405 25 370 76 - 14 -

418 223 2695 128 politique, membre de l’Académie française. — L. a. s. à un

418 319 2693 122 ami; Paris, 17 octobre, 3 p. in-16. 10 »

399 483 2714 99 CURIEUSE LETTRE. Il n’est de pas de son avis sur la façon de traiter le

328 554 2783 97 clergé, «N’avez-vous pas soif d’en finir avec les questions irritantes ? Pre¬

325 624 2787 94 nons le pays tel qu’il est, donnons-lui une meilleure armée, de meilleurs

324 693 2788 98 finances, de meilleurs traités de commerce, une meilleure agriculture que

322 766 2789 103 l’Empire et nous aurons fait de la République un gouvernement indes¬

323 836 1744 83 tructible. Voilà notre vrai champ de bataille !»

40 992 3071 115 43560. MICHELET (Jules), le grand historien. — L. a. s. à HENRI

420 1088 2689 112 HEINE ; 18 août 1855,1 p. in-8. 5 »

400 1252 2711 86 Belle et affectueuse lettre. Il s’excuse d’avoir tardé à lui envoyer les

326 1323 2788 87 remerciements qu’il doit « à notre grand poète allemand, à notre cher

333 1395 1502 79 Heine, si bon pour nous et si français ! »

57 1560 3061 101 43561. MIGNOT (Vincent), historien, neveu de Voltaire, auteur

435 1652 2681 105 d’une Histoire de l’empire ottoman. — L. a. s. à M. de

435 1748 2679 102 Laleu, 1 p. in-4, cachet bien conservé. 6 »

410 1911 2707 77 Il l’informe que le roi vient de le nommer à une petite abbaye, ce qui va

337 1981 2542 83 le mettre un peu à son aise et lui permettre de s’acquitter envers lui.

57 2137 3055 99 43562. MIRBEAU (Octave), écrivain contemporain. — L. a. s.,

433 2231 2681 98 1 p. 1/2 in-12. 4 »

59 2406 3061 99 43563. MOLÉ (Mathieu), illustre premier président du Parlement

437 2499 2677 96 de Paris et garde des sceaux. — L. a s. (à Mazarin) ; Paris,

435 2592 2679 101 26 oct. 1652, 1 p. in-fol. 50 »

416 2756 1974 78 Superbe lettre sur l’établissement de l’autorité royale.

69 2880 3053 125 43564. MOLIÈRE (Armande - Grésinde - Claire - Élisabeth BÉJART),

441 2993 2687 102 célèbre actrice, femme de l’immortel écrivain. — P. s., sur

441 3086 2681 107 vélin ; Paris, 1er mars 1681, 1 p. in-12 oblong. Rare. 60 »

420 3245 2708 91 Quittance de rentes où elle prend la qualité de veuve de Jean-Baptiste

347 3333 1057 75 Pocquelin, sieur de Molière,

73 3479 3057 114 43565. NOBLET (Georges), célèbre artiste des théâtres du Gymnase

449 3571 2679 112 et du Vaudeville. -- L. a. s., sur une carte-correspondance,

447 3666 2681 117 2 p. in-12. Curieuse. 3 »

77 3838 3051 117 43566. ONSLOW (Georges), célèbre compositeur de musique,

455 3933 2673 116 membre de l’Institut. —- L. a. s., 2 p. in-4. 4 »

83 4104 3051 121 43567. PAGANEL (Pierre), député du Lot-et-Garonne à la Conven¬

453 4193 2677 118 tion. — L. a. s. à Charles Delacroix ; Paris, 8 nivôse an VI,

455 4286 2677 127 2 p. in-8. 5 »

85 4457 3053 133 43568. PALAFOX (Joseph), célèbre général espagnol, qui défendit

463 4550 2677 130 Saragosse contre les Français. — L a. s. au général Thou¬

463 4643 2670 133 venot, 1 p. in-4. Rare. 15 »

442 4803 2700 110 Il le prie de vouloir bien lui faire remettre son sabre, qui « est en argent

372 4906 810 60 avec des bas-reliefs. »

103 5002 3036 160 43569. PHÉLYPEAUX (Paul), premier comte de Pontchartrain,

467 5114 2678 134 conseiller d’Etat sous Henri IV, fidèle serviteur de Marie
