3223 5377
1479 77 365 85 - 16 -

143 241 3048 170 43579. RÉGNIER (Henri de), célèbre poète contemporain. — L. a. s.,

509 354 2683 143 sur une carte correspondance, 2 p. in-16 oblong. 2 50

136 493 3050 175 43580. RÉJANE (Gabrielle), la célèbre artiste dramatique. —

503 598 2679 153 L. a. s., 2 p. in-8, papier à son chiffre. 3 »

125 766 3054 146 43581. RENAN (Ernest), l’illustre auteur de la Vie de Jésus. —

488 865 2688 140 L. a. s., 3/4 de p. in-8. 4 »

116 1022 3064 151 43582. REYNAUD (Jean), philosophe et homme politique, auteur

489 1117 2682 150 de Terre et Ciel. – L. a. s. ; Neuilly, 2 juillet 1862, 2 p.

488 1215 2680 122 in-8. 5 »

458 1377 2715 117 Il conteste la théologie et la politique de son correspondant. « Quant à

388 1446 2784 120 Louis-Napoléon en particulier, vous appelez droit et légitimité ce que

378 1513 2792 115 j’appelle crime et scélératesse : vous voyez combien nous sommes loin de

388 1589 635 65 nous entendre ! »

102 1722 3068 141 43583. RICHELIEU (Armand-Jean Du Plessis, cardinal de), l’illus¬

467 1821 2698 127 tre premier ministre de Louis XIII. — L. s., avec la sous¬

466 1913 2700 135 cription et un post-scriptum de 9 petites lignes autogra¬

463 2006 2694 134 phes sur l’adresse, à sa mère ; 18 décembre 1611, 1 p. in-fol.

455 2094 2703 120 Taches d’eau et déchirure. 150 »

431 2261 2007 84 PRÉCIEUX AUTOGRAPHE relatif à des affaires de famille.

86 2401 3070 137 43584. ROBERT (Léopold), le célèbre peintre, auteur des Moisson¬

453 2500 2700 126 neurs. — L. a. s. à Victor Schnetz ; Venise, 9 octobre 1833,

451 2591 2706 135 4 p. in-4. Légère déchirure par la rupture du cachet. Très

452 2691 2700 110 rare. 80 »

428 2848 2726 113 Très remarquable lettre où il dit que son long silence doit lui être

353 2916 2805 118 pardonné parce qu’il a été malade moralement. Il parle de son tableau (les

352 2973 2802 139 Pêcheurs de l'Adriatique ?) et se plaint qu’il n’a pas été jugé favorablement.

352 3044 2806 133 Il n’ose pas donner son avis là-dessus, avant d’être fixé définitivement sur

351 3126 2806 118 son mérite. « C’est toujours pour moi une satisfaction d’être arrivé au

351 3196 2808 121 terme presque, d’un ouvrage qui m’a tant occupé. Je n’y touche plus à

349 3267 2808 128 présent, je veux me reposer et l’oublier. » Il reconsole Schnetz de son

347 3336 2808 120 échec à l’Institut et parle des peintres Hesse et Odier qui étaient à ce

348 3411 670 73 moment à Venise.

67 3555 3046 148 43585. ROCHEGROSSE (Georges), célèbre peintre contemporain. –

440 3658 2710 141 L. a. s. ; Barbizon, 12 juillet, 4 p. in-8. 4 »

62 3813 3092 149 43586. ROGER (Gustave), le célèbre chanteur. — L. a. s. au directeur

437 3916 2708 143 de l'Illustration : Hambourg, 8 décembre 1854, 1 p. 1/2 in-8.

2968 4056 177 73 8 »

411 4171 2736 127 Jolie lettre où il déclare réserver le produit d’une de ses représenta¬

343 4238 2804 134 tions à Hambourg pour le tabac de l'armée d’Orient. « Le son, la fumée,

342 4308 2805 132 n’est-ce pas de la même famille ? Tous deux vivent d’air, ils enivrent de

342 4383 2397 124 même et passent aussi vite ; en bon frère l’un se doit à l’autre. »

63 4520 3084 162 43587. ROLLAND (Amédée), poète et auteur dramatique. — Rosette,

432 4619 2714 159 bavardage en trois actes, poésie autographe signée en tête,

434 4716 2711 154 10 p. in-folio. 5 »

60 4867 3085 173 43588. ROQUELAURE (Antoine-Gaston-Jean-Baptiste, duc de),

433 4971 2714 158 maréchal de France, fameux par ses bons mots. — P. s. ;

432 5066 2714 172 Montpellier, 26 novembre 1706, 1 p. in-folio, cachet bien

429 5156 2716 148 conservé. 8 »
