3109 5075
176 169 2789 166 LETTRES AUTOGRAPHES

1281 506 579 52 EN VENTE CHEZ

383 714 2373 141 Noël CHARAVAY, expert en autographes

957 972 1217 88 3, rue de Furstenberg, à Paris

151 1442 2817 99 43457. ALEXANDRE, duc de Wurtemberg, époux de la princesse

493 1528 2477 98 Marie d’Orléans. — 15 lettres autographes signées de son

495 1616 2469 98 prénom ou A, en français, à Mademoiselle Esther Bongars,

493 1700 2473 93 actrice du théâtre des Variétés ; Paris, Francfort, 1840-1842,

489 1788 2477 97 42 pages in-8 ou in-4. 150 »

467 1936 2499 74 CURIEUSE CORRESPONDANCE AMOUREUSE. Dans la première lettre, datée du

401 2001 2567 73 24 juin 1840, il lui déclare son amour et lui demande un rendez-vous. Il

399 2065 2568 74 n'ose pas encore se nommer et signe F. G. La première lettre étant restée

397 2129 2571 77 sans réponse, il l'avise qu'il se rendra au théâtre; il se fera reconnaître par

395 2194 2572 83 un signe fait avec son mouchoir. Un peu plus tard il se plaint de n’être plus

393 2258 2575 71 aimé et s'écrie : « Adieu, mes douces illusions! vous m'avez bercé quelques

394 2323 2572 82 instants dans un rêve qu'un soudain réveil a pour toujours dissipé. » Le

390 2386 2580 72 21 octobre 1840, il lui écrit : « Vous êtes bien injuste de me dire que d'ici à

390 2451 2581 77 mon retour je pourrai vous oublier. Croyez-vous donc que tout ce que je

392 2513 2576 78 vous ai dit soit de vaines paroles?» Le 20 mai 1841 il se plaint vivement de

394 2581 2577 70 sa froideur. «Je suis bien malheureux d'être traité ainsi, quand de mon

391 2644 2583 77 côté je fois tout pour te prouver combien je t'aime... Mon Dieu! il vaudrait

391 2711 2580 75 mieux dire aux personnes que l’on n apprécie pas, laissez-moi, je ne vous

392 2774 2582 76 aime pas!» La lettre la plus importante est la dernière datée du 6 dé¬

390 2840 2586 70 cembre 1842. Il s'excuse de l'avoir blessée en employant des expressions

387 2902 2591 80 énergiques, mais justes, puisqu'il pourrait prouver tout ce qu'il a avancé.

391 2970 2589 74 «C'est bien à tort que vous employez le mot de Prince. Vous croyez donc

387 3035 2592 75 qu'en se fondant sur ce titre on ait le droit de se permettre des choses

385 3102 2595 74 qu'une autre personne ne se permettrait pas?» IL ne craint pas ses menaces

385 3166 1339 58 et la somme de les mettre à exécution.

121 3297 2859 93 43458. ANCRE (Goncino CONCINI, marquis d’), maréchal de France,

471 3388 2505 90 favori de Marie de Médicis, tue par Vitry en 1617. — L. a. s.

469 3474 2507 92 à M. de Nerestang ; Amiens, 23 septembre 1615, 1 p. in-folio.

477 3561 2499 95 Très rare. (Coll. Trémont). 125 »

444 3711 2535 78 Il le prie de lui renvoyer la compagnie de Monsieur pour renforcer les

380 3778 1308 74 troupes du maréchal de Boisdauphin.

115 3910 2861 95 43459. ANDRIEUX (François), célèbre littérateur et auteur drama¬

463 3998 2517 97 tique, membre de l'Académie française, né à Strasbourg. —

461 4090 2521 91 L. a. s. ; Paris, 22 mars 1809, 4 p. in-4. 6 »

438 4228 2544 78 Superbe pièce où il défend contre un calomniateur, un jeune homme,

371 4298 1648 74 ami de son parent l'adjudant-général Andrieux.

108 4428 2878 97 43460. ANGUIER (Michel), célèbre sculpteur, auteur des bas-reliefs

456 4518 2525 103 de la porte Saint-Denis, né à Eu. — P. s., sur vélin ; Paris,

456 4607 2527 100 10 juillet 1680, 1 p. in-4. Rare. (Coll. Boilly). 10 »

434 4761 2554 78 Reçu donné au nom d'Elisabeth Dubois, veuve de Jacques Rémy, bro¬

365 4829 1819 78 deur, sa tante par alliance, qui ne savait pas signer.
