1858 2885
878 156 169 38 - 5 —

238 254 1454 39 lettres à Jésus-Christ ; — Héloïse, 3 lettres à Abailard, 1 au pape, 1 à son amie ; —

238 292 1455 41 Hérode, 1 lettre à Lazare; — Hippocrate, 7 lettres à Descippe; — Hugues-Capet,

240 332 1451 39 1 lettre; — Isocrate, 78 préceptes ou notes, 7 lettres à Euthymènes; — Saint Jean,

238 371 1456 40 apôtre, 1 lettre à saint Pierre; — Jeanne Darc, 194 pièces, dont : 6 lettres à son père

238 409 1457 38 et à sa mère, 1 aux Parisiens, 3 à Agnès Sorel, 5 au roi, 12 au comte de Danois, 34

239 448 1455 38 récits écrits par Agnès Sorel, etc.; — Judas Iscariote, 1 lettre à Marie Madeleine; —

238 486 1456 43 Juvénal, 2 lettres à Pomponius Mela; — Lazare (celui qui a été ressuscité), 25 lettres à

238 524 1456 40 saint Pierre, 1 lettre à Græcinus, 3 notes diverses; — Lentunus Publias, 1 lettre à

238 562 1455 41 Tibère; — Louis le Bègue ; — Louis VI (le Gros); — Saint Louis, diverses lettres; —

239 602 1454 40 Saint Luc, 1 lettre à Sénèque ; — Lucain, 5 pièces; — Lucrèce, 1 lettre à Divitiacus;

239 641 1455 40 — Sainte Madeleine, 3 lettres à Lazare, à saint Pierre, etc. ; — Mahomet, 1 lettre au

240 679 1450 41 roi de France; — Mécène, 6 lettres à Trogne Pompée, 1 à Varron ; — Mérovée, 1

241 718 1456 41 lettre au roi des Visigoths; — Néron, 4 pièces; — Ovide, 2 lettres à Varron, à Trogne

243 756 1451 40 Pompée; — Saint Paul, 1 à Montanus; — Saint Pierre, 4 lettres à Lazare; —

242 795 1454 41 Platon, 10 lettres; — Pline, 28 lettres; — Plutarque, 2 lettres;— Polybe, 1 lettre; —

241 834 1455 41 Pompée, 1 lettre à Caton; —Ponce-Pilate, 1 lettre à Tibère-,— Sapbo, 2 lettres à

244 874 1451 38 Phaon, 3 à son ami Damon, 1 à sa mie -, — Socrate, 4 lettres à Alcibiade, 3 à Platon,

244 912 1452 40 1 à Euclide-, — Suétone, 8 lettres; — Tacite, 5 lettres; — Thalès, 8 pièces; —

242 951 1454 38 Théophraste, 11 lettres, dont 1 à Alcibiade; 23 maximes; —Tibère, 2 lettres, dont 1 à

243 991 1312 39 Antonius Castor, 1 à Græcinus, 1 à Ponce-Pilate;— Virgile, 7 lettres, 6 notes.

291 1028 1406 52 Toutes ces pièces sont en français. Est-ce parce que le fabricateur ne

242 1078 1454 51 connaissait pas d’autre langue? Pas du tout : C’est que maître Rabe¬

245 1127 1449 51 lais, un grand amateur d’autographes, comme chacun sait, avait trouvé,

243 1176 1453 52 dans l’abbaye de Tours, une collection précieuse de documents, com¬

246 1227 1453 51 mencée par Alcuin, en avait fait faire des copies et des traductions, les

245 1276 1453 52 avait renfermées précieusement dans son ermitage de Langey, d’où

246 1325 1452 51 elles avaient passé entre les mains de l'intendant Foucault, au com¬

249 1375 1449 51 mencement du dernier siècle. Tel est du moins le conte fait par Lucas

248 1425 1451 50 à M. Chasles, qui l’a révélé dans la séance de l’Académie des Sciences

247 1475 1453 51 du 13 septembre ( v. notre n° 23). Des copies, mais des copies de quoi?

248 1524 1451 51 Voilà, ce nous semble, ce qu’aurait dû se demander M. Chasles. Une

248 1574 1448 51 copie suppose un original ; or, si l’original est chimérique, impossible,

251 1624 1448 51 la copie l’est également. Mais M. Chasles se flattait même d’avoir les

250 1674 1450 51 originaux avec les copies, car il dit, dans l'interrogatoire : « Souvent

252 1724 1447 50 il m’apportait des lettres autographes par centaines; il y eu avait de

249 1773 1450 51 doubles, de triples, de quadruples; il me disait que c’était des copies

250 1822 1449 50 de celle qu’il me présentait pour être l’original. Cela m’était bien

249 1872 1450 50 égal d’avoir des copies; du moment que je tenais l’original, il était tout

250 1922 997 51 simple d’admettre qu’on en eut fait des copies. »

303 1971 1398 51 La confiance de M. Chasles se comprend, car le rusé Lucas avait sé¬

251 2021 1448 50 rieusement abordé l’original ancien. « Les caractères de l’écriture, dit

251 2071 1448 51 le réquisitoire, sont imités grossièrement d’écritures anciennes. Pour

253 2120 1447 51 fabriquer les lettres de Charlemagne et de ses contemporains, le faus¬

253 2170 1448 51 saire, prenant pour modèle les diplômes des huitième et neuvième

252 2220 1449 51 siècles, a lait usage des caractères allongés qui sont spéciaux à cette

253 2270 1445 50 époque ». Il suffisait, pourtant, pour reconnaître la supercherie,

253 2319 1448 52 d’examiner un peu le papier, relativement très-moderne. En y regar¬

255 2370 1448 50 dant de plus près, M. Chasles eut éclaté de rire, en voyant une lettre

256 2420 1443 49 signée Charles-Quinte et une de Charlemagne signée Carlo Magno,

261 2469 1446 51 « tout comme il y a Ludovico Magno à la porte Saint-Denis ». remarque

259 2519 638 39 finement le défenseur de Lucas.

308 2572 1399 52 LE GRAND TORT DE M. CHASLES. — Pourquoi M. Charles a-t-iI attendu
