1876 2823
907 167 189 37 - 16 -

375 264 1359 47 France devenue fameuse, né à Epernay. — Billet aut. sig. à

372 308 1359 46 M. Henrion, 1/2 p. in-12. 3 »

307 353 1424 46 81 Louis XII, roi de France. — Pièce sig. sur vélin ; Blois,

374 397 1356 44 28 av, 1502, in-4. 8 »

414 441 1321 40 Relative au paiement des gens de guerre de Languedoil, oultre Seine, Normandie

376 481 227 34 et Languedoc.

307 518 1426 47 82 Louis XIII, roi de France. — L. s., au prince de Corrége;

375 562 1355 45 Chantilly, 6 mai 1636, 1 /2 p. in-f. 4 »

415 607 1321 39 Relative a la guerre entreprise par la France pour arrêter les envahissements de

364 645 316 37 l’Espagne en Italie.

307 682 1430 48 83 Louis XIV, roi de France. — L. s., 1714, 1/2 p. in-f 1 50

308 727 1428 45 84 Louis XV, roi de France. — Lettre de cachet, 1772, 1 page

376 771 1357 35 in-f. 2 »

308 814 1428 47 85 Louis XVI, roi des Français. — Pièce sig. 1791, 1/2 page

377 852 1362 42 in-f. 2 50

413 902 1091 38 Ordre de paiement à Chiqnelier, maître des clavecins de la reine.

309 940 1430 46 86 Le même. — Pièce sig., 1791, 1/2 p. in-f. 2 50

413 985 1176 41 Ordre de paiement au sieur de La Garde, maître de harpe de la reine.

310 1023 1428 45 87 Le même. — Pièce sig., 1791, 1/2 p. in-f. 2 50

414 1068 1056 38 Ordre de paiement à Morin, chirurgien du commun de la reine.

311 1106 1429 45 88 Le même. — Pièce sig., 1791, 1/2 p. in-f. 2 50

418 1151 1075 38 Ordre de paiement au sieur Bonnefoy, garde-meuble de la reine.

312 1189 1429 45 89 Le même. — Pièce sig., 1791, 1 /2 p. in-f. 2 50

416 1234 1181 36 Ordre de paiement au sieur Bourdais, délivreur de l’écurie de la reine.

312 1272 1430 46 90 Le même. — Pièce sig., 1791, 1 /2 p. in-f. 2 50

420 1317 941 36 Ordre de paiement au sieur Dubois, dentiste de la reine.

313 1355 1430 45 91 Le même. — Pièce sig., 1791, 1/2 p. in-f. 2 50

418 1400 1326 39 Ordre de payer 142,400 livres, pour le comptant de la reine, « mon épouse et

380 1446 207 30 compagne ».

314 1476 1428 46 92 Louis XVIII, roi de France. — Pièce sig. comme comte de

382 1520 1364 43 Provence, 1777, in-f. 1 50

317 1564 1427 51 93 Macé (Jean), auteur de l’Histoire d’une bouchée de pain, pro¬

385 1608 1359 47 moteur de la Ligue de l’enseignement. — L. a. s.. 1/2 p. in-4.

383 1653 1362 44 Relative à son Catéchisme républicain. 2 »

318 1696 1429 44 94 Manzoni (Alex.), illustre littérateur italien, auteur des

384 1742 1363 47 Promessi sposi. — Reçu aut. sig. d’un ouvrage; Milan, 1845,

388 1778 1358 51 1 p. in-8. Jolie pièce. 4 »

319 1828 1429 47 95 Maret (l’abbé), évêque de Sura, savant théologien, célèbre

387 1873 1362 45 par son dernier écrit sur le Concile, né à Alais. — L. a. s.,

391 1917 1355 46 1856, 2 p. 1/3 in-8. 4 »

425 1961 1257 41 Curieuse lettre relative à la publicité de son livre Philosophie et Religion.

322 2000 1426 46 96 Mathieu de la Drôme, célèbre par ses prédictions. — L. a.

388 2044 1361 45 s. ; Mont-Chenu, 1863, 1 p. in-8. 3 »

431 2089 1321 39 Curieuse lettre dans laquelle il demande à un journaliste l’appui de sa publicité

391 2128 1363 38 pour faite connaître une nouvelle prédiction. « L’année dernière la presse rendit

389 2166 1364 40 de grands services aux populations de l’Europe méridionale en publiant une pré¬

389 2206 1245 38 diction qui les avertissait des inondations dont elles étaient menacées... »

325 2243 1427 45 97 Mazarin (le cardinal Jules), illustre homme d’Etat. — L. s.,

391 2288 1361 46 en italien, avec la souscript. aut. ; Paris, 1644,1 p. in-f. 6 »

326 2332 1428 49 98 Meissonier (E.), le célèbre peintre. — Reçu aut. sig. de

392 2370 1365 57 4,000 fr. pour un tableau, 1857, 1/2 p. in-8. 2 50

327 2420 1431 47 99 Mermet (A.), compositeur de musique, auteur de Roland à

396 2465 1362 44 Roncevaux. — L. a. s., 1 p. in-8. 1 50

310 2509 1448 52 100 Meunier (Victor), écrivain socialiste et savant vulgarisateur

397 2552 1359 46 des sciences. — L. a. s., à l’éditeur Gust. Sandré ; Dijon,

397 2598 1362 44 27 nov. 1850, 6 p. in-8. 3 50
