1876 2823
887 153 164 37 - 6 -

246 249 1442 51 la dernière heure, c’est-à-dire l’arrestation de Lucas, pour parler des

246 300 1442 51 pièces stupéfiantes dont nous venons de donner la liste? Eu vain

244 349 1444 50 dira-t-il que ces pièces étant étrangères à ses travaux, il n’avait aucun

246 398 1445 50 motif de les faire connaître à l’Académie et au public, il restera

245 448 1446 50 évident que rien n’était, plus propre que celle communication à jeter la

248 497 1439 51 lumière sur I ensemble de la collection, qui, dès-lors, eût été jugée.

251 546 1441 52 Une seule série, celle des lettres de Molière, eût suffit pour tout faire

247 596 1446 51 découvrir, si M. Chasles en eût parlé plus tôt. On sait qu’il n’existe

247 645 1447 51 dans les collections que des signatures du grand comique, et pas une

250 694 1444 52 lettre, pas le plus petit billet. C’est un désidératum poursuivi avec

248 744 1446 51 ardeur et qui serait payé au poids de l’or. M. Chasles déclare que la

252 786 1440 58 première pièce que lui à vendue Lucas est une lettre de Molière, qu’il

249 843 1442 52 a payé 500 fr., et il trouve que c’est assez cher. C’était, au contraire,

251 892 1443 52 pour rien ; car il s’est vendu de simples signatures jusqu'à 950 fr., et

248 942 1441 52 une lettre vaudrait on ne sait quoi, peut-être 5,000 fr., peut être plus.

251 992 1444 50 Si donc M. Chasles eût fait part de suite de celte trouvaille à ses con¬

254 1041 1442 50 frères les amateurs d’autographes, à qui il montrait tant d’autres

252 1091 1443 52 choses, l’attention se fût concentrée sur ce point, et le pot aux roses

247 1141 627 39 eût été découvert dès le début.

303 1216 1394 52 PROCÉDÉS DE LUCAS. — «Il se procurait, dit le réquisitoire, du papier

251 1266 1447 51 de fabrication ancienne et usait de divers procédés pour lui donner

251 1316 1445 51 l’apparence qu’il devait avoir. Tantôt il le noircissait à la lampe ou à la

251 1365 1444 53 chandelle, tantôt, il le faisait chauffer et roussir, tantôt il le trempait

250 1416 1447 51 dans une eau sale après l’avoir écrit. A l'aide d’un procédé qu’il a

250 1466 1442 51 refusé de faire connaître, il modifiait la couleur de l’encre qu’il

249 1514 1447 53 employait. Sa fabrication s’était perfectionnée, et les chimistes les plus

252 1565 1446 50 habiles de l’Académie avaient été impuissants à reconnaître la produc¬

252 1614 1445 51 tion récente des autographes » M Bordier, de son côté, après avoir

250 1664 1446 51 exposé ces faits dans les mêmes termes, ajoutait : « Nous avons essayé

251 1714 1444 51 ce procédé, mais nous sommes obligés d’avouer que nous n’avons pas

250 1764 1443 51 réussi aussi bien que lui. » Le prévenu, interpellé sur ce procédé,

251 1813 1444 50 répond avec un certain air de satisfaction, que messieurs les experts ont

253 1863 1445 50 apprécié assez bien sa manière de faire, mais ajoute qu’on ne réussit

255 1913 1314 50 pas toujours, et qu’il faut souvent s’y reprendre à plusieurs fois.

304 1962 1394 51 M. l’avocat impérial a rapporté ce fait significatif : «Il a été expulsé

254 2012 1443 51 de la bibliothèque Sainte-Geneviève dans des circonstances graves. Un

254 2062 1444 60 surveillant l’avait surpris dans les rayons des archives ; il était porteur

256 2100 1441 62 d’un instrument très-tranchant, qui pouvait servir à détacher des

258 2161 1439 51 feuillets. On suppose qu’il cherchait à détacher les gardes des volumes,

259 2210 1441 52 pour se procurer du vieux papier. » On a saisi, d’ailleurs, à l’un de ses

257 2261 1443 51 domiciles :1° un grand nombre de lettres qui lui avaient été adressées

260 2311 1438 51 par des personnes auxquelles il faisait des offres de pièces généalo¬

259 2360 1442 51 giques ; 2° des papiers concernant Galilée, Bann, Copernick ; 3° une

260 2410 1441 51 grande quantité de pièces autographiées provenant de visographie, et

262 2460 1436 51 un certain nombre de signatures fac-similé ; 4° des papiers anciens ;

263 2509 1438 50 5° des volumes de Moréri et du Mercure de France, dont les gardes

262 2561 304 38 sont arrachées.
