<?xml version="1.0" encoding="UTF-8"?>
<alto xmlns:xsi="http://www.w3.org/2001/XMLSchema-instance"
      xmlns="http://www.loc.gov/standards/alto/ns-v2#"
      xmlns:page="http://schema.primaresearch.org/PAGE/gts/pagecontent/2013-07-15"
      xsi:schemaLocation="http://www.loc.gov/standards/alto/ns-v2# http://www.loc.gov/standards/alto/alto.xsd">
   <Description>
      <MeasurementUnit>pixel</MeasurementUnit>
      <OCRProcessing ID="IdOcr">
         <ocrProcessingStep>
            <processingDateTime>2020-10-31T11:43:15.971+01:00</processingDateTime>
            <processingSoftware>
               <softwareCreator>READ COOP</softwareCreator>
               <softwareName>Transkribus</softwareName>
            </processingSoftware>
         </ocrProcessingStep>
      </OCRProcessing>
   </Description>
   <Layout>
      <Page ID="Page1" PHYSICAL_IMG_NR="1" HEIGHT="2823" WIDTH="1884">
         <TopMargin HEIGHT="254" WIDTH="1884" VPOS="0" HPOS="0"/>
         <LeftMargin HEIGHT="2380" WIDTH="317" VPOS="254" HPOS="0"/>
         <RightMargin HEIGHT="2380" WIDTH="94" VPOS="254" HPOS="1790"/>
         <BottomMargin HEIGHT="189" WIDTH="1884" VPOS="2634" HPOS="0"/>
         <PrintSpace HEIGHT="2380" WIDTH="1473" VPOS="254" HPOS="317">
            <TextBlock ID="region_1533550958661_2"
                       HEIGHT="51"
                       WIDTH="208"
                       VPOS="161"
                       HPOS="933">
               <Shape>
                  <Polygon POINTS="933,161 1141,161 1141,212 933,212"/>
               </Shape>
               <TextLine ID="line_1533550977454_3"
                         BASELINE="211"
                         HEIGHT="52"
                         WIDTH="191"
                         VPOS="159"
                         HPOS="943">
                  <String ID="string_line_1533550977454_3"
                          HEIGHT="52"
                          WIDTH="191"
                          VPOS="159"
                          HPOS="943"
                          CONTENT="- 18 -"/>
               </TextLine>
            </TextBlock>
            <TextBlock ID="r_1_1" HEIGHT="51" WIDTH="1452" VPOS="260" HPOS="325">
               <Shape>
                  <Polygon POINTS="325,260 1777,260 1777,311 325,311"/>
               </Shape>
               <TextLine ID="tl_1"
                         BASELINE="310"
                         HEIGHT="49"
                         WIDTH="1450"
                         VPOS="261"
                         HPOS="326">
                  <String ID="string_tl_1"
                          HEIGHT="49"
                          WIDTH="1450"
                          VPOS="261"
                          HPOS="326"
                          CONTENT="120 Ollivier (Emile), garde des Sceaux. —L. a. s., (1862), 1 p."/>
               </TextLine>
            </TextBlock>
            <TextBlock ID="r_1_2" HEIGHT="40" WIDTH="1368" VPOS="304" HPOS="409">
               <Shape>
                  <Polygon POINTS="409,304 1777,304 1777,344 409,344"/>
               </Shape>
               <TextLine ID="tl_2"
                         BASELINE="343"
                         HEIGHT="38"
                         WIDTH="1366"
                         VPOS="305"
                         HPOS="410">
                  <String ID="string_tl_2"
                          HEIGHT="38"
                          WIDTH="1366"
                          VPOS="305"
                          HPOS="410"
                          CONTENT="in-8. 3 »"/>
               </TextLine>
            </TextBlock>
            <TextBlock ID="r_1_3" HEIGHT="55" WIDTH="1458" VPOS="348" HPOS="323">
               <Shape>
                  <Polygon POINTS="323,348 1781,348 1781,403 323,403"/>
               </Shape>
               <TextLine ID="tl_3"
                         BASELINE="402"
                         HEIGHT="53"
                         WIDTH="1456"
                         VPOS="349"
                         HPOS="324">
                  <String ID="string_tl_3"
                          HEIGHT="53"
                          WIDTH="1456"
                          VPOS="349"
                          HPOS="324"
                          CONTENT="121 Le même. Billet aut. sig., 1867, 1/2 p. in-18. 1 50"/>
               </TextLine>
            </TextBlock>
            <TextBlock ID="r_1_4" HEIGHT="48" WIDTH="1456" VPOS="393" HPOS="323">
               <Shape>
                  <Polygon POINTS="323,393 1779,393 1779,441 323,441"/>
               </Shape>
               <TextLine ID="tl_4"
                         BASELINE="440"
                         HEIGHT="46"
                         WIDTH="1454"
                         VPOS="394"
                         HPOS="324">
                  <String ID="string_tl_4"
                          HEIGHT="46"
                          WIDTH="1454"
                          VPOS="394"
                          HPOS="324"
                          CONTENT="122 Orbigny (Alcide d’), célèbre naturaliste et voyageur dans"/>
               </TextLine>
            </TextBlock>
            <TextBlock ID="r_1_5" HEIGHT="94" WIDTH="1371" VPOS="436" HPOS="408">
               <Shape>
                  <Polygon POINTS="408,436 1779,436 1779,530 408,530"/>
               </Shape>
               <TextLine ID="tl_5"
                         BASELINE="482"
                         HEIGHT="45"
                         WIDTH="1367"
                         VPOS="437"
                         HPOS="409">
                  <String ID="string_tl_5"
                          HEIGHT="45"
                          WIDTH="1367"
                          VPOS="437"
                          HPOS="409"
                          CONTENT="l’Amérique du Sud, né dans la Loire-Inférieure. — L. a. s. au"/>
               </TextLine>
               <TextLine ID="tl_6"
                         BASELINE="529"
                         HEIGHT="47"
                         WIDTH="1368"
                         VPOS="482"
                         HPOS="410">
                  <String ID="string_tl_6"
                          HEIGHT="47"
                          WIDTH="1368"
                          VPOS="482"
                          HPOS="410"
                          CONTENT="comte de Saint-Priest ; Pierrefitte, 1850, 1 p. in-8. 2 »"/>
               </TextLine>
            </TextBlock>
            <TextBlock ID="r_1_6" HEIGHT="56" WIDTH="1455" VPOS="524" HPOS="323">
               <Shape>
                  <Polygon POINTS="323,524 1778,524 1778,580 323,580"/>
               </Shape>
               <TextLine ID="tl_7"
                         BASELINE="579"
                         HEIGHT="54"
                         WIDTH="1453"
                         VPOS="525"
                         HPOS="324">
                  <String ID="string_tl_7"
                          HEIGHT="54"
                          WIDTH="1453"
                          VPOS="525"
                          HPOS="324"
                          CONTENT="123 Orléans (Charles d’), un des premiers poètes français, père de"/>
               </TextLine>
            </TextBlock>
            <TextBlock ID="r_1_7" HEIGHT="93" WIDTH="1369" VPOS="568" HPOS="408">
               <Shape>
                  <Polygon POINTS="408,568 1777,568 1777,661 408,661"/>
               </Shape>
               <TextLine ID="tl_8"
                         BASELINE="621"
                         HEIGHT="52"
                         WIDTH="1367"
                         VPOS="569"
                         HPOS="409">
                  <String ID="string_tl_8"
                          HEIGHT="52"
                          WIDTH="1367"
                          VPOS="569"
                          HPOS="409"
                          CONTENT="Louis XII, prisonnier des anglais pendant 25 ans. — Piece sig."/>
               </TextLine>
               <TextLine ID="tl_9"
                         BASELINE="660"
                         HEIGHT="47"
                         WIDTH="1366"
                         VPOS="613"
                         HPOS="410">
                  <String ID="string_tl_9"
                          HEIGHT="47"
                          WIDTH="1366"
                          VPOS="613"
                          HPOS="410"
                          CONTENT="sur vélin; Calais, 2 juil. 1439, 1 p. in-4. 14 »"/>
               </TextLine>
            </TextBlock>
            <TextBlock ID="r_1_8" HEIGHT="72" WIDTH="1371" VPOS="657" HPOS="409">
               <Shape>
                  <Polygon POINTS="409,657 1780,657 1780,729 409,729"/>
               </Shape>
               <TextLine ID="tl_10"
                         BASELINE="698"
                         HEIGHT="40"
                         WIDTH="1341"
                         VPOS="658"
                         HPOS="438">
                  <String ID="string_tl_10"
                          HEIGHT="40"
                          WIDTH="1341"
                          VPOS="658"
                          HPOS="438"
                          CONTENT="Belle et intéressante pièce relative à la prise d’assaut d'Yenville par les anglais"/>
               </TextLine>
               <TextLine ID="tl_11"
                         BASELINE="728"
                         HEIGHT="31"
                         WIDTH="342"
                         VPOS="697"
                         HPOS="410">
                  <String ID="string_tl_11"
                          HEIGHT="31"
                          WIDTH="342"
                          VPOS="697"
                          HPOS="410"
                          CONTENT="au mois d’août 1428."/>
               </TextLine>
            </TextBlock>
            <TextBlock ID="r_1_9" HEIGHT="61" WIDTH="1455" VPOS="725" HPOS="323">
               <Shape>
                  <Polygon POINTS="323,725 1778,725 1778,786 323,786"/>
               </Shape>
               <TextLine ID="tl_12"
                         BASELINE="785"
                         HEIGHT="59"
                         WIDTH="1453"
                         VPOS="726"
                         HPOS="324">
                  <String ID="string_tl_12"
                          HEIGHT="59"
                          WIDTH="1453"
                          VPOS="726"
                          HPOS="324"
                          CONTENT="124 Pelletan (Eug.), célèbre publiciste, député de la Seine. — L."/>
               </TextLine>
            </TextBlock>
            <TextBlock ID="r_1_10" HEIGHT="46" WIDTH="1368" VPOS="779" HPOS="410">
               <Shape>
                  <Polygon POINTS="410,779 1778,779 1778,825 410,825"/>
               </Shape>
               <TextLine ID="tl_13"
                         BASELINE="824"
                         HEIGHT="44"
                         WIDTH="1366"
                         VPOS="780"
                         HPOS="411">
                  <String ID="string_tl_13"
                          HEIGHT="44"
                          WIDTH="1366"
                          VPOS="780"
                          HPOS="411"
                          CONTENT="a. s. à Perrotin, 1849, 1 /2 p. in-8, cachet. 1 50"/>
               </TextLine>
            </TextBlock>
            <TextBlock ID="r_1_11" HEIGHT="48" WIDTH="1456" VPOS="822" HPOS="323">
               <Shape>
                  <Polygon POINTS="323,822 1779,822 1779,870 323,870"/>
               </Shape>
               <TextLine ID="tl_14"
                         BASELINE="869"
                         HEIGHT="46"
                         WIDTH="1454"
                         VPOS="823"
                         HPOS="324">
                  <String ID="string_tl_14"
                          HEIGHT="46"
                          WIDTH="1454"
                          VPOS="823"
                          HPOS="324"
                          CONTENT="125 Picard (Ernest), célèbre député de la Seine. — L. a. s., 1868,"/>
               </TextLine>
            </TextBlock>
            <TextBlock ID="r_1_12" HEIGHT="54" WIDTH="1369" VPOS="867" HPOS="412">
               <Shape>
                  <Polygon POINTS="412,867 1781,867 1781,921 412,921"/>
               </Shape>
               <TextLine ID="tl_15"
                         BASELINE="920"
                         HEIGHT="52"
                         WIDTH="1367"
                         VPOS="868"
                         HPOS="413">
                  <String ID="string_tl_15"
                          HEIGHT="52"
                          WIDTH="1367"
                          VPOS="868"
                          HPOS="413"
                          CONTENT="1 p. in-8. 2 50"/>
               </TextLine>
            </TextBlock>
            <TextBlock ID="r_1_13" HEIGHT="47" WIDTH="1455" VPOS="911" HPOS="325">
               <Shape>
                  <Polygon POINTS="325,911 1780,911 1780,958 325,958"/>
               </Shape>
               <TextLine ID="tl_16"
                         BASELINE="957"
                         HEIGHT="45"
                         WIDTH="1453"
                         VPOS="912"
                         HPOS="326">
                  <String ID="string_tl_16"
                          HEIGHT="45"
                          WIDTH="1453"
                          VPOS="912"
                          HPOS="326"
                          CONTENT="126 Pie VI (J.-Ange Braschi), pape, mort prisonnier à Valence"/>
               </TextLine>
            </TextBlock>
            <TextBlock ID="r_1_14" HEIGHT="92" WIDTH="1372" VPOS="954" HPOS="409">
               <Shape>
                  <Polygon POINTS="409,954 1781,954 1781,1046 409,1046"/>
               </Shape>
               <TextLine ID="tl_17"
                         BASELINE="1001"
                         HEIGHT="46"
                         WIDTH="1370"
                         VPOS="955"
                         HPOS="410">
                  <String ID="string_tl_17"
                          HEIGHT="46"
                          WIDTH="1370"
                          VPOS="955"
                          HPOS="410"
                          CONTENT="(Drôme) en 1798. — Pièce deux fois sig. J.-A., avec ces mots"/>
               </TextLine>
               <TextLine ID="tl_18"
                         BASELINE="1045"
                         HEIGHT="45"
                         WIDTH="1367"
                         VPOS="1000"
                         HPOS="410">
                  <String ID="string_tl_18"
                          HEIGHT="45"
                          WIDTH="1367"
                          VPOS="1000"
                          HPOS="410"
                          CONTENT="aut. : Fiat motu proprio; Rome, 1785, 1 p. in-f. 4 50"/>
               </TextLine>
            </TextBlock>
            <TextBlock ID="r_1_15" HEIGHT="57" WIDTH="1456" VPOS="1042" HPOS="324">
               <Shape>
                  <Polygon POINTS="324,1042 1780,1042 1780,1099 324,1099"/>
               </Shape>
               <TextLine ID="tl_19"
                         BASELINE="1098"
                         HEIGHT="55"
                         WIDTH="1454"
                         VPOS="1043"
                         HPOS="325">
                  <String ID="string_tl_19"
                          HEIGHT="55"
                          WIDTH="1454"
                          VPOS="1043"
                          HPOS="325"
                          CONTENT="127 Pie VII (Grég.-L.-Barn. Chiaramonti), pape célèbre par ses"/>
               </TextLine>
            </TextBlock>
            <TextBlock ID="r_1_16" HEIGHT="92" WIDTH="1371" VPOS="1086" HPOS="409">
               <Shape>
                  <Polygon POINTS="409,1086 1780,1086 1780,1178 409,1178"/>
               </Shape>
               <TextLine ID="tl_20"
                         BASELINE="1134"
                         HEIGHT="47"
                         WIDTH="1365"
                         VPOS="1087"
                         HPOS="410">
                  <String ID="string_tl_20"
                          HEIGHT="47"
                          WIDTH="1365"
                          VPOS="1087"
                          HPOS="410"
                          CONTENT="démêlés avec Napoléon Ier. — L. s., avec la souscript. aut., au"/>
               </TextLine>
               <TextLine ID="tl_21"
                         BASELINE="1177"
                         HEIGHT="45"
                         WIDTH="1369"
                         VPOS="1132"
                         HPOS="410">
                  <String ID="string_tl_21"
                          HEIGHT="45"
                          WIDTH="1369"
                          VPOS="1132"
                          HPOS="410"
                          CONTENT="cardinal Busca; Cesena, 8 déc. 1795, 1 p. in-f. 5 50"/>
               </TextLine>
            </TextBlock>
            <TextBlock ID="r_1_17" HEIGHT="48" WIDTH="1454" VPOS="1175" HPOS="325">
               <Shape>
                  <Polygon POINTS="325,1175 1779,1175 1779,1223 325,1223"/>
               </Shape>
               <TextLine ID="tl_22"
                         BASELINE="1222"
                         HEIGHT="46"
                         WIDTH="1452"
                         VPOS="1176"
                         HPOS="326">
                  <String ID="string_tl_22"
                          HEIGHT="46"
                          WIDTH="1452"
                          VPOS="1176"
                          HPOS="326"
                          CONTENT="128 Pie VIII (Fr.-Saverio Castiglioni), pape, qui subit à Rome le"/>
               </TextLine>
            </TextBlock>
            <TextBlock ID="r_1_18" HEIGHT="92" WIDTH="1370" VPOS="1218" HPOS="409">
               <Shape>
                  <Polygon POINTS="409,1218 1779,1218 1779,1310 409,1310"/>
               </Shape>
               <TextLine ID="tl_23"
                         BASELINE="1265"
                         HEIGHT="46"
                         WIDTH="1367"
                         VPOS="1219"
                         HPOS="410">
                  <String ID="string_tl_23"
                          HEIGHT="46"
                          WIDTH="1367"
                          VPOS="1219"
                          HPOS="410"
                          CONTENT="contre-coup de la révolution de 1830. — L. a. s. à Jér. Bianconi;"/>
               </TextLine>
               <TextLine ID="tl_24"
                         BASELINE="1309"
                         HEIGHT="46"
                         WIDTH="1364"
                         VPOS="1263"
                         HPOS="414">
                  <String ID="string_tl_24"
                          HEIGHT="46"
                          WIDTH="1364"
                          VPOS="1263"
                          HPOS="414"
                          CONTENT="Césène, 15 août 1818, 1 p. in-4, cachet. 7 »"/>
               </TextLine>
            </TextBlock>
            <TextBlock ID="r_1_19" HEIGHT="39" WIDTH="896" VPOS="1308" HPOS="437">
               <Shape>
                  <Polygon POINTS="437,1308 1333,1308 1333,1347 437,1347"/>
               </Shape>
               <TextLine ID="tl_25"
                         BASELINE="1346"
                         HEIGHT="37"
                         WIDTH="894"
                         VPOS="1309"
                         HPOS="438">
                  <String ID="string_tl_25"
                          HEIGHT="37"
                          WIDTH="894"
                          VPOS="1309"
                          HPOS="438"
                          CONTENT="Curieuse lettre relative à une acquisition de médailles."/>
               </TextLine>
            </TextBlock>
            <TextBlock ID="r_1_20" HEIGHT="92" WIDTH="1454" VPOS="1345" HPOS="325">
               <Shape>
                  <Polygon POINTS="325,1345 1779,1345 1779,1437 325,1437"/>
               </Shape>
               <TextLine ID="tl_26"
                         BASELINE="1391"
                         HEIGHT="45"
                         WIDTH="1452"
                         VPOS="1346"
                         HPOS="326">
                  <String ID="string_tl_26"
                          HEIGHT="45"
                          WIDTH="1452"
                          VPOS="1346"
                          HPOS="326"
                          CONTENT="129 Pie IX (Giov.-Maria de Mastai-Ferretti), le pape actuel. — L. a."/>
               </TextLine>
               <TextLine ID="tl_27"
                         BASELINE="1436"
                         HEIGHT="46"
                         WIDTH="1367"
                         VPOS="1390"
                         HPOS="411">
                  <String ID="string_tl_27"
                          HEIGHT="46"
                          WIDTH="1367"
                          VPOS="1390"
                          HPOS="411"
                          CONTENT="s., comme archevêque de Spolète; Spolète, 1830, 1 p. in-f. 14 »"/>
               </TextLine>
            </TextBlock>
            <TextBlock ID="r_1_21" HEIGHT="54" WIDTH="1458" VPOS="1433" HPOS="324">
               <Shape>
                  <Polygon POINTS="324,1433 1782,1433 1782,1487 324,1487"/>
               </Shape>
               <TextLine ID="tl_28"
                         BASELINE="1486"
                         HEIGHT="52"
                         WIDTH="1456"
                         VPOS="1434"
                         HPOS="325">
                  <String ID="string_tl_28"
                          HEIGHT="52"
                          WIDTH="1456"
                          VPOS="1434"
                          HPOS="325"
                          CONTENT="130 Ponsard (F.), célèbre poète tragique, de l’Acad. fr., né à"/>
               </TextLine>
            </TextBlock>
            <TextBlock ID="r_1_22" HEIGHT="91" WIDTH="1371" VPOS="1477" HPOS="409">
               <Shape>
                  <Polygon POINTS="409,1477 1780,1477 1780,1568 409,1568"/>
               </Shape>
               <TextLine ID="tl_29"
                         BASELINE="1523"
                         HEIGHT="45"
                         WIDTH="1369"
                         VPOS="1478"
                         HPOS="410">
                  <String ID="string_tl_29"
                          HEIGHT="45"
                          WIDTH="1369"
                          VPOS="1478"
                          HPOS="410"
                          CONTENT="Vienne (Isère). — L. a. s. à M. Guérin; Vienne, 22 juin 1843,"/>
               </TextLine>
               <TextLine ID="tl_30"
                         BASELINE="1567"
                         HEIGHT="46"
                         WIDTH="1367"
                         VPOS="1521"
                         HPOS="410">
                  <String ID="string_tl_30"
                          HEIGHT="46"
                          WIDTH="1367"
                          VPOS="1521"
                          HPOS="410"
                          CONTENT="3 p. in-8, enveloppe et cachet. 3 »"/>
               </TextLine>
            </TextBlock>
            <TextBlock ID="r_1_23"
                       HEIGHT="117"
                       WIDTH="1371"
                       VPOS="1565"
                       HPOS="411">
               <Shape>
                  <Polygon POINTS="411,1565 1782,1565 1782,1682 411,1682"/>
               </Shape>
               <TextLine ID="tl_31"
                         BASELINE="1605"
                         HEIGHT="39"
                         WIDTH="1343"
                         VPOS="1566"
                         HPOS="438">
                  <String ID="string_tl_31"
                          HEIGHT="39"
                          WIDTH="1343"
                          VPOS="1566"
                          HPOS="438"
                          CONTENT="Très-intéressante lettre dans laquelle il parle de sa tragédie de Lucrèce, et raconte"/>
               </TextLine>
               <TextLine ID="tl_32"
                         BASELINE="1643"
                         HEIGHT="38"
                         WIDTH="1369"
                         VPOS="1605"
                         HPOS="412">
                  <String ID="string_tl_32"
                          HEIGHT="38"
                          WIDTH="1369"
                          VPOS="1605"
                          HPOS="412"
                          CONTENT="les banquets et les ovations qui l’ont accueilli à Vienne, où il va goûter un peu de"/>
               </TextLine>
               <TextLine ID="tl_33"
                         BASELINE="1681"
                         HEIGHT="29"
                         WIDTH="95"
                         VPOS="1652"
                         HPOS="413">
                  <String ID="string_tl_33"
                          HEIGHT="29"
                          WIDTH="95"
                          VPOS="1652"
                          HPOS="413"
                          CONTENT="repos."/>
               </TextLine>
            </TextBlock>
            <TextBlock ID="r_1_24" HEIGHT="47" WIDTH="1451" VPOS="1680" HPOS="326">
               <Shape>
                  <Polygon POINTS="326,1680 1777,1680 1777,1727 326,1727"/>
               </Shape>
               <TextLine ID="tl_34"
                         BASELINE="1726"
                         HEIGHT="45"
                         WIDTH="1449"
                         VPOS="1681"
                         HPOS="327">
                  <String ID="string_tl_34"
                          HEIGHT="45"
                          WIDTH="1449"
                          VPOS="1681"
                          HPOS="327"
                          CONTENT="131 Poultier (P.), célèbre chanteur de l’Opéra.— L. a. s. à M. Adam;"/>
               </TextLine>
            </TextBlock>
            <TextBlock ID="r_1_25" HEIGHT="82" WIDTH="1370" VPOS="1724" HPOS="409">
               <Shape>
                  <Polygon POINTS="409,1724 1779,1724 1779,1806 409,1806"/>
               </Shape>
               <TextLine ID="tl_35"
                         BASELINE="1771"
                         HEIGHT="46"
                         WIDTH="1366"
                         VPOS="1725"
                         HPOS="412">
                  <String ID="string_tl_35"
                          HEIGHT="46"
                          WIDTH="1366"
                          VPOS="1725"
                          HPOS="412"
                          CONTENT="— Nantes, 1845, 2 p. in-8. Il y parle des grands succès qu’il a"/>
               </TextLine>
               <TextLine ID="tl_36"
                         BASELINE="1805"
                         HEIGHT="35"
                         WIDTH="1367"
                         VPOS="1770"
                         HPOS="410">
                  <String ID="string_tl_36"
                          HEIGHT="35"
                          WIDTH="1367"
                          VPOS="1770"
                          HPOS="410"
                          CONTENT="dans cette ville. 2 »"/>
               </TextLine>
            </TextBlock>
            <TextBlock ID="r_1_26" HEIGHT="47" WIDTH="1456" VPOS="1812" HPOS="326">
               <Shape>
                  <Polygon POINTS="326,1812 1782,1812 1782,1859 326,1859"/>
               </Shape>
               <TextLine ID="tl_37"
                         BASELINE="1858"
                         HEIGHT="45"
                         WIDTH="1454"
                         VPOS="1813"
                         HPOS="327">
                  <String ID="string_tl_37"
                          HEIGHT="45"
                          WIDTH="1454"
                          VPOS="1813"
                          HPOS="327"
                          CONTENT="132 Proudhon (P.-J.), le célèbre écrivain socialiste. — L. a. s. à"/>
               </TextLine>
            </TextBlock>
            <TextBlock ID="r_1_27" HEIGHT="91" WIDTH="1369" VPOS="1856" HPOS="410">
               <Shape>
                  <Polygon POINTS="410,1856 1779,1856 1779,1947 410,1947"/>
               </Shape>
               <TextLine ID="tl_38"
                         BASELINE="1903"
                         HEIGHT="46"
                         WIDTH="1366"
                         VPOS="1857"
                         HPOS="412">
                  <String ID="string_tl_38"
                          HEIGHT="46"
                          WIDTH="1366"
                          VPOS="1857"
                          HPOS="412"
                          CONTENT="M. Mazel; prison de Sainte-Pélagie, 6 mars 1852, 3 p. in-8. Un"/>
               </TextLine>
               <TextLine ID="tl_39"
                         BASELINE="1946"
                         HEIGHT="45"
                         WIDTH="1365"
                         VPOS="1901"
                         HPOS="411">
                  <String ID="string_tl_39"
                          HEIGHT="45"
                          WIDTH="1365"
                          VPOS="1901"
                          HPOS="411"
                          CONTENT="peu tachée. 10 »"/>
               </TextLine>
            </TextBlock>
            <TextBlock ID="r_1_28"
                       HEIGHT="506"
                       WIDTH="1372"
                       VPOS="1944"
                       HPOS="411">
               <Shape>
                  <Polygon POINTS="411,1944 1783,1944 1783,2450 411,2450"/>
               </Shape>
               <TextLine ID="tl_40"
                         BASELINE="1985"
                         HEIGHT="40"
                         WIDTH="1340"
                         VPOS="1945"
                         HPOS="441">
                  <String ID="string_tl_40"
                          HEIGHT="40"
                          WIDTH="1340"
                          VPOS="1945"
                          HPOS="441"
                          CONTENT="Très-curieuse lettre relative à la mise en pratique de sa banque d’échange, dont"/>
               </TextLine>
               <TextLine ID="tl_41"
                         BASELINE="2024"
                         HEIGHT="39"
                         WIDTH="1366"
                         VPOS="1985"
                         HPOS="416">
                  <String ID="string_tl_41"
                          HEIGHT="39"
                          WIDTH="1366"
                          VPOS="1985"
                          HPOS="416"
                          CONTENT="il a renoncé à s’occuper personnellement depuis le deux décembre. Le dernier décret"/>
               </TextLine>
               <TextLine ID="tl_42"
                         BASELINE="2063"
                         HEIGHT="40"
                         WIDTH="1366"
                         VPOS="2023"
                         HPOS="414">
                  <String ID="string_tl_42"
                          HEIGHT="40"
                          WIDTH="1366"
                          VPOS="2023"
                          HPOS="414"
                          CONTENT="sur la Banque de France lui plaît plus que le précédent, et il voit au bout la con¬"/>
               </TextLine>
               <TextLine ID="tl_43"
                         BASELINE="2102"
                         HEIGHT="40"
                         WIDTH="1367"
                         VPOS="2062"
                         HPOS="414">
                  <String ID="string_tl_43"
                          HEIGHT="40"
                          WIDTH="1367"
                          VPOS="2062"
                          HPOS="414"
                          CONTENT="version de la lente, et même la liquidation sociale. « Vous verrez, dit-il, que"/>
               </TextLine>
               <TextLine ID="tl_44"
                         BASELINE="2141"
                         HEIGHT="40"
                         WIDTH="1364"
                         VPOS="2101"
                         HPOS="416">
                  <String ID="string_tl_44"
                          HEIGHT="40"
                          WIDTH="1364"
                          VPOS="2101"
                          HPOS="416"
                          CONTENT="Louis Bonaparte, pour avoir décrété la centième partie de ce que le monde demande"/>
               </TextLine>
               <TextLine ID="tl_45"
                         BASELINE="2179"
                         HEIGHT="40"
                         WIDTH="1365"
                         VPOS="2139"
                         HPOS="412">
                  <String ID="string_tl_45"
                          HEIGHT="40"
                          WIDTH="1365"
                          VPOS="2139"
                          HPOS="412"
                          CONTENT="et que je propose, sera mis au rang des bienfaiteurs de l’humanité, tandis que votre"/>
               </TextLine>
               <TextLine ID="tl_46"
                         BASELINE="2215"
                         HEIGHT="37"
                         WIDTH="1365"
                         VPOS="2178"
                         HPOS="413">
                  <String ID="string_tl_46"
                          HEIGHT="37"
                          WIDTH="1365"
                          VPOS="2178"
                          HPOS="413"
                          CONTENT="serviteur restera un misérable ! » Au reste, il attend plus de l’avalanche d’or et"/>
               </TextLine>
               <TextLine ID="tl_47"
                         BASELINE="2255"
                         HEIGHT="37"
                         WIDTH="1369"
                         VPOS="2218"
                         HPOS="413">
                  <String ID="string_tl_47"
                          HEIGHT="37"
                          WIDTH="1369"
                          VPOS="2218"
                          HPOS="413"
                          CONTENT="d’argent dont nous menace la Californie et l’Australie que des petites démonstrations"/>
               </TextLine>
               <TextLine ID="tl_48"
                         BASELINE="2295"
                         HEIGHT="39"
                         WIDTH="1366"
                         VPOS="2256"
                         HPOS="414">
                  <String ID="string_tl_48"
                          HEIGHT="39"
                          WIDTH="1366"
                          VPOS="2256"
                          HPOS="414"
                          CONTENT="du Gouvernement. » La canaille humaine, ajoute-t-il, ne se rend qu'à la force : la"/>
               </TextLine>
               <TextLine ID="tl_49"
                         BASELINE="2333"
                         HEIGHT="39"
                         WIDTH="1363"
                         VPOS="2294"
                         HPOS="416">
                  <String ID="string_tl_49"
                          HEIGHT="39"
                          WIDTH="1363"
                          VPOS="2294"
                          HPOS="416"
                          CONTENT="raison, chez elle, a très-peu de crédit. Voilà pourquoi votre banque ne sera jamais,"/>
               </TextLine>
               <TextLine ID="tl_50"
                         BASELINE="2372"
                         HEIGHT="38"
                         WIDTH="1367"
                         VPOS="2334"
                         HPOS="414">
                  <String ID="string_tl_50"
                          HEIGHT="38"
                          WIDTH="1367"
                          VPOS="2334"
                          HPOS="414"
                          CONTENT="si elle réussit, qu'une entreprise commerciale donnant à ses fondateurs et à ses"/>
               </TextLine>
               <TextLine ID="tl_51"
                         BASELINE="2411"
                         HEIGHT="39"
                         WIDTH="1366"
                         VPOS="2372"
                         HPOS="414">
                  <String ID="string_tl_51"
                          HEIGHT="39"
                          WIDTH="1366"
                          VPOS="2372"
                          HPOS="414"
                          CONTENT="clients de jolis profits : pour qu’elle devienne une institution, il y faut un décroche¬"/>
               </TextLine>
               <TextLine ID="tl_52"
                         BASELINE="2449"
                         HEIGHT="36"
                         WIDTH="301"
                         VPOS="2413"
                         HPOS="413">
                  <String ID="string_tl_52"
                          HEIGHT="36"
                          WIDTH="301"
                          VPOS="2413"
                          HPOS="413"
                          CONTENT="ment général...»"/>
               </TextLine>
            </TextBlock>
            <TextBlock ID="r_1_29" HEIGHT="48" WIDTH="1453" VPOS="2447" HPOS="326">
               <Shape>
                  <Polygon POINTS="326,2447 1779,2447 1779,2495 326,2495"/>
               </Shape>
               <TextLine ID="tl_53"
                         BASELINE="2494"
                         HEIGHT="46"
                         WIDTH="1451"
                         VPOS="2448"
                         HPOS="327">
                  <String ID="string_tl_53"
                          HEIGHT="46"
                          WIDTH="1451"
                          VPOS="2448"
                          HPOS="327"
                          CONTENT="133 Raspail (F.-V.), célèbre chimiste et homme politique, député"/>
               </TextLine>
            </TextBlock>
            <TextBlock ID="r_1_30" HEIGHT="47" WIDTH="1367" VPOS="2492" HPOS="411">
               <Shape>
                  <Polygon POINTS="411,2492 1778,2492 1778,2539 411,2539"/>
               </Shape>
               <TextLine ID="tl_54"
                         BASELINE="2538"
                         HEIGHT="45"
                         WIDTH="1365"
                         VPOS="2493"
                         HPOS="412">
                  <String ID="string_tl_54"
                          HEIGHT="45"
                          WIDTH="1365"
                          VPOS="2493"
                          HPOS="412"
                          CONTENT="du Rhône. — L. a. s., 1837, 1 p. in-8. 3 »"/>
               </TextLine>
            </TextBlock>
            <TextBlock ID="r_1_31" HEIGHT="49" WIDTH="1456" VPOS="2535" HPOS="327">
               <Shape>
                  <Polygon POINTS="327,2535 1783,2535 1783,2584 327,2584"/>
               </Shape>
               <TextLine ID="tl_55"
                         BASELINE="2583"
                         HEIGHT="47"
                         WIDTH="1454"
                         VPOS="2536"
                         HPOS="328">
                  <String ID="string_tl_55"
                          HEIGHT="47"
                          WIDTH="1454"
                          VPOS="2536"
                          HPOS="328"
                          CONTENT="134 Ravignan (le Père de), jésuite, célèbre prédicateur, né à"/>
               </TextLine>
            </TextBlock>
            <TextBlock ID="r_1_32" HEIGHT="48" WIDTH="1366" VPOS="2580" HPOS="413">
               <Shape>
                  <Polygon POINTS="413,2580 1779,2580 1779,2628 413,2628"/>
               </Shape>
               <TextLine ID="tl_56"
                         BASELINE="2627"
                         HEIGHT="46"
                         WIDTH="1364"
                         VPOS="2581"
                         HPOS="414">
                  <String ID="string_tl_56"
                          HEIGHT="46"
                          WIDTH="1364"
                          VPOS="2581"
                          HPOS="414"
                          CONTENT="Bayonne. — Bil. a. s., 1 p. in-18. 2 »"/>
               </TextLine>
            </TextBlock>
         </PrintSpace>
      </Page>
   </Layout>
</alto>
