1876 2823
907 150 163 37 - 8 -

263 245 1448 51 ne peuvent même pas exister. » On ne peut pas être en effet plus

263 296 1447 50 naïf, et ceci montre parfaitement que Lucas ne donnait pas toujours à

265 344 1446 52 M. Chasles ses ridicules autographes du moyen-âge comme de simples

263 395 136 48 copies.

317 443 1388 52 Une remarque essentielle, et qui n’a pas été faite, que nous sachions,

262 491 1450 53 dans le cours des débats, c’est qu’il est certain que pas une seule des

265 543 1446 50 pièces reconnues pour vraies par les experts, n’a rapport aux discus¬

263 590 1450 42 sions soutenues devant l’Académie des sciences. MM. Bordier et Mabille

264 643 1449 50 ont dû reconnaître ces pièces au premier coup d’œil, et les séparer sans

267 691 778 50 hésitation de la collection fantastique.

315 757 1401 49 Autres dupes de Lucas. —Cette question est peut-être la plus grave, à

265 805 1452 52 notre point de vue, du moins. Le président ayant demandé à M. B. Bordier

263 854 1452 52 si le prévenu a vendu à d’autres qu'à M. Chasles, il a répondu : « On

267 905 1447 51 m'a cité deux exemples: M. le marquis Duprat et un employé de je ne

265 955 539 49 sais plus quel ministère. »

317 1004 1401 51 Le défenseur, revenant sur les faits qui se passaient lorsque Lucas

266 1052 1452 47 était encore chez M. Letellier, raconte « comment, cédant aux sollicita¬

268 1102 1452 52 tions d’un vieux marquis, entiché de noblesse, Lucas fabriqua des

267 1152 1451 51 lettres de Montaigne, que M. Feuillet de Couches a insérées dans son

267 1202 1452 45 troisième volume des Causeries d'un curieux, se contentant de remar¬

266 1251 1450 50 quer que le style de Montaigne était un peu négligé dans ces deux

266 1300 447 51 lettres inédites. » (1).

310 1427 1411 46 (1) M. Feuillet répondait par la lettre suivante, insérée dans la

267 1471 751 38 Gazette des Tribunaux du 26 février :

540 1539 156 36 Monsieur,

308 1593 1416 38 Dans le compte que rend la Gazette des Tribunaux de ce jour, de la plaidoirie de

266 1632 1459 38 l'avocat de M. Lucas, condamné comme ayant vendu de faux autographes à l'honorable

267 1671 1457 37 académicien M. Chasles, vous reproduisez une allusion qu'a faite l’avocat aux Causeries

267 1709 1455 39 d’un curieux, où j’ai imprimé deux lettres de Montaigne, que M. Lucas dit aujourd’hui

268 1748 1457 40 avoir fabriquées de sa minerve, et vendues à M. le marquis Duprat. J'ai eu effet publié

266 1787 1458 40 deux lettres de Montaigne qui m’avaient été communiquées par M. le marquis Duprat ;

270 1826 1452 42 mais je me suis bien gardé de les annoncer comme publiées sur des originaux autographes.

268 1865 1455 40 J’ai dit que je les donnais sur des fac simile, ce qui est bien différent. Sur ce point, je

267 1903 1457 44 n'étais pas d accord avec le loyal marquis, qui les a publiées depuis, a ce titre, dans son

268 1942 1456 41 livre des Glanes et Regains. L’organe, si distingué, de M. Lucas a dit au Tribunal qu’en

271 1977 1454 43 publiant les lettres, je me suis borné à remarquée que le style de Montaigne était un

269 2020 1456 40 peu néglige dans les deux lettres. Ce n’était, pas tout dire. En les recevant, j’avais

269 2059 1455 39 fait observer à M. Duprat que ce qu’il avait pris jusqu'ici pour des originaux était tout au

271 2097 1450 40 plus des fac simile, et encore des fac simile fautifs et qui décelaient une main inexpéri¬

270 2136 1455 41 mentée. Mais il m’affirmait avoir trouvé ces pièces dans l’ancien cartulaire de sa famille,

270 2175 1457 40 a lui transmis par son père. Sa conviction en ce sens était si ferme, que, plusieurs mois

269 2214 1455 40 après ma publication, faite cependant avec réserves, il reproduisit les lettres comme

270 2253 162 35 originales.

306 2290 1419 42 J’hésitais beaucoup à les mettre au jour, lorsque, consulté par moi à ce sujet, l’homme

270 2330 1456 42 le plus compétent en matière de documents de Montaigne, M le docteur Payen, opina

267 2369 1458 41 qu’il n’y avait pas de motifs suffisants pour s’abstenir, attendu qu’il se pouvait qu’au

269 2408 1455 40 fond, quelque fût l’étrangeté d’apparence et de forme du fac simile, le texte fût exact.

269 2446 1456 42 Et, de fait, le mystificateur, beaucoup plus instruit par la lecture qu’on ne l’a représenté,

270 2484 1456 43 n'avait été ici que plagiaire : il avait agi, en cette circonstance, comme pour ses soi-

270 2525 1457 41 disantes lettres de Pascal, qui ont si longtemps tenu en éveil une grande Académie et

270 2564 1455 42 saisi un des grands esprits de ce temps, M. Thiers ; il avait copié mot pour mot les
