2550 3299
1654 256 254 46 Sala VII.

676 522 1055 60 <b>VII.</b> — SALA UNGHERESE

597 780 1291 43 Nella storia dell’arte troveranno indubbiamente posto due

507 840 1381 41 recenti é importanti iniziative italiane, I'Esposizione di Torino

504 901 1382 41 che nel 1902 presentò per la prima volta raccolti i risultati con¬

504 960 1383 41 seguiti nel campo delle arti decorative e le Esposizioni interna¬

509 1019 1377 41 zionali d’arte, organizzate dalla Città di Venezia, nell’intento

501 1080 1382 40 di promuovere il ritorno all’antica e quasi obliata unità dell'arte.

593 1139 1291 42 Seguendo la nobile tradizione del passato, l’Italia volle col¬

500 1198 1384 42 laboratrici in tale iniziativa le altre nazioni, e fece appello an¬

500 1258 379 41 che all’ Ungheria.

592 1318 1291 42 Il nostro Governo, condividendo e approvando le aspira¬

497 1377 1387 42 zioni della Mostra veneziana, fu lieto di accoglierne l’invito

496 1437 1385 41 cordiale e di concorrere direttamente all’ organizzazione della

497 1497 1384 42 Sala che gli veniva concessa. Cosi I'Ungheria fu in grado di

498 1557 1383 41 raccogliere in un ambiente di schietta impronta nazionale le

497 1617 1384 43 opere d’arte germogliate sul suo suolo, intriso del sangue ver¬

493 1678 1157 41 sato per i nobili ideali di civilizzazione e di libertà.

585 1739 1292 41 Il passato dell’arte ungherese si presenta come un musaico,

494 1797 1383 41 in cui le lacune rompano ad ogni tratto il disegno. Tuttavia in

492 1857 1384 41 esso possiamo scernere costanti tre caratteri : una tendenza al

493 1917 1386 42 fasto nella decorazione, una propensione spiccata per la indi¬

492 1977 1382 40 pendenza individuale, il culto vivace della tradizione storica.

584 2035 1293 43 Il primo di questi caratteri dà alla produzione artistica un¬

489 2095 1388 42 gherese quell’esuberanza orientale che le è inseparabile : il se¬

489 2154 1388 43 condo ci spiega l'assenza completa — o quasi — di una scuola

489 2214 1387 42 o di una consuetudine, sopratutto nella pittura : il terzo infine

489 2275 1386 41 ci induce ad attingere la nostra inspirazione intorno a noi, nel¬

489 2333 1384 37 l'ambiente stesso che ci circonda, saturo di ricordi, stretto da

488 2393 829 42 mille vincoli indistruttibili al passato.

579 2453 1296 43 Nulla di più naturale dunque, che gli architetti Jàmbor e

490 2512 1386 43 Bàllint, nel concepire la decorazione della Sala, abbiano subito

489 2574 1383 41 l'inflenza di certi motivi di colore, di disegno, di rilievo, pre¬

485 2632 1386 43 sentati da tutti gli oggetti da cui spiri un soffio d’arte, dagli
