1101 2361
231 490 452 527 Commissaire
477 486 604 525 général
621 484 625 515 :
655 484 725 513 Mac
752 477 1023 511 Constantinescu

233 544 384 571 Professeur
402 539 417 565 à
439 537 565 565 l’Institut
583 536 634 561 des
656 531 813 558 Beaux-Arts
832 530 868 555 de
888 527 1025 553 Bucarest.

775 89 1091 147 <b>ROUMANIE</b>
197 679 213 708 Il
232 678 281 708 est
297 682 362 705 rare
379 673 496 710 qu’une
512 677 619 700 œuvre
637 665 804 698 collective
821 671 858 694 se
876 661 1027 700 présente

142 722 179 752 de
205 716 342 749 manière
370 713 512 745 unitaire.
543 710 700 744 Pourtant,
729 708 812 737 dans
843 706 871 735 le
899 711 958 734 cas
985 702 1028 731 du

143 768 254 800 groupe
289 755 389 788 formé
426 762 481 793 par
518 754 546 783 le
583 752 705 789 peintre
744 744 1029 779 monumentaliste

145 805 191 834 Ion
221 800 338 835 Stendl,
370 797 498 827 l’artiste
529 791 727 825 décoratrice
757 788 921 819 Theodora
956 785 1030 815 Moi-

144 852 233 876 sescu
262 844 294 872 et
321 848 378 871 son
408 839 504 876 jeune
533 834 622 866 élève
655 833 741 863 Radu
772 831 890 865 Stoica,
922 826 1031 859 l’unité

144 895 159 917 a
190 884 238 915 été
269 881 508 913 effectivement
541 874 686 908 réalisée.
722 875 761 905 Ils
794 874 849 903 ont
881 869 955 901 créé
989 877 1029 899 un

145 926 301 964 complexe
325 922 462 959 d’objets
487 920 653 958 picturaux
677 918 711 946 et
734 915 951 952 sculpturaux,
978 911 1030 948 qui

145 967 348 1003 enveloppent
380 964 407 994 le
437 962 624 999 spectateur
653 958 736 988 dans
768 964 830 986 une
861 954 1032 985 ambiance

145 1008 274 1047 spatiale
299 1008 333 1036 et
358 1003 534 1043 psychique
560 1002 639 1031 dont
666 1001 694 1030 le
721 998 878 1035 diapason
907 994 1033 1026 affectif

146 1052 193 1081 est
215 1046 378 1085 escompté
404 1053 482 1076 avec
508 1042 677 1082 précision.
707 1041 745 1071 Ils
771 1041 826 1070 ont
852 1036 959 1068 donné
984 1036 1033 1066 vie

146 1099 182 1122 au
200 1089 304 1121 thème
322 1087 480 1119 ancestral
501 1087 560 1116 des
579 1085 696 1116 Quatre
714 1081 883 1116 éléments,
905 1086 966 1109 une
985 1078 1034 1108 vie

149 1132 308 1170 plastique,
345 1128 506 1167 picturale,
542 1123 820 1160 architectonique
855 1124 889 1152 et
923 1119 1037 1151 scéno-

147 1173 321 1211 graphique.
348 1172 386 1201 Le
411 1177 529 1207 paysan
557 1167 709 1202 roumain,
734 1165 817 1196 dans
844 1162 935 1194 l’idée
961 1162 1034 1199 qu’il

147 1223 182 1246 se
204 1214 260 1244 fait
282 1213 323 1243 de
349 1212 375 1242 la
400 1211 459 1246 vie,
485 1209 597 1239 établit
622 1216 685 1239 une
710 1205 895 1241 similitude,
920 1204 1037 1242 jamais

148 1254 311 1290 démentie,
347 1254 436 1284 entre
474 1252 521 1281 les
557 1249 718 1280 éléments
754 1248 806 1285 qui
845 1247 1038 1284 composent

151 1297 289 1328 l’univers
315 1313 355 1318 —
385 1295 411 1324 la
441 1295 533 1328 terre,
566 1291 638 1327 l’air,
671 1290 761 1324 l’eau,
795 1290 823 1319 le
852 1289 907 1318 feu
936 1305 977 1311 —
1006 1288 1038 1317 et

152 1339 175 1368 la
202 1336 405 1375 mystérieuse
431 1334 572 1365 création
598 1333 639 1363 de
667 1332 825 1362 l’homme.
854 1330 893 1359 Le
918 1336 1039 1366 groupe

151 1379 254 1410 Stendl
284 1386 301 1408 a
329 1377 387 1408 fait
416 1376 531 1407 revivre
560 1382 598 1405 ce
629 1373 734 1410 mythe
763 1370 863 1402 fondé
891 1378 947 1401 sur
977 1377 1039 1399 une

151 1420 298 1459 profonde
320 1420 353 1450 et
374 1417 570 1455 magnifique
593 1414 784 1453 expérience
807 1412 976 1443 collective
995 1412 1040 1441 de

153 1460 337 1497 l'humanité,
362 1460 436 1490 fruit
458 1460 499 1489 de
523 1466 579 1489 ses
602 1456 771 1487 traditions
796 1454 952 1490 occultes,
977 1461 1040 1490 que

155 1502 372 1540 l’imagination
408 1502 448 1531 de
485 1500 611 1537 chaque
649 1498 767 1536 peuple
804 1496 911 1527 colore
948 1494 965 1525 à
1003 1502 1039 1524 sa

154 1544 287 1574 manière
311 1542 491 1581 spécifique
516 1542 598 1571 dans
625 1541 653 1570 le
678 1540 774 1569 cadre
800 1539 840 1568 de
866 1546 902 1567 sa
930 1544 1042 1574 propre

155 1585 345 1622 mythologie.
361 1585 383 1614 A
399 1592 456 1614 ces
472 1582 641 1620 questions
658 1580 840 1616 éternelles,
861 1579 911 1609 Ion
930 1579 1040 1609 Stendl

155 1628 185 1656 et
203 1634 256 1657 ses
277 1626 525 1656 collaborateurs
547 1623 726 1661 répondent
745 1621 763 1653 à
786 1621 879 1652 l’aide
900 1621 941 1651 de
962 1628 1045 1657 sym¬

156 1667 241 1698 boles
268 1668 420 1705 spatiaux.
452 1667 485 1697 Et
514 1674 571 1696 ces
600 1664 765 1702 symboles
795 1663 975 1701 rappellent
1003 1662 1044 1691 de

156 1708 290 1739 manière
313 1709 493 1739 troublante
517 1707 659 1737 certains
684 1706 790 1743 objets
815 1704 978 1741 rustiques
1004 1712 1044 1733 en

158 1750 231 1786 bois,
264 1750 355 1787 qu’ils
387 1750 493 1780 soient
525 1750 658 1785 d’usage
694 1747 841 1777 utilitaire
876 1754 915 1776 ou
952 1745 1045 1783 qu’ils

157 1791 257 1822 soient
281 1791 487 1829 simplement
515 1789 728 1827 héraldiques,
757 1796 885 1818 comme
916 1788 943 1817 le
972 1789 1046 1817 sont

160 1832 203 1862 les
225 1832 305 1863 croix
327 1834 367 1862 de
391 1833 461 1863 bois
484 1831 622 1867 entaillé,
648 1829 796 1869 plantées
820 1838 860 1860 au
886 1829 961 1860 bord
987 1830 1046 1859 des

160 1876 261 1904 routes
286 1882 324 1904 ou
351 1882 410 1904 aux
435 1874 622 1909 carrefours,
650 1881 689 1903 ou
719 1873 766 1903 les
792 1872 898 1909 objets
924 1872 1048 1909 apotro-

160 1915 289 1952 païques
305 1916 364 1946 des
382 1915 543 1952 bergeries
560 1915 602 1944 de
621 1916 794 1951 montagne
812 1913 865 1951 qui
885 1912 1049 1950 éloignent

161 1956 205 1986 les
231 1957 369 1987 mauvais
395 1956 507 1993 génies
533 1958 566 1987 et
591 1954 744 1986 amènent
772 1956 799 1985 le
827 1955 932 1985 calme
960 1956 992 1984 et
1021 1955 1047 1984 la

161 1997 235 2033 paix.

215 2076 296 2106 Ainsi
324 2077 350 2106 le
378 2076 509 2113 langage
534 2075 669 2105 abstrait
693 2076 725 2104 et
750 2073 832 2104 celui
860 2073 901 2102 du
928 2072 1051 2103 surréa¬

164 2116 251 2147 lisme
275 2117 425 2147 viennent
450 2125 487 2148 se
515 2116 615 2147 mêler
639 2115 657 2147 à
688 2116 715 2145 la
744 2115 902 2145 narration
930 2115 1053 2145 fantas¬

163 2157 246 2194 tique
274 2159 331 2189 des
360 2159 497 2189 artisans
527 2158 718 2196 populaires.
752 2157 794 2187 De
826 2156 940 2192 même,
972 2156 1053 2186 chez

166 2198 298 2230 Dimitrie
321 2200 493 2236 Gavrilean,
519 2200 565 2230 les
589 2200 760 2230 coutumes
784 2199 827 2229 du
854 2198 972 2228 Nouvel
997 2199 1053 2235 An,

1011 2285 1054 2320 111
