1584 2733
797 185 168 64 ( 28 )

420 280 1030 50 du désert, une croix de bois à la main, et se

424 350 1026 53 prosternèrent à ses pieds pour recevoir sa bé¬

423 418 1027 55 nédiction. Il mourut à la grande Chartreuse

423 486 1079 57 le 19 juillet, onze jours apres son installation.

314 727 1137 55 FORBIN (le comte Auguste de), né à Aix, dépar¬

370 797 1083 50 tement des Bouches-du-Rhône, membre de l’Ins¬

370 866 1087 50 titut, chevalier de l’ordre de Malte, officier de

369 934 1086 56 la Légion d’Honneur, directeur général des Mu¬

369 1004 287 53 sées Royaux.

319 1127 731 68 27. L’éruption du Vésuve.

482 1253 971 53 Cette éruption, qui couvrit la ville de Pom¬

428 1321 1030 53 péi de cendres et engloutit celle d’Hercula¬

426 1389 1029 54 num l’an 79 de l'ère chrétienne, sous le régne

428 1456 1037 54 de Titus, détruisit aussi la ville de Stabia,

427 1527 1028 53 située a peu de distance du volcan. C’est à

430 1595 1024 53 Stabia que Pline le naturaliste vint si auda¬

429 1662 1027 54 cieusement étudier ce phénomène dont il fut

430 1732 1025 54 victime; il est représenté debout, dictant ses

429 1798 1029 56 observations à un affranchi. On voit près de

429 1870 1027 53 lui la statue équestre de Vespasien. L’éruption

431 1940 1027 54 duroit depuis quelques heures, quand les

431 2009 1026 55 prêtres descendirent du temple de la Victoire

432 2077 1022 53 romaine, pour offrir un sacrifice aux divini¬

434 2145 1023 53 tés infernales. Le peuple se réfugie sous les

433 2213 1021 57 parvis du temple; l’air se charge déjà de ma-
