1551 2694
613 209 168 60 ( 29 )

241 300 1023 53 tières sulfureuses. On aperçoit sur le second

242 368 1020 54 plan les obélisques consacrés à Osiris, son

243 438 1018 54 temple, celui de Jupiter placé sur la colline

242 506 1018 55 dominant le quartier des prétoriens qui cou¬

242 575 1019 53 ronne les hauteurs : Pompéi, couverte d’un

241 644 1020 53 voile de cendres, paroit à peine dans le loin¬

240 713 1023 54 tain. Le faubourg d’Herculanum, qui termine

241 781 1022 54 la gauche du tableau, est déjà la proie des

242 850 1021 53 flammes. Peu de moments après toutes ces

243 917 1020 53 villes furent consumées, renversées par le

244 986 1018 53 tremblement de terre; tout périt au milieu

243 1054 1021 52 de la plus épouvantable convulsion de la

244 1132 155 29 nature.

138 1322 1126 54 Les frères FRANQUE (Pierre et Joseph), nés au

324 1391 750 52 Buis, département de la Drôme.

140 1487 1123 65 28. Daphnis montrant à jouer de la flûte

203 1568 228 47 à Chloé.

303 1672 960 55 Ce sujet est tiré d’un roman grec de Lon¬

248 1740 1018 57 gus, traduit en françois par Amyot, et qui

249 1808 1003 54 est intitulé les Amours de Daphnis et Chloé.

303 1877 964 53 Suivant le roman, Daphnis et Chloé, aban¬

249 1945 1020 52 donnés par leurs parents, furent recueillis

252 2013 1015 54 par des bergers qui les élevèrent. Quand ils

249 2079 1017 59 furent grands, on leur apprit l’état de pasteur.

248 2149 1018 54 Ils s’aimèrent dès leur plus tendre enfance.

248 2217 1020 55 Souvent ils faisoient paître ensemble leurs

982 2291 36 40 3.
