2960 4929
295 293 96 70 28

1361 301 300 58 MANUEL

285 447 2448 106 gloriosum aut promptum effectu, aut certe non arduum sit.

291 571 2450 102 Tous ceux qui osent former de grands desseins sont tenus

291 691 2442 104 d’examiner si leur entreprise est utile à la république, si

293 815 2444 104 elle paraît d’une exécution facile, ou du moins si elle ne

291 935 2440 110 présente pas trop d’obstacles. CIC. Verr. I, 51. Cum sibi

283 1061 2450 106 omnes ad illum allegationes difficiles, omnes aditus arduos

283 1185 2452 106 ac pæne interclusos viderent. Voyant les difficultés qu’il y

281 1301 2440 106 avait pour eux à faire parvenir une députation jusqu’à lui,

281 1425 2448 100 toutes les voies hérissées d’obstacles et pour ainsi dire

281 1549 348 80 barrées.

281 1735 1990 94 ARDUUS, v. Altus. ARENA, v. Sabulum.

379 1911 2342 84 ARGUERE. INCUSARE. CULPARE. CRIMINARI. INSIMULARE.

291 2037 2432 102 DEFERRE. ACCUSARE. Arguere, terme général pour toutes

277 2161 2450 100 les manières de mettre au jour une faute supposée ou

279 2283 2450 104 réelle par devant la justice ou ailleurs, incriminer; incu¬

275 2407 2456 102 sare et le terme rare de culpare ne marquent qu’une accu¬

279 2529 2452 104 sation extrajudiciaire ; criminari, accuser avec des sen¬

279 2653 2448 102 timents d’hostilité ou de méchanceté, en noircissant;

279 2775 2446 96 insimulare, accuser faussement, sans reculer devant la

281 2897 2444 104 calomnie, rendre suspect; deferre, dénoncer au juge;

275 3019 2458 106 accusare, accuser au criminel. CIC. Lig. IV, 10. Arguis la¬

279 3143 2452 96 tentem. Non est satis. Accusas eum. Il avoue, et tu l’incri¬

283 3265 2444 102 mines. Tu ne t’en tiens pas là. Tu le poursuis devant les

275 3387 688 102 juges criminels.

383 3511 2344 104 ARIDUS. TORRIDUS. SICCUS. Aridus et torridus marquent

287 3633 2442 102 une privation de sucs : les arida ont perdu leur humidité

289 3755 2444 106 naturelle par l’effet d’un feu qui agit à l’intérieur; l’équi¬

279 3875 2454 108 valent grec est αὖος, l’opposé humidus; les torrida, par

279 3999 2460 106 l’effet d’une chaleur qui agit du dehors au dedans; ils ont

281 4123 2452 110 pour opposé uvidus, comme σκληῥς; siccus ne marque

283 4243 2454 110 qu’une sécheresse extérieure, limitée à la surface, par

287 4365 2438 108 opposition à madidus, comme ξηρός. PLIN. H. N. XII, 12.
