2982 5010
221 385 44 68 8

1299 399 304 58 MANUEL

221 549 2446 104 infenso cessit hosli. Il lance à Tarquin un trait dangereux;

217 671 1914 104 Tarquin se retira devant cet ennemi furieux.

319 793 2354 102 3. Hosticus marque un rapport de convenance : ennemi,

219 915 2444 106 qui appartient à l'ennemi; hostilis, une disposition,

219 1039 654 82 comme hostile.

321 1161 2352 102 ADVOCATUS. CAUSIDICUS. Dans l’âge d’argent de la langue

221 1285 2458 102 latine, advocatus désigne un procureur par rapport aux

221 1409 2454 102 services qu'il rend, et à son client dpnt il est l’ami et l’ap¬

221 1531 2446 104 pui ; causidicus, par rapport à sa condition et à son mé¬

219 1655 2458 100 tier, souvent avec une idée de mépris, comme un mer¬

217 1781 336 78 cenaire.

221 1967 758 90 ÆDES, v. Templum.

315 2143 2360 106 ÆDIFICIUM. DOMUS. ÆDES. FAMILIA. 1. Ædificium, terme

221 2267 2454 106 général pour toute espèce de bâtiment, comme οἰκοδόμημα ;

217 2391 2464 100 domus et ædes, ædium, maison d’habitation : domus, de¬

223 2503 2446 118 meure, siège héréditaire d’une famille, comme οἶκος;

223 2639 2448 104 ædes, assemblage d’appartements, comme δόμοι, δώματα.

221 2763 2458 100 VIRG. G. Il, 461. Ingentem foribus domus alta superbis

223 2885 2456 82 mane salutantum totis vomit ædibus undam. La fière de¬

223 3009 2450 102 meure par ses portes orgueilleuses rejette, dès le matin,

225 3133 2448 102 de ses appartements encombrés un long flot de courtisans.

323 3255 2354 100 2. Domus, la famille au sens patriarcal, comme une so¬

227 3379 2456 102 ciété close et intime ; familia, au sens politique, comme

229 3503 2452 104 une partie de la noblesse, gens, de la cité, civitas, du

229 3625 690 106 peuple, populus.

329 3749 2346 104 ÆGER. ÆGROTUS. MORBIDUS. MORBUS. VALETUDO. 1. Æger,

231 3871 2454 102 terme général qui s’applique à toute espèce d’incommo¬

233 3995 2446 100 dité et de malaise, au trouble d’esprit comme au mal

233 4115 2452 102 physique; ægrotus et morbidus supposent une maladie du

237 4239 2438 100 corps; ægrotus, chez l’homme, morbidus, chez un animal.

235 4361 2450 102 L'æger se sent malade, l'ægrotus et le morbidus sont ma¬

243 4483 238 76 lades.
