2982 5017
223 447 98 70 16

1283 465 302 60 MANUEL

217 613 1974 96 AMANS, AMATOR, v. Amicus. AMARE, v. Diligere.

215 723 806 90 AMBIGUUS, v. Dubius.

319 883 2348 80 AMBIRE. CIRCUMIRE. Circumire se dit d’un mouvement

219 1003 2448 102 sinon exactement circulaire, du moins tenu de suivre

217 1127 2450 106 tous les contours d’un espace, faire le tour; ambire ne

221 1249 2448 104 désigne qu’un mouvement de va-et-vient» en zigzag, aller

219 1373 2450 102 çà et là, parcourir. PLIN. Ep. II, 9. Ambio domos statio¬

219 1497 2450 104 nesque circumeo. Je vais d’une maison à l’autre, je fais le

219 1617 2450 102 tour des lieux de réunion. Et CIC. Att. XIV, 21. Anto¬

221 1739 2448 102 nium circumire veteranos ut acta Cæsaris sancirent, c’est-

217 1861 2454 106 à-dire qu’il les sollicite tous à la ronde depuis le premier

211 1987 2452 104 jusqu’au dernier. Circumire est plus fort ici qu ambire,

221 2109 2450 100 lequel exprimerait en gros les sollicitations et les ma¬

221 2231 846 80 nœuvres d’Antoine.

219 2407 686 94 AMBO, v. Uterque.

313 2579 2354 80 AMBULARE. SPATIARI. DEAMBULARE. INAMBULARE. OBAM¬

221 2699 2446 104 BULARE. 1. Ambulare présente la promenade comme un

219 2823 2452 88 exercice fait à loisir, c’est un mouvement de va-et-vient

219 2949 2458 102 par opposition d’une part à stare et cubare, d’autre part

219 3069 2452 114 à currere et salire; spatiari donne l’idée d’un exercice

221 3189 2446 106 au grand air, par opposition à l’espace restreint d’une

221 3313 1228 84 chambre ou d’un lieu fermé.

319 3437 2350 106 2. Deambulare, aller et venir jusqu’à ce qu’on soit fa¬

221 3559 2442 104 tigué; inambulare, se promener dans un espace limité;

221 3683 2448 104 obambulare, se promener le long d’un mur, d’une allée,

221 3805 1808 104 ou à côté d’un compagnon de promenade.

319 3929 2346 82 AMENS. DEMENS. INSANUS. VESANUS. EXCORS. VECORS.

219 4051 2452 84 FUROR. DELIRIUM. RABIES. CERRITUS. LYMPHATUS. 1. L'a¬

217 4173 2452 104 mentia a un caractère négatif et passif; la dementia, une

219 4297 2452 102 influence positive et violente. L'amens manque de raison :

219 4415 2446 106 ou bien il n’agit pas du tout, ou il agit sans raison,

221 4535 2450 108 comme un idiot, ἂρων; le demens, tout en croyant bien

1137 4793 594 122 Digitized by Google
