2982 5010
1129 425 1656 70 DE SYNONYMIE LATINE. 7

323 581 762 92 ADIGERE, v. Cogere.

323 693 800 86 ADIPISCI, v. Invenire.

323 805 878 94 ADMODUM, v. Perquam.

323 919 812 88 ADOLESCENS, v. Puer.

323 1029 968 88 ADSCENDERE, v. Scandere.

323 1137 908 92 ADSOLERE, v. Solere.

325 1253 824 88 ADULARI, v. Assentiri.

323 1361 804 88 ADVENA, v. Externus.

1545 587 788 86 ADIMERE, v. Demere.

1555 699 778 90 ADMIRARI, v. Vereri.

1563 923 750 90 ADORARE, v. Vereri.

1551 1035 800 86 ADSQEUI, v. Invenire.

1555 1145 1224 90 ADSPECTUS, ADSPICERE, v. Videre.

1553 1255 768 88 ADUNCUS, v. Curvus.

1557 1369 861 98 ADVENTOR, v. Hospes.

423 1563 2356 94 ADVERSARIUS. HOSTIS. INIMICUS. 1. Adversarius, terme

323 1679 2458 108 général pour tout adversaire : à la guerre, dans la politi¬

325 1801 2456 100 que, en justice, comme άντιστάτης; hostis, ennemi à la

321 1929 2454 104 guerre, en campagne, par opposition à pacatus, comme

319 2045 2458 108 πολέμιος; inimicus, ennemi du fond du cœur, par opposi¬

323 2167 2452 124 tion à amicus, comme Ιχόρος. Cic. Man. 10. Pompeius

323 2289 2456 108 sæpius cum hoste conflixit quam quisquam cum inimico

321 2413 2454 108 concertavit. Pompée compte plus de combats contre des

319 2535 2454 106 armées ennemies, que qui que ce soit au monde ne

319 2659 2450 102 compte de luttes contre un ennemi particulier. Liv. XXII,

319 2779 2462 108 39. Nescio an infestior hic adversarius, quam ille hostis

321 2903 2454 104 maneat. J’appréhende que ton adversaire ne reste plus

321 3027 1188 100 dangereux que ton ennemi.

419 3149 2352 102 2. Hostilis et inimicus indiquent une disposition per¬

317 3271 2456 104 manente, infestus et infensus, un état passager : infestus

319 3393 2452 102 ne suppose qu’une attitude hostile, et peut se dire même

319 3517 2442 100 des objets inanimés qui nous menacent d’un danger;

321 3639 2452 102 infensus suppose des mouvements passionnés et ne se dit

321 3763 2444 102 que des personnes. TAC. Ann. XV, 28. Non infensum,

317 3857 2450 106 nedum hostili odio Corbulonis nomen habebatur. Le nom

319 4005 2442 102 de Corbulon n’avait jamais excité de ressentiment, loin

319 4129 2438 102 d’être l’objet d’une haine nationale. SEN. N. Q. III, pr.

313 4249 2448 100 Animus luxuriæ non adversus tantum, sed et infestus.

315 4373 2442 102 Ame non-seulement contraire, mais rebelle aux plaisirs.

313 4479 2448 120 Liv. 11, 20. Tarquinium infesto spiculo petit; Tarquinius
