2982 5054
1075 465 934 62 DE SYNONYMIE LATINE.

2675 459 94 70 13

323 613 762 88 ALACER, v. Gaudere.

423 771 2350 106 ALAPA. COLAPHUS. Alapa, soufflet, coup appliqué sur

321 891 2450 108 la figure avec le plat de la main, c’est une punition, mais

321 1015 2452 104 infligée avec modération; colaphus, coup assené sur la

319 1137 2458 110 tête avec le poing fermé et avec des marques de colère et

325 1261 420 80 de fureur.

421 1387 2350 96 ALBUS. CANDIDUS. ALBIDUS. 1. Albus, le blanc considéré

323 1507 2450 102 en général comme l’absence de toute couleur, ce qui n’a

323 1631 2442 102 pas de couleur; candidus, le blanc pris comme une cou¬

321 1753 2448 102 leur positive, la plus pure, la plus claire, en comparaison

325 1877 2446 100 de laquelle toutes les autres paraissent sombres ou même

321 1999 2450 104 sales ; c’est un beau blanc éclatant. L’album, qui a pour

321 2121 2450 104 opposé ater, tire, comme le λευκόν, sur le jaune pâle ; le

317 2245 2448 108 candidum, qui a pour opposé niger, tire, comme l'αργον,

319 2367 2454 106 sur le bleu pâle. Alba cutis, peau d’un malade, d’un hy¬

319 2491 2452 102 dropique ; candida, d’une personne qui est dans la fleur

319 2615 2452 100 de la jeunesse. Au figuré, albor est le symbole du bonheur

315 2737 2200 102 et de la joie; candor, de la pureté et de l’innocence.

413 2859 1604 98 2. Albus, blanc; albidus, blanchâtre.

415 2973 2350 108 AIERE. NUTRIRE. NUTRICARE. Alere, nourrir de manière

311 3107 2460 100 à pousser au développement et à la croissance ; nutrire et

311 3229 2448 100 nutricare, nourrir pour prolonger et assurer l’existence.

311 3351 2454 98 En d’autres termes : alimenta adjuvant, nutrimenta sus¬

311 3473 2444 100 tentant. Les aliments profitent, la nourriture soutient.

311 3597 2458 104 CIC. N. D. II, 63. Neque ali, neque sustentari. N'être ni gras¬

313 3719 2452 102 sement, ni même pauvrement nourri. Nutrire, terme gé¬

309 3843 2450 102 néral ; nutricare, terme particulier usité de préférence en

305 3969 906 102 parlant des animaux.

301 4133 2194 92 ALGERE, ALGIDUS, v. Frigere. ALIENIGENA, v. Externus.

407 4289 2346 86 ALIMENTA. PENUS. CIBUS. ESCA. EDULIA. CIBARE. PASCERE.

305 4409 2452 110 1. Alimenta et penus, vivres quelconques, solides ou li¬

303 4523 2450 124 quides : alimenta, en général, par rapport à l’homme pris
