2982 5014
1053 417 944 62 DE SYNONYMIE LATINE.

2651 411 96 70 37

293 569 2458 102 savoir-faire, son exactitude, son application, rendent un

291 693 2462 104 personnage utile dans la vie pratique, l’homme brave et

293 815 2452 110 rangé, par opposition à nequam, comme χρηστός. QUNITIL.

291 939 2462 98 VI, 4, 11. Non est altercandi ars... res animi jacentis et

291 1057 2454 108 mollis supra modum frontis, fallitque plerumque quod

299 1185 2452 102 probitas vocatur quæ est imbecillitas. Il faut, pour paraître

303 1309 2448 102 en maître aux débats, une âme qui ne se laisse point abat¬

299 1431 2450 100 tre, un front qui ne se courbe pas trop vite, et la commune

303 1553 2446 100 erreur vient de ce qu’on donne en cette matière le nom de

299 1671 2454 104 probité à la pure faiblesse d’esprit. CIC. Dej. 10. Frugi

295 1799 2458 102 hominem dici non multum laudis habet in rege. Ce n’est

301 1923 2450 102 pas faire un grand éloge d’un roi que de l’appeler un

299 2045 616 98 homme rangé.

397 2165 2354 104 2. Honestus et sanctus désignent un degré supérieur

299 2289 2450 104 de moralité qui s’inspire d’une raison plus haute, qui s’é¬

299 2411 2440 106 lève au-dessus du vulgaire et de la morale au jour le jour.

299 2537 2448 102 Honestus, âme noble et héroïque qui conforme sa con¬

295 2657 2454 104 duite aux principes d’un honneur exquis, par opposition

293 2781 2452 104 à turpis. Sanctus, âme religieuse et sainte que gouverne

295 2903 1064 102 le désir de plaire à Dieu.

301 3073 730 86 BRACHIUM, v. Ulna.

401 3227 2346 96 BREVIS. CURTUS. Brevis, court par nature; curtus, rac¬

293 3351 296 80 courci.

297 3517 788 94 BRUTUS, v. Stupidus.

1483 3789 84 114 C

285 4085 2110 100 CABALLUS, v. Equus. CACHINNARE, v. Ridere.

289 4205 720 88 CACUMEN, v. Acies.

387 4353 2350 108 CADAVER. CORPUS. Il y a entre cadaver et corpus à peu

285 4467 2436 114 près la même différence qu’entre os et ossements. Le
