2960 4929
221 443 98 68 14

1301 457 304 60 MANUEL

221 609 2470 102 individuellement; penus, par rapport à l’économie do¬

231 733 2464 100 mestique de toute une famille. Cibus et esca ne se disent

231 853 2452 108 que des aliments solides par opposition à potio. Cibus,

231 975 2452 102 aliment fourni par la nature, ressource alimentaire; esca,

235 1099 2450 104 mets qui a subi une préparation artificielle, plat apprêté.

239 1219 2452 104 Cibus est le seul de ces deux mots qui se dise aussi de

237 1343 2454 104 la nourriture des animaux ; esca, le seul qui convienne à

237 1465 2444 104 l’appât qu’on leur prépare et qu’on leur présente. CIC.

237 1589 2450 102 N. D. II, 47. Animalia cibum partim dentibus capessunt.

241 1713 2452 80 Un certain nombre d’animaux saisissent leur nourriture

235 1835 2456 98 avec les dents. Comparez avec II, 23. Dii nec escis nec

237 1957 2454 102 potionibus vescuntur. Les dieux se passent pour vivre de

239 2081 796 80 cuisine et de cave.

337 2199 2350 98 2. Cibaria, denrées alimentaires ordinaires et usuelles;

239 2321 2446 98 edulia, morceaux friands et recherchés. SUET. Tib. 46.

241 2443 2450 104 Comites nunquam salario, cibariis tantum sustentavit. Les

241 2567 2450 108 gens de sa suite ne tiraient de lui que des vivres, jamais de

245 2691 2450 100 salaire. Comparez avec Cal. 40. Pro eduliis certum statum¬

249 2813 2436 106 que exigebatur. Il avait mis un droit sur les comestibles.

341 2935 2354 100 3. Cibare, nourrir de sa propre main comme une mère

245 3059 2450 100 ou une bonne d’enfants; pascere, fournir seulement la

245 3181 2442 98 nourriture en qualité de tuteur ou de maître. Suet. Tib. 72.

245 3303 2440 104 Draconem manu sua cibaturus. Comparez avec Vesp. 18.

247 3425 2446 104 Sineret se plebeculam pascere. Un dragon auquel il allait

247 3551 2426 100 donner à manger de sa main. Il lui demanda la permis¬

249 3673 1942 100 sion de laisser au petit peuple sa subsistance.

251 3861 1964 94 ALIQUANDO, v. Nonnunquam. ALITES, v. Volucres.

351 4035 2346 102 ALLOQUI. APPELLARE. AFFARI. Alloqui, adresser la pa¬

253 4155 2444 106 role à quelqu’un, lui faire l’honneur de le saluer et de le

255 4279 2446 104 reconnaître ; appellare, prendre les devants pour engager

261 4401 2440 100 une personne dans une conversation, lui adresser des pa¬

257 4523 2440 100 roles sérieuses, sortir des phrases banales; affari, apos¬
