2982 5017
955 401 936 60 DE SYNONYMIE LATINE.

2543 389 98 66 27

197 523 2630 128 Tu invita mulieres, ego accivero pueros. Chargeons-nous,

199 673 2442 100 toi de prier les femmes, moi d’inviter les jeunes gens.

201 795 2444 104 Comparez avec Dej. 5. Venit vel rogatus ut amicus, vel

201 915 2454 108 arcessitus ut socius, vel evocatus ut qui senatui parere didi¬

203 1041 2452 100 cisset. Il s’est présenté ou en ami dont on souhaitait l’ar¬

205 1165 2448 102 rivée, ou en allié qu’on faisait venir, ou en sujet mandé

203 1287 2456 104 par le sénat et dressé à lui obéir. LIV. X, 19. Collèges auxi¬

205 1409 2448 98 lium quod acciendum ultro fuerit. Le secours de son col¬

209 1533 2448 102 lègue qu’il aurait dû demander sans façon. Comparez avec

209 1655 2450 102 XLIV, 31. Evocati litteris imperatoris. Mandés par un

211 1775 2446 102 ordre écrit du général. Et XXXIX, 11. Æbutia accita ad

211 1901 2450 102 Sulpiciam venit. Ebutia vint trouver Sulpicie comme elle

207 2025 2448 100 l’en avait priée. Mais 12. Ut Hispalam libertinam arcesse¬

209 2145 2194 102 ret ad sese. Afin de faire venir l’affranchie Hispala.

315 2269 2338 102 2. Arcessere signifiait primitivement pousser à venir;

213 2395 2444 94 accersere, à accourir en toute hâte; mais la ressemblance

215 2517 1634 82 de son a fait confondre les deux mots.

194 2707 838 100 ARCTUS, v. Angustus.

319 2887 2338 96 ARDERE. FLAGRARE. Ardere, brûler comme un brasier,

215 3005 2450 108 κἴθειν; flagrare, être en flammes, comme φλέγεσθαι. Au fi¬

215 3129 2450 104 guré, ardere marque une passion qui couve; flagrare, une

221 3251 2444 102 passion qui éclate. Cic. Or. III, 2, 8.. Non vidit Crassus

221 3375 2440 102 flagrantem bello Italiam, non ardentem invidia senatum.

225 3501 2444 100 Crassus n’a vu ni l’Italie dévorée par les flammes de la

225 3621 2240 104 guerre, ni le sénat consumé par le feu de la jalousie.

325 3741 2346 104 ARDUUS. DIFFICILIS. Arduus, difficile à atteindre, par

225 3865 2446 106 opposition à pronus; difficilis, à exécuter, par opposition

229 3989 2444 106 à facilis. Arduus est d’ailleurs le terme le plus fort et

233 4111 2438 104 marque une difficulté voisine de l’impossibilité. Plin.

227 4235 2458 104 Ep. VI, 17. Est enim res difficilis, ardua. La chose est

237 4357 2438 100 pleine de difficultés et d’obstacles. TAC. H. II, 76. Æsti¬

239 4475 2440 110 mare debent an quod inchoatur, reipublicæ utile, ipsis

1137 4793 594 122 Digitized by Google
