2960 4929
993 341 940 60 DE SYNONYMIE LATINE.

2591 339 88 66 21

215 489 2478 102 avec mens, la faculté pensante, dans le rapport du tout à

211 611 2482 106 une de ses parties. CIC. Rep. II, 40. Ea quæ latet in ani¬

209 735 2488 102 mis hominum quæque pars animi mens vocatur. L’intelli¬

209 857 2490 108 gence enfouie dans nos âmes et qu’on peut appeler une

209 981 2480 106 partie de l’âme. Mais comme dans la vie l’âme vaut sur¬

211 1103 2486 102 tout par la volonté, animus devient à son tour une faculté

213 1227 2482 108 de l’âme, celle du sentiment et de la volonté qui prend

213 1349 2474 102 place à côté de l’intelligence, de la conscience, mens. TAC.

215 1471 2482 104 H. I, 84. Quem nobis animum, quas mentes imprecentur?

217 1593 2480 104 Quels sentiments, quelles dispositions d’esprit nous

217 1715 2480 98 souhaiteraient-ils? TER. Andr. I, 1, 437. Mala mens, ma¬

217 1839 2478 100 lus animus. Mauvaise tête, mauvais cœur. Et enfin, comme

217 1963 2482 102 la pensée précède la volonté, que la volonté sert d’inter¬

221 2085 2478 104 médiaire entre la pensée et l’action, qu’elle peut être con¬

221 2207 2476 100 sidérée comme la servante de la pensée, tout comme le

221 2327 2476 108 corps est le serviteur de la volonté, réciproquement mens

223 2445 2472 110 se trouvera avec animus dans le ràpport d’un tout à sa

221 2577 2474 104 partie. CIC. Tusc. ΙII, 5. Mens cui regnum totius animi a

225 2697 2468 104 natura tributum est. La raison qui exerce une autorité na¬

223 2819 1328 86 turelle sur tous les sentiments. -

321 2945 2358 82 ANIMADVERTERE. NOTARE. Animadvertere se dit de l’es¬

227 3069 2458 102 prit qui remarque et observe; notare, d’une marque à

227 3193 1984 104 laquelle on a recours pour attirer l’attention.

325 3313 2374 84 ANIMAL. ANIMANS. BELLUA. BESTIA. PECUS. FERA. 1. Ani¬

229 3435 2464 100 mal et animans, les animaux considérés comme des êtres

235 3557 2462 104 doués de vie, l’homme compris : animal caractérise la

235 3679 2460 102 nature de l’être; quel que soit son aspect, il appartient à

233 3801 2458 102 la classe des êtres animés; l’opposé est inanimus, l’équi¬

235 3923 2456 104 valent grec ζώον. Animans précise l’état dans lequel se

235 4049 2458 100 trouve l’être : il vit, il respire; l’opposé est exanimus. On

237 4173 2454 98 dit animalium cadavera; animantium cadavera ferait un

237 4293 2450 104 non-sens. Bellua, bestia et pecus ont trait à l’intelligence :

237 4417 2452 104 c’est l'animal déraisonnable par contraste direct avec
