2179 3146
820 444 122 25 — 7 —

289 514 1218 53 35. DU CHASTEL (Tanneguy), habile guerrier, prévôt de

382 563 1125 53 Paris, qui sauva le dauphin Charles VII lors de l’entrée

382 613 1122 49 des Bourguignons dans Paris en 1418, n. 1369, m. 1449.

421 688 1083 43 L. s., en latin, sur vélin, à son trésorier; 4 avril 1448, 1 p.

380 728 659 43 in-folio oblong. Superbe et rare pièce.

289 804 1214 51 36. DUCIS (Jean-François), le célèbre poète tragique, mem¬

382 853 952 47 bre de l’Académie française, n. 1733, m. 1816.

418 920 1088 41 L. a. s. à Campenon; Versailles, 23 décembre 1813, 2 p. in-4.

400 986 1106 39 Très jolie lettre où il parle de ses confrères de l’Académie française,

365 1022 1143 39 Roger, Auger et Droz. Il signe : « Ducis, une clés sept étoiles de la pleyade

365 1060 278 34 du Luxembourg. »

288 1129 1214 50 37. DUMAS (Alexandre), le grand romancier, n. 1803,

380 1183 180 34 m. 1870.

421 1243 1086 43 L. a. s. au propriétaire dti Mercure aptésien; (1864), 5 p. 1/2

380 1289 76 29 in-4.

403 1341 1103 39 Curieuse lettre à un rédacteur de journal qui avait dénommé les

367 1377 1136 39 ouvrages d’Alexandre Dumas, les élucubrations du grand Alexandre,

368 1412 1138 40 et qui avait félicité ses compatriotes d'avoir écarté de leur bibliothèque

367 1447 1140 40 les œuvres du grand romancier. il lui rappelle que les habitants d’Apt

367 1483 1140 40 n’ont pas toujours eu la même opinion et il le raille sur la façon dont

367 1522 411 37 son journal est composé.

290 1591 1215 52 38. DUPLESSIS-MORNAY (Philippe), illustre chef du parti

381 1640 1124 52 protestant, ami et conseiller de Henri IV, surnommé le

380 1691 793 50 Pape des Huguenots, n. 1349, m. 1623.

419 1764 1084 42 L. a. s. àVillarnoul; Saumur, 30 juin 1610, 1 p. in-folio. Belle

381 1810 94 37 pièce.

287 1875 1217 57 39. EUGÈNE DE SAVOIE (le prince), illustre guerrier, un

382 1929 1121 52 des plus redoutables adversaires de Louis XIV, n. 1663,

381 1984 179 35 m. 1736.

421 2045 1081 42 L. a. s., en français, (au duc de Savoie, roi de Sardaigne,

378 2084 1010 45 Victor Amédée II); Rastadt, 23 juin 1701, 3 p. 1/2 in-folio.

401 2151 1100 38 IMPORTANTE LETTRE HISTORIQUE. S’il a quitté l’Italie pour l’Allemagne,

365 2186 1139 39 c’est pour aider indirectement Victor Amédée qu’il a recommandé à

365 2221 1137 41 Malborough et à Stahremberg; il redoute le passage du Rhin par les

366 2256 1136 41 Français, parce qu’il leur est inférieur en force et n’est pas soutenu

367 2287 1135 45 par lés Danois ; il espère que Verceil résistera plus longtemps que

368 2334 79 25 Suse.
