<?xml version="1.0" encoding="UTF-8"?>
<alto xmlns:xsi="http://www.w3.org/2001/XMLSchema-instance"
      xmlns="http://www.loc.gov/standards/alto/ns-v2#"
      xmlns:page="http://schema.primaresearch.org/PAGE/gts/pagecontent/2013-07-15"
      xsi:schemaLocation="http://www.loc.gov/standards/alto/ns-v2# http://www.loc.gov/standards/alto/alto.xsd">
   <Description>
      <MeasurementUnit>pixel</MeasurementUnit>
      <OCRProcessing ID="IdOcr">
         <ocrProcessingStep>
            <processingDateTime>2020-10-31T11:45:33.025+01:00</processingDateTime>
            <processingSoftware>
               <softwareCreator>READ COOP</softwareCreator>
               <softwareName>Transkribus</softwareName>
            </processingSoftware>
         </ocrProcessingStep>
      </OCRProcessing>
   </Description>
   <Layout>
      <Page ID="Page1" PHYSICAL_IMG_NR="1" HEIGHT="3146" WIDTH="2179">
         <TopMargin HEIGHT="0" WIDTH="2179" VPOS="0" HPOS="0"/>
         <LeftMargin HEIGHT="3146" WIDTH="0" VPOS="0" HPOS="0"/>
         <RightMargin HEIGHT="3146" WIDTH="0" VPOS="0" HPOS="2179"/>
         <BottomMargin HEIGHT="0" WIDTH="2179" VPOS="3146" HPOS="0"/>
         <PrintSpace HEIGHT="3146" WIDTH="2179" VPOS="0" HPOS="0">
            <TextBlock ID="region_1552770874847_253"
                       HEIGHT="42"
                       WIDTH="154"
                       VPOS="446"
                       HPOS="784">
               <Shape>
                  <Polygon POINTS="938,487 784,488 784,447 938,446"/>
               </Shape>
               <TextLine ID="line_1552770905752_268"
                         BASELINE="487"
                         HEIGHT="38"
                         WIDTH="148"
                         VPOS="449"
                         HPOS="788">
                  <String ID="string_line_1552770905752_268"
                          HEIGHT="38"
                          WIDTH="148"
                          VPOS="449"
                          HPOS="788"
                          CONTENT="- 3 - "/>
               </TextLine>
            </TextBlock>
            <TextBlock ID="r_5_2" HEIGHT="96" WIDTH="1209" VPOS="528" HPOS="260">
               <Shape>
                  <Polygon POINTS="260,528 1469,528 1469,624 260,624"/>
               </Shape>
               <TextLine ID="tl_4"
                         BASELINE="579"
                         HEIGHT="50"
                         WIDTH="1207"
                         VPOS="529"
                         HPOS="261">
                  <String ID="string_tl_4"
                          HEIGHT="50"
                          WIDTH="1207"
                          VPOS="529"
                          HPOS="261"
                          CONTENT="11. BECCARIA (César, marquis de), célèbre philosophe et"/>
               </TextLine>
               <TextLine ID="tl_5"
                         BASELINE="623"
                         HEIGHT="46"
                         WIDTH="754"
                         VPOS="577"
                         HPOS="349">
                  <String ID="string_tl_5"
                          HEIGHT="46"
                          WIDTH="754"
                          VPOS="577"
                          HPOS="349"
                          CONTENT="économiste italien, n. 1738, m. 1794."/>
               </TextLine>
            </TextBlock>
            <TextBlock ID="r_5_3" HEIGHT="44" WIDTH="909" VPOS="642" HPOS="383">
               <Shape>
                  <Polygon POINTS="383,642 1292,642 1292,686 383,686"/>
               </Shape>
               <TextLine ID="tl_6"
                         BASELINE="685"
                         HEIGHT="42"
                         WIDTH="907"
                         VPOS="643"
                         HPOS="384">
                  <String ID="string_tl_6"
                          HEIGHT="42"
                          WIDTH="907"
                          VPOS="643"
                          HPOS="384"
                          CONTENT="P. a. s. ; Milan, 18 mars 1785, 1/2 p. in-folio. Rare."/>
               </TextLine>
            </TextBlock>
            <TextBlock ID="r_5_4" HEIGHT="98" WIDTH="1213" VPOS="718" HPOS="258">
               <Shape>
                  <Polygon POINTS="258,718 1471,718 1471,816 258,816"/>
               </Shape>
               <TextLine ID="tl_7"
                         BASELINE="769"
                         HEIGHT="50"
                         WIDTH="1211"
                         VPOS="719"
                         HPOS="259">
                  <String ID="string_tl_7"
                          HEIGHT="50"
                          WIDTH="1211"
                          VPOS="719"
                          HPOS="259"
                          CONTENT="12. BEETHOVEN (Ludwig van), le grand compositeur de"/>
               </TextLine>
               <TextLine ID="tl_8"
                         BASELINE="815"
                         HEIGHT="47"
                         WIDTH="756"
                         VPOS="768"
                         HPOS="347">
                  <String ID="string_tl_8"
                          HEIGHT="47"
                          WIDTH="756"
                          VPOS="768"
                          HPOS="347"
                          CONTENT="musique allemand, n. 1770, m. 1827."/>
               </TextLine>
            </TextBlock>
            <TextBlock ID="r_5_5" HEIGHT="82" WIDTH="1132" VPOS="833" HPOS="339">
               <Shape>
                  <Polygon POINTS="339,833 1471,833 1471,915 339,915"/>
               </Shape>
               <TextLine ID="tl_9"
                         BASELINE="875"
                         HEIGHT="41"
                         WIDTH="1085"
                         VPOS="834"
                         HPOS="385">
                  <String ID="string_tl_9"
                          HEIGHT="41"
                          WIDTH="1085"
                          VPOS="834"
                          HPOS="385"
                          CONTENT="Morceau de musique aut., 2 p. in-4 oblong. Superbe et rare"/>
               </TextLine>
               <TextLine ID="tl_10"
                         BASELINE="914"
                         HEIGHT="40"
                         WIDTH="97"
                         VPOS="874"
                         HPOS="340">
                  <String ID="string_tl_10"
                          HEIGHT="40"
                          WIDTH="97"
                          VPOS="874"
                          HPOS="340"
                          CONTENT="pièce."/>
               </TextLine>
            </TextBlock>
            <TextBlock ID="r_5_6" HEIGHT="142" WIDTH="1209" VPOS="948" HPOS="259">
               <Shape>
                  <Polygon POINTS="259,948 1468,948 1468,1090 259,1090"/>
               </Shape>
               <TextLine ID="tl_11"
                         BASELINE="999"
                         HEIGHT="50"
                         WIDTH="1207"
                         VPOS="949"
                         HPOS="260">
                  <String ID="string_tl_11"
                          HEIGHT="50"
                          WIDTH="1207"
                          VPOS="949"
                          HPOS="260"
                          CONTENT="13. BELGIOJOSO (Christine TRIVULZIO, princesse de),"/>
               </TextLine>
               <TextLine ID="tl_12"
                         BASELINE="1046"
                         HEIGHT="47"
                         WIDTH="1120"
                         VPOS="999"
                         HPOS="347">
                  <String ID="string_tl_12"
                          HEIGHT="47"
                          WIDTH="1120"
                          VPOS="999"
                          HPOS="347"
                          CONTENT="célèbre patriote italienne, amie d’Alfred de Musset,"/>
               </TextLine>
               <TextLine ID="tl_13"
                         BASELINE="1089"
                         HEIGHT="39"
                         WIDTH="359"
                         VPOS="1050"
                         HPOS="347">
                  <String ID="string_tl_13"
                          HEIGHT="39"
                          WIDTH="359"
                          VPOS="1050"
                          HPOS="347"
                          CONTENT="n. 1808, m. 1861."/>
               </TextLine>
            </TextBlock>
            <TextBlock ID="r_5_7" HEIGHT="73" WIDTH="1128" VPOS="1112" HPOS="342">
               <Shape>
                  <Polygon POINTS="342,1112 1470,1112 1470,1185 342,1185"/>
               </Shape>
               <TextLine ID="tl_14"
                         BASELINE="1152"
                         HEIGHT="39"
                         WIDTH="1082"
                         VPOS="1113"
                         HPOS="387">
                  <String ID="string_tl_14"
                          HEIGHT="39"
                          WIDTH="1082"
                          VPOS="1113"
                          HPOS="387"
                          CONTENT="L. a. s. à Mammiani; Milan, 15 octobre 1860, 4 p. in-8. Belle"/>
               </TextLine>
               <TextLine ID="tl_15"
                         BASELINE="1184"
                         HEIGHT="28"
                         WIDTH="101"
                         VPOS="1156"
                         HPOS="343">
                  <String ID="string_tl_15"
                          HEIGHT="28"
                          WIDTH="101"
                          VPOS="1156"
                          HPOS="343"
                          CONTENT="lettre."/>
               </TextLine>
            </TextBlock>
            <TextBlock ID="r_5_8" HEIGHT="96" WIDTH="1216" VPOS="1228" HPOS="255">
               <Shape>
                  <Polygon POINTS="255,1228 1471,1228 1471,1324 255,1324"/>
               </Shape>
               <TextLine ID="tl_16"
                         BASELINE="1278"
                         HEIGHT="49"
                         WIDTH="1214"
                         VPOS="1229"
                         HPOS="256">
                  <String ID="string_tl_16"
                          HEIGHT="49"
                          WIDTH="1214"
                          VPOS="1229"
                          HPOS="256"
                          CONTENT="14. BELLINI (Vincent), célèbre compositeur de musique ita¬"/>
               </TextLine>
               <TextLine ID="tl_17"
                         BASELINE="1323"
                         HEIGHT="44"
                         WIDTH="887"
                         VPOS="1279"
                         HPOS="347">
                  <String ID="string_tl_17"
                          HEIGHT="44"
                          WIDTH="887"
                          VPOS="1279"
                          HPOS="347"
                          CONTENT="lien, auteur de la Norma, n. 1802, m. 1835."/>
               </TextLine>
            </TextBlock>
            <TextBlock ID="r_5_9" HEIGHT="41" WIDTH="1024" VPOS="1343" HPOS="384">
               <Shape>
                  <Polygon POINTS="384,1343 1408,1343 1408,1384 384,1384"/>
               </Shape>
               <TextLine ID="tl_18"
                         BASELINE="1383"
                         HEIGHT="39"
                         WIDTH="1022"
                         VPOS="1344"
                         HPOS="385">
                  <String ID="string_tl_18"
                          HEIGHT="39"
                          WIDTH="1022"
                          VPOS="1344"
                          HPOS="385"
                          CONTENT="L. a. s., en français; Paris, 28 janvier 1835, 1 p. 1/2 in-8."/>
               </TextLine>
            </TextBlock>
            <TextBlock ID="r_5_10"
                       HEIGHT="111"
                       WIDTH="1141"
                       VPOS="1400"
                       HPOS="330">
               <Shape>
                  <Polygon POINTS="330,1400 1471,1400 1471,1511 330,1511"/>
               </Shape>
               <TextLine ID="tl_19"
                         BASELINE="1437"
                         HEIGHT="36"
                         WIDTH="1104"
                         VPOS="1401"
                         HPOS="365">
                  <String ID="string_tl_19"
                          HEIGHT="36"
                          WIDTH="1104"
                          VPOS="1401"
                          HPOS="365"
                          CONTENT="Jolie lettre où il remercie les artistes de l’Opéra du zèle avec lequel"/>
               </TextLine>
               <TextLine ID="tl_20"
                         BASELINE="1474"
                         HEIGHT="38"
                         WIDTH="1139"
                         VPOS="1436"
                         HPOS="331">
                  <String ID="string_tl_20"
                          HEIGHT="38"
                          WIDTH="1139"
                          VPOS="1436"
                          HPOS="331"
                          CONTENT="ils ont joué son opéra (I Puritani). « Je n’aurais pas trouvé dans ma"/>
               </TextLine>
               <TextLine ID="tl_21"
                         BASELINE="1510"
                         HEIGHT="38"
                         WIDTH="1137"
                         VPOS="1472"
                         HPOS="331">
                  <String ID="string_tl_21"
                          HEIGHT="38"
                          WIDTH="1137"
                          VPOS="1472"
                          HPOS="331"
                          CONTENT="famille, plus d’obligeance et de soins à me seconder qu’en vous tous. »"/>
               </TextLine>
            </TextBlock>
            <TextBlock ID="r_5_11"
                       HEIGHT="103"
                       WIDTH="1210"
                       VPOS="1537"
                       HPOS="257">
               <Shape>
                  <Polygon POINTS="257,1537 1467,1537 1467,1640 257,1640"/>
               </Shape>
               <TextLine ID="tl_22"
                         BASELINE="1594"
                         HEIGHT="56"
                         WIDTH="1208"
                         VPOS="1538"
                         HPOS="258">
                  <String ID="string_tl_22"
                          HEIGHT="56"
                          WIDTH="1208"
                          VPOS="1538"
                          HPOS="258"
                          CONTENT="15. BÉRANGER (Pierre-Jean de), le célèbre chansonnier,"/>
               </TextLine>
               <TextLine ID="tl_23"
                         BASELINE="1639"
                         HEIGHT="41"
                         WIDTH="366"
                         VPOS="1598"
                         HPOS="345">
                  <String ID="string_tl_23"
                          HEIGHT="41"
                          WIDTH="366"
                          VPOS="1598"
                          HPOS="345"
                          CONTENT="n. 1780, m. 1857."/>
               </TextLine>
            </TextBlock>
            <TextBlock ID="r_5_12" HEIGHT="40" WIDTH="946" VPOS="1659" HPOS="381">
               <Shape>
                  <Polygon POINTS="381,1659 1327,1659 1327,1699 381,1699"/>
               </Shape>
               <TextLine ID="tl_24"
                         BASELINE="1698"
                         HEIGHT="38"
                         WIDTH="944"
                         VPOS="1660"
                         HPOS="382">
                  <String ID="string_tl_24"
                          HEIGHT="38"
                          WIDTH="944"
                          VPOS="1660"
                          HPOS="382"
                          CONTENT="L. a. s. à Madame Gévaudan; 17 août 1829, 3 p. in-8."/>
               </TextLine>
            </TextBlock>
            <TextBlock ID="r_5_13"
                       HEIGHT="174"
                       WIDTH="1141"
                       VPOS="1719"
                       HPOS="327">
               <Shape>
                  <Polygon POINTS="327,1719 1468,1719 1468,1893 327,1893"/>
               </Shape>
               <TextLine ID="tl_25"
                         BASELINE="1757"
                         HEIGHT="37"
                         WIDTH="1103"
                         VPOS="1720"
                         HPOS="362">
                  <String ID="string_tl_25"
                          HEIGHT="37"
                          WIDTH="1103"
                          VPOS="1720"
                          HPOS="362"
                          CONTENT="Très jolie lettre écrite de prison. Il est sous la main d’un horrible"/>
               </TextLine>
               <TextLine ID="tl_26"
                         BASELINE="1794"
                         HEIGHT="39"
                         WIDTH="1137"
                         VPOS="1755"
                         HPOS="330">
                  <String ID="string_tl_26"
                          HEIGHT="39"
                          WIDTH="1137"
                          VPOS="1755"
                          HPOS="330"
                          CONTENT="homme nommé Mangin. Il annonce que dans trente-six jours il sera"/>
               </TextLine>
               <TextLine ID="tl_27"
                         BASELINE="1828"
                         HEIGHT="37"
                         WIDTH="1138"
                         VPOS="1791"
                         HPOS="328">
                  <String ID="string_tl_27"
                          HEIGHT="37"
                          WIDTH="1138"
                          VPOS="1791"
                          HPOS="328"
                          CONTENT="libre, et, faisant allusion a la démission du préfet de police, M. de"/>
               </TextLine>
               <TextLine ID="tl_28"
                         BASELINE="1865"
                         HEIGHT="39"
                         WIDTH="1136"
                         VPOS="1826"
                         HPOS="328">
                  <String ID="string_tl_28"
                          HEIGHT="39"
                          WIDTH="1136"
                          VPOS="1826"
                          HPOS="328"
                          CONTENT="Belleyme, il dit que ce dernier aurait dû attendre sa sortie pour s’en"/>
               </TextLine>
               <TextLine ID="tl_29"
                         BASELINE="1892"
                         HEIGHT="26"
                         WIDTH="81"
                         VPOS="1866"
                         HPOS="329">
                  <String ID="string_tl_29"
                          HEIGHT="26"
                          WIDTH="81"
                          VPOS="1866"
                          HPOS="329"
                          CONTENT="aller."/>
               </TextLine>
            </TextBlock>
            <TextBlock ID="r_5_14" HEIGHT="57" WIDTH="672" VPOS="1928" HPOS="255">
               <Shape>
                  <Polygon POINTS="255,1928 927,1928 927,1985 255,1985"/>
               </Shape>
               <TextLine ID="tl_30"
                         BASELINE="1984"
                         HEIGHT="55"
                         WIDTH="670"
                         VPOS="1929"
                         HPOS="256">
                  <String ID="string_tl_30"
                          HEIGHT="55"
                          WIDTH="670"
                          VPOS="1929"
                          HPOS="256"
                          CONTENT="16. BÉRANGER (Pierre-Jean de)."/>
               </TextLine>
            </TextBlock>
            <TextBlock ID="r_5_15" HEIGHT="43" WIDTH="983" VPOS="1998" HPOS="378">
               <Shape>
                  <Polygon POINTS="378,1998 1361,1998 1361,2041 378,2041"/>
               </Shape>
               <TextLine ID="tl_31"
                         BASELINE="2040"
                         HEIGHT="41"
                         WIDTH="981"
                         VPOS="1999"
                         HPOS="379">
                  <String ID="string_tl_31"
                          HEIGHT="41"
                          WIDTH="981"
                          VPOS="1999"
                          HPOS="379"
                          CONTENT="L’Ami Robin, chanson autographe, 3 p. in-8. Jolie pièce."/>
               </TextLine>
            </TextBlock>
            <TextBlock ID="r_5_16"
                       HEIGHT="147"
                       WIDTH="1214"
                       VPOS="2073"
                       HPOS="250">
               <Shape>
                  <Polygon POINTS="250,2073 1464,2073 1464,2220 250,2220"/>
               </Shape>
               <TextLine ID="tl_32"
                         BASELINE="2124"
                         HEIGHT="50"
                         WIDTH="1212"
                         VPOS="2074"
                         HPOS="251">
                  <String ID="string_tl_32"
                          HEIGHT="50"
                          WIDTH="1212"
                          VPOS="2074"
                          HPOS="251"
                          CONTENT="17. BOFFRAND (Germain), célèbre architecte, qui con¬"/>
               </TextLine>
               <TextLine ID="tl_33"
                         BASELINE="2174"
                         HEIGHT="52"
                         WIDTH="1119"
                         VPOS="2122"
                         HPOS="341">
                  <String ID="string_tl_33"
                          HEIGHT="52"
                          WIDTH="1119"
                          VPOS="2122"
                          HPOS="341"
                          CONTENT="struisit le palais de Nancy et le château de Lunéville,"/>
               </TextLine>
               <TextLine ID="tl_34"
                         BASELINE="2219"
                         HEIGHT="42"
                         WIDTH="569"
                         VPOS="2177"
                         HPOS="340">
                  <String ID="string_tl_34"
                          HEIGHT="42"
                          WIDTH="569"
                          VPOS="2177"
                          HPOS="340"
                          CONTENT="n. à Nantes, 1667, m. 1754."/>
               </TextLine>
            </TextBlock>
            <TextBlock ID="r_5_17" HEIGHT="43" WIDTH="912" VPOS="2238" HPOS="376">
               <Shape>
                  <Polygon POINTS="376,2238 1288,2238 1288,2281 376,2281"/>
               </Shape>
               <TextLine ID="tl_35"
                         BASELINE="2280"
                         HEIGHT="41"
                         WIDTH="910"
                         VPOS="2239"
                         HPOS="377">
                  <String ID="string_tl_35"
                          HEIGHT="41"
                          WIDTH="910"
                          VPOS="2239"
                          HPOS="377"
                          CONTENT="L. a. s. ; Paris, 22 septembre 1746, 2 p. in-4. Rare."/>
               </TextLine>
            </TextBlock>
            <TextBlock ID="r_5_18" HEIGHT="69" WIDTH="1138" VPOS="2293" HPOS="325">
               <Shape>
                  <Polygon POINTS="325,2293 1463,2293 1463,2362 325,2362"/>
               </Shape>
               <TextLine ID="tl_36"
                         BASELINE="2326"
                         HEIGHT="32"
                         WIDTH="1102"
                         VPOS="2294"
                         HPOS="360">
                  <String ID="string_tl_36"
                          HEIGHT="32"
                          WIDTH="1102"
                          VPOS="2294"
                          HPOS="360"
                          CONTENT="Belle lettre relative à la construction d’une tribune de l'Hôtel de"/>
               </TextLine>
               <TextLine ID="tl_37"
                         BASELINE="2361"
                         HEIGHT="27"
                         WIDTH="82"
                         VPOS="2334"
                         HPOS="326">
                  <String ID="string_tl_37"
                          HEIGHT="27"
                          WIDTH="82"
                          VPOS="2334"
                          HPOS="326"
                          CONTENT="Ville."/>
               </TextLine>
            </TextBlock>
            <GraphicalElement ID="r_12" HEIGHT="6" WIDTH="297" VPOS="78" HPOS="1573"/>
            <GraphicalElement ID="r_13" HEIGHT="5" WIDTH="170" VPOS="2805" HPOS="1930"/>
            <GraphicalElement ID="r_14" HEIGHT="5" WIDTH="79" VPOS="2868" HPOS="1796"/>
            <GraphicalElement ID="r_15" HEIGHT="18" WIDTH="234" VPOS="2877" HPOS="1632"/>
            <GraphicalElement ID="r_16" HEIGHT="660" WIDTH="13" VPOS="224" HPOS="89"/>
            <GraphicalElement ID="r_17" HEIGHT="767" WIDTH="8" VPOS="898" HPOS="96"/>
            <GraphicalElement ID="r_18" HEIGHT="482" WIDTH="8" VPOS="1665" HPOS="102"/>
            <GraphicalElement ID="r_19" HEIGHT="629" WIDTH="8" VPOS="2147" HPOS="108"/>
            <GraphicalElement ID="r_20" HEIGHT="123" WIDTH="9" VPOS="648" HPOS="2076"/>
            <GraphicalElement ID="r_21" HEIGHT="193" WIDTH="11" VPOS="819" HPOS="2076"/>
            <GraphicalElement ID="r_22" HEIGHT="124" WIDTH="6" VPOS="1099" HPOS="2080"/>
            <GraphicalElement ID="r_23" HEIGHT="99" WIDTH="6" VPOS="1512" HPOS="2081"/>
            <GraphicalElement ID="r_24" HEIGHT="141" WIDTH="3" VPOS="468" HPOS="2082"/>
            <GraphicalElement ID="r_25" HEIGHT="4" WIDTH="50" VPOS="735" HPOS="2001"/>
            <GraphicalElement ID="r_26" HEIGHT="3" WIDTH="55" VPOS="872" HPOS="2006"/>
         </PrintSpace>
      </Page>
   </Layout>
</alto>
