1887 3004
1029 459 139 25 — 16 —

497 528 1222 59 84. MURATORI (Lodovico-Antonio), le grand érudit italien,

593 583 361 43 n. 1672, m. 1730.

630 656 1086 50 L. a. s. (à Girolamo Tartarotti); Modène, 2 octobre 1732,

589 697 162 39 4 p. in-4.

613 763 1103 42 Importante lettre où il le félicite de son dessein de traiter de l’ori¬

575 798 1139 45 gine et de l’essence de l à me. Longues et intéressantes considérations

575 835 168 37 à ce sujet.

493 905 1217 58 85. MUSSET (Alfred de), le grand poète, n. 1810, m. 1857.

631 983 969 46 L. a. s. à M. Marette ; 31 mars 1840, 1/2 p. in-4. Rare.

609 1050 1100 43 Il le prie de lui faire remettre ses appointements du mois de mars.

489 1115 1221 65 86. NAPOLÉON Ier, empereur des Français, n. 1769,

586 1174 182 35 m. 1821.

624 1248 1084 49 P. aut. sig. Buonaparte, en italien; 10 novembre 1792,

584 1289 518 41 1/2 p. in-4 oblong. Très rare.

603 1355 805 42 Ordre de paiement adressé au capitaine Pianelli.

485 1419 1218 64 87. NAPOLÉON III, empereur des Français, n. 1808,

582 1479 176 35 m. 1873.

619 1554 1085 48 L. a. s., en allemand, à son précepteur, M. Spermann ; 1 p. in-4.

600 1621 1106 43 Curieuse lettre de sa jeunesse. Il le prie de ne pas lui donner de

564 1657 1140 43 leçon pour la journée parce qu’il doit recevoir la visite du roi de

562 1686 1142 49 Wurtemberg, il finit sa lettre par des plaisanteries sur l'amour. « Bist du

561 1728 1144 44 und warum ? O Zeit! O Sitten ! Ich bin ein Narr. « (Es-tu et pourquoi?

561 1764 596 39 ô temps, ô mœurs ! je suis un fou. »

479 1827 1222 66 88. NAPOLÉON (Éugène-Louis-Jean-Joseph), prince impé¬

574 1886 1049 54 rial, fils unique de Napoléon III, n. 1856, m. 1879.

612 1962 1087 47 L. a. s. à M. de Persigny ; Chislehurst, 20 octobre 1875, 3/4 de

571 2001 320 42 p. in-8. Très rare.

592 2069 1104 45 Jolie lettre où il le félicite de son admission à l’Ecole de Saint-Cyr.

474 2141 1221 58 89. MUNNICH (Burchardt-Christophe, comte), célèbre

569 2192 1029 53 général et homme d’Etat russe, n. 1683, m. 1767.

607 2263 1088 47 L. s., avec la souscription aut., au landgrave de Hesse-

569 2302 1062 48 Hombourg; Saint-Pétersbourg, 7 mars 1741, 3 p. in-4. Rare.

589 2365 1026 36 Très belle lettre où il l’assure de son dévouement à sa maison.
