1971 3146
1193 481 121 26 — 2 —

670 546 1188 58 5. ALPHONSE II d’ESTE, duc de Ferrare, fils de Renée

749 595 1111 65 de France, frère de la belle Léonora d’Esle, aimée par

753 655 573 51 Le Tasse, n. 1533, m. 1597.

789 720 1070 55 Document signé en tête sur vélin; Ferrare, 20 février 1560,

750 775 237 42 10 p. in-folio.

675 831 1186 72 6. ANGOULÊME (Charles de Valois, duc d'), fils naturel

754 886 1107 62 de Charles IX et de Marie Touchet, compagnon d’armes

753 939 1072 58 de Henri IV, auteur de Mémoires, n. 1573, m. 1650.

791 1021 1070 55 L. a. s. (au duc de Lorraine?); Verdun, 5 mai 1625, 2 p.

754 1076 134 32 in-folio.

774 1128 1019 48 SUPERBE LETTRE toute relative au ravitaillement de ses troupes.

684 1200 1114 62 7. ANNE D’AUTRICHE, reine de France, femme

757 1259 602 52 Louis XIII, n. 1601, m. 1666.

793 1325 1071 54 P. s. sur vélin; Fontainebleau, 20 septembre 1644, 1 p. in-fol.

684 1402 1185 80 8. ANNE IVANOWNA, duchesse de Courlande, puis impé¬

758 1460 1106 63 ratrice de Russie après la mort de Pierre II, nièce de

760 1509 1105 63 Pierre le Grand, maîtresse du fameux Biren, qu’elle fit

761 1567 748 53 duc de Courlande, n. 1693, m. 1740.

799 1628 1065 60 L. s., en allemand, avec une ligne aut., à Élisabeth-Sophie,

758 1675 1106 57 margrave de Bayreuth, sa belle-mère; Saint-Pétersbourg,

759 1723 625 48 15 janvier 1711, 2 p. in-folio. Rare.

783 1782 1082 51 SUPERBE LETTRE où elle lui fait part de la mort de son mari décédé

748 1829 451 42 après six jours de maladie.

691 1891 1174 67 9. BALZAC (Honoré de), le grand écrivain, n. 1799,

766 1946 177 58 m. 1850.

803 2016 1039 53 L. a. s. à son cousin Ch. Sédillot; (1er juin 1829), 1 p. in-8.

786 2082 1080 48 CURIEUSE LETTRE où il lui donne la liste de diverses sommes qu’il

752 2118 1114 49 doit. Il termine en souhaitant d’atteindre bientôt la fin de ces paie¬

751 2163 649 36 ments. « La librairie devient malade. »

674 2230 1192 69 10. BASSOMPIERRE (François II de), maréchal de France,

771 2288 786 55 auteur de Mémoires, n. 1579, m. 1646.

811 2371 685 51 P.s. ; Paris, 14 juin 1626, 2 p. in-folio.
