1887 3004
1027 444 140 26 — 18 —

498 519 1214 49 95. PELLICO (Silvio), célèbre écrivain italien, auteur de

596 569 713 48 Le Mie Prigioni, n. 1789, m. 1854.

633 645 668 39 L. a. s.; Turin, 18 mai 1841, 3 p. in-4.

614 716 1096 39 Curieuse épître où il demande, de la part de la marquise de Barol,

577 751 1133 38 s’il existe une relation imprimée d'un miracle et fait l'éloge de mon¬

580 788 259 35 seigneur Artico.

497 877 1214 48 96. PERRAULT (Charles), l’inimitable auteur des Contes

594 927 1114 48 des Fées, membre de l’Académie française, n. 1628,

595 978 180 34 m. 1703.

633 1052 649 39 P. a. s.; 17 octobre 1672, 1/2 p. in-4.

612 1118 1101 39 Il donne l’ordre de payer la somme de 470 livres aux ouvriers qui

577 1154 1136 35 ont travaillé à régaler les terrasses et contre-allées du château de

578 1190 168 29 Versailles.

495 1279 1212 50 97. PESTALOZZI (Jean-Henri), célèbre pédagogue suisse,

593 1328 1113 49 qui réforma l’enseignement dans son pays, n. 1746,

593 1381 181 33 m. 1827.

631 1454 1079 41 L. a. s. à J.-J Paschoud; Yverdon, 19 janvier 1812, 3/4 de

590 1493 436 40 p. in-4. (Coll. B. Fillon.)

611 1561 1099 39 Il lui accuse réception d’un envoi qu’il n’a pas encore eu le temps

576 1597 191 27 d’examiner.

493 1686 1214 50 98. PIRON (Alexis), célèbre poète dramatique et satirique,

591 1735 883 45 auteur de la Métromanie, n. 1689, m. 1773.

628 1811 647 40 L. a. s.; 1er mars 1760, 1 p. 1/2 in-4.

610 1883 1097 37 Jolie lettre où il félicite son correspondant d’une églogue qu’il a

575 1919 1132 35 composée. « J’ai fait mes premières armes sur les bords délicieux du

578 1954 1130 37 Lignon. J’en aime encore le souvenir. Jugez si j’ai pu vous lire sans

575 1990 1132 36 une douce émotion et sans aplaudir au beau feu que votre muse

573 2026 1134 35 allume sur un autel, depuis longtemps si froid et si déserté. » Il ter¬

575 2061 1133 38 mine en formulant le conseil de ne pas se cantonner dans l’églogue,

574 2097 1135 37 car cette poésie mène à la mélancolie et donne à l'esprit une sorte de

574 2132 569 37 mollesse qui l'éloigne de la gaieté.

492 2222 408 49 99. PIRON (Alexis).

627 2298 1073 41 Pour un enfant à son père, le jour de l'an, pièce de vers aut..

588 2339 424 40 6 p. in-4. Superbe pièce.
