1887 3004
1015 457 141 26 — 20 —

456 529 1243 56 105. ROUSSEAU (Jean-Baptiste), célèbre poète lyrique,

578 578 1122 54 membre de l’Académie des Inscriptions, n. 1671,

583 630 175 34 m. 1741.

615 694 1035 45 L. a. s. à une dame; Soleure, 29 décembre 1713, 2 p. in-4.

595 752 1100 40 Très jolie lettre de compliments à l’occasion du renouvellement de

564 788 125 28 l’année.

457 852 1245 53 106. RUBINSTEIN (Antoine), célèbre pianiste et compositeur

581 902 753 49 de musique russe, n. 1829, m. 1894.

611 968 1091 44 Morceau de musique aut. avec dédicace aut. sig. à miss Octa¬

573 1008 711 42 via Caroli; Paris, 5 mai 1875, 1 p. in-4.

453 1076 1249 53 107. RUGIERI (Rugiero di), peintre d’ornements et d’ara¬

575 1125 1125 52 besques de Catherine de Médicis, qui le lit nommer

575 1174 788 51 garde des peintures de Fontainebleau.

611 1241 1090 50 P. s.; 27 juin 1587, 1 p. in-folio. Très rare. (Coll. B. Fillon.)

593 1299 863 32 Acte où il intervient comme tuteur de sa fille Marie.

459 1367 1243 54 108. SAINTE-PALAYE (Jean-Baptiste de Lacurne de), savant

575 1416 1126 53 érudit, membre de l’Académie des Inscriptions et de

576 1465 823 48 l’Académie française, n. 1697, m. 1781.

613 1532 1086 46 L. a. s. (au cardinal Passionei); Paris, 17 janvier 1746, 2 p.

571 1572 186 32 in-4. Rare.

590 1630 1110 42 Jolie lettre relative à des achats de livres qu'il faisait pour le compte

556 1666 367 29 du cardinal Passionei.

452 1734 1248 53 109. SAINT-LAMBERT (Jean-François, marquis de), célèbre

577 1783 1119 51 poète, auteur des Saisons, ami de Madame d’Houdetot,

575 1832 1076 49 membre de l’Académie française, n. 1713, m. 1803.

610 1898 984 45 Première élégie de Tibulle, 6 p. 1/2 in-4. Superbe pièce.

455 1971 1240 53 110. SAINT-PIERRE (Bernardin de), le célèbre écrivain,

570 2020 1055 48 membre de l’Académie française, n. 1737, m. 1814.

608 2087 1086 43 L. a. s. à LUCIEN BONAPARTE; Paris, 6 ventôse an VIII,

569 2127 537 41 (25 février 1800), 2 p. in-folio.

589 2184 1109 39 Superbe lettre où, sous le prétexte de recommander un nommé

556 2220 1141 39 Grandjean, il lui trace tout un plan de conduite. « Vous marchés vers

557 2256 1140 40 la gloire et vous avés autant de moyens que votre illustre frère pour

557 2291 1140 39 y arriver. Mais vous marchés par deux chemins différents. La victoire

560 2327 1135 40 l’y a conduit à travers les combats, c’est à la justice à vous y faire

562 2363 182 36 parvenir. »
