<?xml version="1.0" encoding="UTF-8"?>
<alto xmlns:xsi="http://www.w3.org/2001/XMLSchema-instance"
      xmlns="http://www.loc.gov/standards/alto/ns-v2#"
      xmlns:page="http://schema.primaresearch.org/PAGE/gts/pagecontent/2013-07-15"
      xsi:schemaLocation="http://www.loc.gov/standards/alto/ns-v2# http://www.loc.gov/standards/alto/alto.xsd">
   <Description>
      <MeasurementUnit>pixel</MeasurementUnit>
      <OCRProcessing ID="IdOcr">
         <ocrProcessingStep>
            <processingDateTime>2020-10-31T11:45:34.015+01:00</processingDateTime>
            <processingSoftware>
               <softwareCreator>READ COOP</softwareCreator>
               <softwareName>Transkribus</softwareName>
            </processingSoftware>
         </ocrProcessingStep>
      </OCRProcessing>
   </Description>
   <Layout>
      <Page ID="Page1" PHYSICAL_IMG_NR="1" HEIGHT="3146" WIDTH="2179">
         <TopMargin HEIGHT="459" WIDTH="2179" VPOS="0" HPOS="0"/>
         <LeftMargin HEIGHT="2834" WIDTH="82" VPOS="459" HPOS="0"/>
         <RightMargin HEIGHT="2834" WIDTH="100" VPOS="459" HPOS="2079"/>
         <BottomMargin HEIGHT="-147" WIDTH="2179" VPOS="3293" HPOS="0"/>
         <PrintSpace HEIGHT="2834" WIDTH="1997" VPOS="459" HPOS="82">
            <TextBlock ID="region_1552771279442_314"
                       HEIGHT="41"
                       WIDTH="152"
                       VPOS="461"
                       HPOS="780">
               <Shape>
                  <Polygon POINTS="780,461 932,462 932,502 780,501"/>
               </Shape>
               <TextLine ID="line_1552771285275_317"
                         BASELINE="499"
                         HEIGHT="36"
                         WIDTH="150"
                         VPOS="463"
                         HPOS="781">
                  <String ID="string_line_1552771285275_317"
                          HEIGHT="36"
                          WIDTH="150"
                          VPOS="463"
                          HPOS="781"
                          CONTENT="- 5 - "/>
               </TextLine>
            </TextBlock>
            <TextBlock ID="r_1_1" HEIGHT="38" WIDTH="429" VPOS="540" HPOS="262">
               <Shape>
                  <Polygon POINTS="262,540 691,540 691,578 262,578"/>
               </Shape>
               <TextLine ID="tl_1"
                         BASELINE="577"
                         HEIGHT="36"
                         WIDTH="427"
                         VPOS="541"
                         HPOS="263">
                  <String ID="string_tl_1"
                          HEIGHT="36"
                          WIDTH="427"
                          VPOS="541"
                          HPOS="263"
                          CONTENT="23. CATHERINE II."/>
               </TextLine>
            </TextBlock>
            <TextBlock ID="r_1_2" HEIGHT="88" WIDTH="1125" VPOS="602" HPOS="352">
               <Shape>
                  <Polygon POINTS="352,602 1477,602 1477,690 352,690"/>
               </Shape>
               <TextLine ID="tl_2"
                         BASELINE="647"
                         HEIGHT="44"
                         WIDTH="1083"
                         VPOS="603"
                         HPOS="393">
                  <String ID="string_tl_2"
                          HEIGHT="44"
                          WIDTH="1083"
                          VPOS="603"
                          HPOS="393"
                          CONTENT="L. a. s. Sophie, en français, au maréchal von Plessen ; Zerbst,"/>
               </TextLine>
               <TextLine ID="tl_3"
                         BASELINE="689"
                         HEIGHT="44"
                         WIDTH="968"
                         VPOS="645"
                         HPOS="353">
                  <String ID="string_tl_3"
                          HEIGHT="44"
                          WIDTH="968"
                          VPOS="645"
                          HPOS="353"
                          CONTENT="29 mai 1743, 2 p. in-4. Rare. (Collection von der Tann.)"/>
               </TextLine>
            </TextBlock>
            <TextBlock ID="r_1_3" HEIGHT="76" WIDTH="1141" VPOS="701" HPOS="340">
               <Shape>
                  <Polygon POINTS="340,701 1481,701 1481,777 340,777"/>
               </Shape>
               <TextLine ID="tl_4"
                         BASELINE="741"
                         HEIGHT="39"
                         WIDTH="1104"
                         VPOS="702"
                         HPOS="376">
                  <String ID="string_tl_4"
                          HEIGHT="39"
                          WIDTH="1104"
                          VPOS="702"
                          HPOS="376"
                          CONTENT="PRÉCIEUSE LETTRE, écrite comme princesse d’Anhalt-Zerbst, au sujet"/>
               </TextLine>
               <TextLine ID="tl_5"
                         BASELINE="776"
                         HEIGHT="38"
                         WIDTH="927"
                         VPOS="738"
                         HPOS="341">
                  <String ID="string_tl_5"
                          HEIGHT="38"
                          WIDTH="927"
                          VPOS="738"
                          HPOS="341"
                          CONTENT="de compliments qu'elle doit adresser à un de ses oncles."/>
               </TextLine>
            </TextBlock>
            <TextBlock ID="r_1_4" HEIGHT="100" WIDTH="1215" VPOS="808" HPOS="265">
               <Shape>
                  <Polygon POINTS="265,808 1480,808 1480,908 265,908"/>
               </Shape>
               <TextLine ID="tl_6"
                         BASELINE="861"
                         HEIGHT="52"
                         WIDTH="1213"
                         VPOS="809"
                         HPOS="266">
                  <String ID="string_tl_6"
                          HEIGHT="52"
                          WIDTH="1213"
                          VPOS="809"
                          HPOS="266"
                          CONTENT="24. CHARLES XII, roi de Suède, illustre guerrier, adver¬"/>
               </TextLine>
               <TextLine ID="tl_7"
                         BASELINE="907"
                         HEIGHT="49"
                         WIDTH="933"
                         VPOS="858"
                         HPOS="358">
                  <String ID="string_tl_7"
                          HEIGHT="49"
                          WIDTH="933"
                          VPOS="858"
                          HPOS="358"
                          CONTENT="saire de Pierre le Grand, n. 1682, tué en 1718."/>
               </TextLine>
            </TextBlock>
            <TextBlock ID="r_1_5" HEIGHT="85" WIDTH="1122" VPOS="924" HPOS="358">
               <Shape>
                  <Polygon POINTS="358,924 1480,924 1480,1009 358,1009"/>
               </Shape>
               <TextLine ID="tl_8"
                         BASELINE="968"
                         HEIGHT="43"
                         WIDTH="1085"
                         VPOS="925"
                         HPOS="394">
                  <String ID="string_tl_8"
                          HEIGHT="43"
                          WIDTH="1085"
                          VPOS="925"
                          HPOS="394"
                          CONTENT="L. a. s., en français (à Louis XIV); Stralsund, 13 décembre"/>
               </TextLine>
               <TextLine ID="tl_9"
                         BASELINE="1008"
                         HEIGHT="41"
                         WIDTH="416"
                         VPOS="967"
                         HPOS="359">
                  <String ID="string_tl_9"
                          HEIGHT="41"
                          WIDTH="416"
                          VPOS="967"
                          HPOS="359"
                          CONTENT="1714, 1/2 p. in-4. Rare."/>
               </TextLine>
            </TextBlock>
            <TextBlock ID="r_1_6" HEIGHT="77" WIDTH="1141" VPOS="1022" HPOS="341">
               <Shape>
                  <Polygon POINTS="341,1022 1482,1022 1482,1099 341,1099"/>
               </Shape>
               <TextLine ID="tl_10"
                         BASELINE="1061"
                         HEIGHT="38"
                         WIDTH="1104"
                         VPOS="1023"
                         HPOS="377">
                  <String ID="string_tl_10"
                          HEIGHT="38"
                          WIDTH="1104"
                          VPOS="1023"
                          HPOS="377"
                          CONTENT="PRÉCIEUSE PIÈCE Il lui annonce l'envoi du baron de Sparre qui est"/>
               </TextLine>
               <TextLine ID="tl_11"
                         BASELINE="1098"
                         HEIGHT="39"
                         WIDTH="962"
                         VPOS="1059"
                         HPOS="342">
                  <String ID="string_tl_11"
                          HEIGHT="39"
                          WIDTH="962"
                          VPOS="1059"
                          HPOS="342"
                          CONTENT="chargé de ses instructions pour négocier un traité de paix."/>
               </TextLine>
            </TextBlock>
            <TextBlock ID="r_1_7" HEIGHT="150" WIDTH="1217" VPOS="1128" HPOS="265">
               <Shape>
                  <Polygon POINTS="265,1128 1482,1128 1482,1278 265,1278"/>
               </Shape>
               <TextLine ID="tl_12"
                         BASELINE="1182"
                         HEIGHT="53"
                         WIDTH="1215"
                         VPOS="1129"
                         HPOS="266">
                  <String ID="string_tl_12"
                          HEIGHT="53"
                          WIDTH="1215"
                          VPOS="1129"
                          HPOS="266"
                          CONTENT="25. CHATEAUBRIAND (François-René, vicomte de), l’il¬"/>
               </TextLine>
               <TextLine ID="tl_13"
                         BASELINE="1228"
                         HEIGHT="50"
                         WIDTH="1120"
                         VPOS="1178"
                         HPOS="358">
                  <String ID="string_tl_13"
                          HEIGHT="50"
                          WIDTH="1120"
                          VPOS="1178"
                          HPOS="358"
                          CONTENT="lustre écrivain, membre de l’Académie française,"/>
               </TextLine>
               <TextLine ID="tl_14"
                         BASELINE="1277"
                         HEIGHT="42"
                         WIDTH="363"
                         VPOS="1235"
                         HPOS="360">
                  <String ID="string_tl_14"
                          HEIGHT="42"
                          WIDTH="363"
                          VPOS="1235"
                          HPOS="360"
                          CONTENT="n. 1768, m. 1848."/>
               </TextLine>
            </TextBlock>
            <TextBlock ID="r_1_8" HEIGHT="45" WIDTH="1088" VPOS="1293" HPOS="392">
               <Shape>
                  <Polygon POINTS="392,1293 1480,1293 1480,1338 392,1338"/>
               </Shape>
               <TextLine ID="tl_15"
                         BASELINE="1337"
                         HEIGHT="43"
                         WIDTH="1086"
                         VPOS="1294"
                         HPOS="393">
                  <String ID="string_tl_15"
                          HEIGHT="43"
                          WIDTH="1086"
                          VPOS="1294"
                          HPOS="393"
                          CONTENT="L. a. s. à une demoiselle ; Londres, 28 mai 1823, 1 p. 1/2 in-4."/>
               </TextLine>
            </TextBlock>
            <TextBlock ID="r_1_9" HEIGHT="79" WIDTH="1139" VPOS="1350" HPOS="342">
               <Shape>
                  <Polygon POINTS="342,1350 1481,1350 1481,1429 342,1429"/>
               </Shape>
               <TextLine ID="tl_16"
                         BASELINE="1391"
                         HEIGHT="40"
                         WIDTH="1103"
                         VPOS="1351"
                         HPOS="377">
                  <String ID="string_tl_16"
                          HEIGHT="40"
                          WIDTH="1103"
                          VPOS="1351"
                          HPOS="377"
                          CONTENT="Belle lettre où il déclare que la famille de son beau-frère n’habite"/>
               </TextLine>
               <TextLine ID="tl_17"
                         BASELINE="1428"
                         HEIGHT="41"
                         WIDTH="1136"
                         VPOS="1387"
                         HPOS="343">
                  <String ID="string_tl_17"
                          HEIGHT="41"
                          WIDTH="1136"
                          VPOS="1387"
                          HPOS="343"
                          CONTENT="pas l’Angleterre et qu'elle se trouve dans une situation peu heureuse."/>
               </TextLine>
            </TextBlock>
            <TextBlock ID="r_1_10"
                       HEIGHT="155"
                       WIDTH="1217"
                       VPOS="1453"
                       HPOS="266">
               <Shape>
                  <Polygon POINTS="266,1453 1483,1453 1483,1608 266,1608"/>
               </Shape>
               <TextLine ID="tl_18"
                         BASELINE="1513"
                         HEIGHT="59"
                         WIDTH="1215"
                         VPOS="1454"
                         HPOS="267">
                  <String ID="string_tl_18"
                          HEIGHT="59"
                          WIDTH="1215"
                          VPOS="1454"
                          HPOS="267"
                          CONTENT="26. CHÉNIER (Marie-Joseph de), frère cadet d’André Ché¬"/>
               </TextLine>
               <TextLine ID="tl_19"
                         BASELINE="1559"
                         HEIGHT="52"
                         WIDTH="1122"
                         VPOS="1507"
                         HPOS="359">
                  <String ID="string_tl_19"
                          HEIGHT="52"
                          WIDTH="1122"
                          VPOS="1507"
                          HPOS="359"
                          CONTENT="nier, conventionnel, auteur dramatique, membre de"/>
               </TextLine>
               <TextLine ID="tl_20"
                         BASELINE="1607"
                         HEIGHT="48"
                         WIDTH="810"
                         VPOS="1559"
                         HPOS="358">
                  <String ID="string_tl_20"
                          HEIGHT="48"
                          WIDTH="810"
                          VPOS="1559"
                          HPOS="358"
                          CONTENT="l’Académie française, n. 1764, m. 1811."/>
               </TextLine>
            </TextBlock>
            <TextBlock ID="r_1_11" HEIGHT="45" WIDTH="815" VPOS="1623" HPOS="394">
               <Shape>
                  <Polygon POINTS="394,1623 1209,1623 1209,1668 394,1668"/>
               </Shape>
               <TextLine ID="tl_21"
                         BASELINE="1667"
                         HEIGHT="43"
                         WIDTH="813"
                         VPOS="1624"
                         HPOS="395">
                  <String ID="string_tl_21"
                          HEIGHT="43"
                          WIDTH="813"
                          VPOS="1624"
                          HPOS="395"
                          CONTENT="L. a. s. à un confrère; 12 juin 1806, 1 p. in-8."/>
               </TextLine>
            </TextBlock>
            <TextBlock ID="r_1_12"
                       HEIGHT="115"
                       WIDTH="1139"
                       VPOS="1679"
                       HPOS="343">
               <Shape>
                  <Polygon POINTS="343,1679 1482,1679 1482,1794 343,1794"/>
               </Shape>
               <TextLine ID="tl_22"
                         BASELINE="1721"
                         HEIGHT="41"
                         WIDTH="1104"
                         VPOS="1680"
                         HPOS="377">
                  <String ID="string_tl_22"
                          HEIGHT="41"
                          WIDTH="1104"
                          VPOS="1680"
                          HPOS="377"
                          CONTENT="Intéressante lettre où il parle de ses études relatives à l’instruction"/>
               </TextLine>
               <TextLine ID="tl_23"
                         BASELINE="1757"
                         HEIGHT="41"
                         WIDTH="1137"
                         VPOS="1716"
                         HPOS="344">
                  <String ID="string_tl_23"
                          HEIGHT="41"
                          WIDTH="1137"
                          VPOS="1716"
                          HPOS="344"
                          CONTENT="publique sur lesquelles il appelle l'attention du gouvernement. Il"/>
               </TextLine>
               <TextLine ID="tl_24"
                         BASELINE="1793"
                         HEIGHT="42"
                         WIDTH="1102"
                         VPOS="1751"
                         HPOS="344">
                  <String ID="string_tl_24"
                          HEIGHT="42"
                          WIDTH="1102"
                          VPOS="1751"
                          HPOS="344"
                          CONTENT="déclare qu’il est urgent pour lui de trouver des moyens d’existence."/>
               </TextLine>
            </TextBlock>
            <TextBlock ID="r_1_13"
                       HEIGHT="101"
                       WIDTH="1215"
                       VPOS="1823"
                       HPOS="265">
               <Shape>
                  <Polygon POINTS="265,1823 1480,1823 1480,1924 265,1924"/>
               </Shape>
               <TextLine ID="tl_25"
                         BASELINE="1878"
                         HEIGHT="54"
                         WIDTH="1213"
                         VPOS="1824"
                         HPOS="266">
                  <String ID="string_tl_25"
                          HEIGHT="54"
                          WIDTH="1213"
                          VPOS="1824"
                          HPOS="266"
                          CONTENT="27. CHERUBINI (Louis), célèbre compositeur de musique,"/>
               </TextLine>
               <TextLine ID="tl_26"
                         BASELINE="1923"
                         HEIGHT="42"
                         WIDTH="355"
                         VPOS="1881"
                         HPOS="359">
                  <String ID="string_tl_26"
                          HEIGHT="42"
                          WIDTH="355"
                          VPOS="1881"
                          HPOS="359"
                          CONTENT="n. 1760, m. 1842."/>
               </TextLine>
            </TextBlock>
            <TextBlock ID="r_1_14" HEIGHT="45" WIDTH="837" VPOS="1939" HPOS="395">
               <Shape>
                  <Polygon POINTS="395,1939 1232,1939 1232,1984 395,1984"/>
               </Shape>
               <TextLine ID="tl_27"
                         BASELINE="1983"
                         HEIGHT="43"
                         WIDTH="835"
                         VPOS="1940"
                         HPOS="396">
                  <String ID="string_tl_27"
                          HEIGHT="43"
                          WIDTH="835"
                          VPOS="1940"
                          HPOS="396"
                          CONTENT="Morceau de musique aut. sig., 1 p. in-8 oblong."/>
               </TextLine>
            </TextBlock>
            <TextBlock ID="r_1_15" HEIGHT="38" WIDTH="391" VPOS="2001" HPOS="376">
               <Shape>
                  <Polygon POINTS="376,2001 767,2001 767,2039 376,2039"/>
               </Shape>
               <TextLine ID="tl_28"
                         BASELINE="2038"
                         HEIGHT="36"
                         WIDTH="389"
                         VPOS="2002"
                         HPOS="377">
                  <String ID="string_tl_28"
                          HEIGHT="36"
                          WIDTH="389"
                          VPOS="2002"
                          HPOS="377"
                          CONTENT="C’est un sujet de fugue."/>
               </TextLine>
            </TextBlock>
            <TextBlock ID="r_1_16"
                       HEIGHT="104"
                       WIDTH="1216"
                       VPOS="2067"
                       HPOS="266">
               <Shape>
                  <Polygon POINTS="266,2067 1482,2067 1482,2171 266,2171"/>
               </Shape>
               <TextLine ID="tl_29"
                         BASELINE="2123"
                         HEIGHT="55"
                         WIDTH="1214"
                         VPOS="2068"
                         HPOS="267">
                  <String ID="string_tl_29"
                          HEIGHT="55"
                          WIDTH="1214"
                          VPOS="2068"
                          HPOS="267"
                          CONTENT="28. CHOPIN (Frédéric), célèbre pianiste et compositeur de"/>
               </TextLine>
               <TextLine ID="tl_30"
                         BASELINE="2170"
                         HEIGHT="49"
                         WIDTH="560"
                         VPOS="2121"
                         HPOS="361">
                  <String ID="string_tl_30"
                          HEIGHT="49"
                          WIDTH="560"
                          VPOS="2121"
                          HPOS="361"
                          CONTENT="musique, n. 1810, m. 1849."/>
               </TextLine>
            </TextBlock>
            <TextBlock ID="r_1_17" HEIGHT="78" WIDTH="1120" VPOS="2182" HPOS="360">
               <Shape>
                  <Polygon POINTS="360,2182 1480,2182 1480,2260 360,2260"/>
               </Shape>
               <TextLine ID="tl_31"
                         BASELINE="2228"
                         HEIGHT="45"
                         WIDTH="1077"
                         VPOS="2183"
                         HPOS="402">
                  <String ID="string_tl_31"
                          HEIGHT="45"
                          WIDTH="1077"
                          VPOS="2183"
                          HPOS="402"
                          CONTENT="L. a. s. (à Franchomme); Nohant (4 juillet 1844), 1 p. in-8."/>
               </TextLine>
               <TextLine ID="tl_32"
                         BASELINE="2259"
                         HEIGHT="31"
                         WIDTH="166"
                         VPOS="2228"
                         HPOS="361">
                  <String ID="string_tl_32"
                          HEIGHT="31"
                          WIDTH="166"
                          VPOS="2228"
                          HPOS="361"
                          CONTENT="Très rare."/>
               </TextLine>
            </TextBlock>
            <TextBlock ID="r_1_18"
                       HEIGHT="115"
                       WIDTH="1136"
                       VPOS="2275"
                       HPOS="347">
               <Shape>
                  <Polygon POINTS="347,2275 1483,2275 1483,2390 347,2390"/>
               </Shape>
               <TextLine ID="tl_33"
                         BASELINE="2317"
                         HEIGHT="41"
                         WIDTH="1101"
                         VPOS="2276"
                         HPOS="381">
                  <String ID="string_tl_33"
                          HEIGHT="41"
                          WIDTH="1101"
                          VPOS="2276"
                          HPOS="381"
                          CONTENT="PRÉCIEUSE PIÈCE, relative à la publication d’une de ses œuvres dont"/>
               </TextLine>
               <TextLine ID="tl_34"
                         BASELINE="2352"
                         HEIGHT="40"
                         WIDTH="1131"
                         VPOS="2312"
                         HPOS="349">
                  <String ID="string_tl_34"
                          HEIGHT="40"
                          WIDTH="1131"
                          VPOS="2312"
                          HPOS="349"
                          CONTENT="il demande 600 francs. En post-scriptum Chopin fait mention de"/>
               </TextLine>
               <TextLine ID="tl_35"
                         BASELINE="2389"
                         HEIGHT="38"
                         WIDTH="211"
                         VPOS="2351"
                         HPOS="348">
                  <String ID="string_tl_35"
                          HEIGHT="38"
                          WIDTH="211"
                          VPOS="2351"
                          HPOS="348"
                          CONTENT="George Sand."/>
               </TextLine>
            </TextBlock>
            <GraphicalElement ID="r_4" HEIGHT="17" WIDTH="255" VPOS="76" HPOS="189"/>
            <GraphicalElement ID="r_5" HEIGHT="10" WIDTH="368" VPOS="76" HPOS="959"/>
            <GraphicalElement ID="r_6" HEIGHT="4" WIDTH="251" VPOS="76" HPOS="1615"/>
            <GraphicalElement ID="r_7" HEIGHT="5" WIDTH="82" VPOS="82" HPOS="444"/>
            <GraphicalElement ID="r_8" HEIGHT="5" WIDTH="140" VPOS="85" HPOS="681"/>
            <GraphicalElement ID="r_9" HEIGHT="2" WIDTH="102" VPOS="88" HPOS="868"/>
            <GraphicalElement ID="r_10" HEIGHT="4" WIDTH="86" VPOS="88" HPOS="1651"/>
            <GraphicalElement ID="r_11" HEIGHT="5" WIDTH="174" VPOS="2881" HPOS="709"/>
            <GraphicalElement ID="r_12" HEIGHT="8" WIDTH="527" VPOS="2879" HPOS="915"/>
            <GraphicalElement ID="r_13" HEIGHT="5" WIDTH="146" VPOS="2879" HPOS="1718"/>
            <GraphicalElement ID="r_14" HEIGHT="486" WIDTH="9" VPOS="300" HPOS="84"/>
            <GraphicalElement ID="r_15" HEIGHT="172" WIDTH="2" VPOS="852" HPOS="91"/>
            <GraphicalElement ID="r_16" HEIGHT="958" WIDTH="12" VPOS="1034" HPOS="91"/>
            <GraphicalElement ID="r_17" HEIGHT="836" WIDTH="14" VPOS="1992" HPOS="101"/>
            <GraphicalElement ID="r_18" HEIGHT="122" WIDTH="2" VPOS="447" HPOS="2079"/>
            <GraphicalElement ID="r_19" HEIGHT="4" WIDTH="104" VPOS="183" HPOS="1931"/>
         </PrintSpace>
      </Page>
   </Layout>
</alto>
