2179 3146
809 455 140 26 — 17 —

285 526 1218 57 90. NASSAU-SIEGEN (Othon, prince de), célèbre général,

379 579 904 49 fameux par ses aventures, n. 1745, m. 1809.

415 643 749 44 P. a. 8. ; Tinna, 15 août 1807, 2 p. in-folio.

397 700 1109 42 Curieuse note destinée à être remise à Talleyrand où il expose ses

364 731 1141 46 droits sur les États de Siegen. Intéressants détails sur la famille de

365 778 118 26 Nassau.

286 827 1220 61 91. ORLÉANS (Élisabeth-Charlotte de Bavière, duchesse

379 884 1124 52 d’), femme de Philippe duc d’Orléans, mère du Régent.

382 934 1121 51 On a publié sa curieuse correspondance, n. 1652,

380 990 172 33 m. 1722.

416 1049 1090 45 L. a. s. (au duc de Vendôme?) ; Fontainebleau, 7 octobre 1694,

377 1090 466 44 I p. in-4. (Coll. Chambry.)

396 1147 1111 40 Jolie lettre où elle exprime l’espoir que le roi récompensera son

365 1189 112 26 mérite.

284 1246 1223 54 92. PANGE (François, chevalier de), écrivain, ami d’André

383 1298 548 45 Chénier, n. 1764, m. 1796.

418 1361 1092 45 L. a. s. au poète LEBRUN; Sarrelouis, 26 mai 1783, 2 p. 1/2

379 1405 264 32 in-4. Très rare.

402 1459 1106 41 Belle lettre où il exprime son admiration pour le talent de Lebrun.

366 1495 1144 41 II parle de leur ami commun (André Chénier?) et se plaint d'être

366 1533 604 39 exilé dans la garnison de Sarrelouis.

288 1593 1219 55 93. PARTHENAY (Catherine de), vicomtesse de Rohan,

382 1642 1129 52 illustre calviniste, dont l’héroïsme pendant le siège de

384 1691 1073 53 La Rochelle est justement fameux, n. 1554, m. 1631.

420 1757 1089 43 L. a. s. au CARDINAL DE RICHELIEU; Le Parc, 21 février 1625,

381 1803 213 40 1 p. in-folio.

401 1855 1109 38 SUPERBE LETTRE où elle lui demande d’intercéder en sa faveur auprès

365 1891 1145 42 du roi pour que les revenus de sa maison de Josselin ne soient pas

366 1926 1145 42 affectés au paiement des gens d’armes que le duc de Vendôme y a

368 1962 1141 42 mis en garnison « veu que le Roy n’entend point que ceux qui ne se

365 1997 1145 42 meslent que de prier Dieu pour la prospérité de Sa Majesté soyent

368 2034 962 39 molestez en leurs biens non plus qu’en leurs personnes ».

290 2095 1222 57 94. PATKUL (Jean-Reinhold de), noble livonien, qui tenta

382 2144 1130 55 de délivrer son pays du joug de la Suède, livré par

381 2193 1128 54 Auguste II, roi de Pologne, à Charles XII, qui le fit

383 2249 362 37 écarteler en 1707.

420 2308 1089 45 L. s., en allemand; Dresde, 1er juin 1705, 1 p. in-folio, cachet

382 2354 431 33 bien conservé. Très rare.
