1829 3021
1050 427 85 23 — 12 —

462 500 1214 50 63. JOUKOVSKY (Basile), le célèbre poète russe, n. 1783,

561 553 174 33 m. 1852.

598 616 871 40 L. a. s., Munich, 6 octobre 1838, 1 p. in-4. Rare.

580 675 1102 35 belle lettre relative aux paiements de travaux exécutés par des

546 711 375 36 peintres de Düsseldorf.

462 773 1217 50 64. KAMENSKY (Michel, comte), célèbre maréchal russe,

561 823 1116 49 qui se distingua dans la guerre de Sept Ans, n. 1738,

560 874 365 35 assassiné en 1809.

597 939 1082 40 L. a. s., en français (à Euler); Moscou, 8 juin 1794, 3 p. in-4.

582 997 1101 35 Curieuse lettre relative à l’éducation de son fils. Il se plaint de sa

546 1033 1137 38 mauvaise écriture et donne à son précepteur divers moyens pour

546 1069 1135 37 l’engagera mieux former ses lettres. Ces moyens sont : le dessin, la

544 1105 603 36 privation des exercices à cheval, etc.

463 1172 1219 50 65. KELLER (Balthazar), célèbre fondeur et ciseleur, qui a

561 1222 1120 50 dirigé la fonte de la plupart des statues exécutées pour

559 1270 1121 39 l’embellissement de Paris et de Versailles dans le der¬

560 1320 872 43 nier tiers du XVIIe siècle, n. 1638, m. 1702.

600 1387 1079 40 L. a. s. à Monseigneur...; Paris, 3 mai 1693, 2 p. in-folio.

561 1428 170 30 Très rare.

582 1485 1098 36 Superbe lettre où il demande une gratification du roi pour la fonte

546 1522 487 35 d’une grande figure équestre.

466 1588 1212 50 66. KOURAKIN (Boris, prince), général et diplomate russe,

563 1638 1118 51 qui prit pari à la bataille de Pultava et qui accompagna

565 1687 942 44 Pierre le Grand en France, n. 1677, m. 1 727.

600 1753 1080 39 L. s., en français à M. de Blumenhof; Paris, 13 décembre

561 1795 326 39 1724,1 p. 1/2 in-4.

580 1852 1098 33 Intéressante lettre relative à l'entrée au service de Pierre le Grand

545 1889 459 37 du géographe J.-N. de Lisle.

464 1952 1213 50 67. KRUDNER (Julie de Vietinghoff, baronne de), célèbre

558 2002 1121 48 romancière et mystique russe, auteur de Valérie, l’Egé¬

561 2049 1114 49 rie de l’empereur de Russie Alexandre I, n. 1764, m.

567 2103 99 33 1824.

598 2165 1078 42 L. a. s., en français (à l’abbé Famin); Leipzig, 4 avril 1793,

557 2206 469 40 4 p. in-4. (Coll. A. Bovet.)

580 2265 1097 36 Epître des plus curieuses dans laquelle la baronne de Krudner

544 2300 1132 36 déclare qu’elle n'a pas songé à enlever l’abbé à la Fiance et à ses

543 2328 1131 43 occupations. Si elle lui a demandé de venir faire l’éducation de son
