2480 3188
120 1612 20 36 3

122 1672 621 37 DOMENICO FONTANA (1543-1607)

122 1739 804 39 Della trasportatione dell’obelisco vaticano

121 1790 763 39 et delle fabriche di Nostro Signore papa

120 1840 784 36 Sisto V dal Cavaliere Domenico Fontana,

121 1890 475 30 architetto di sua Santita...

122 1957 986 33 Roma, Domenico Basa, 1590, in-folio ; 410 x 275 mm; vélin

120 2002 947 36 de l’époque, traces de lacets. Emboitage tollé moderne.

119 2063 1011 37 [1], 112 ff. ch. 108 ff. (109 car 66bis), et 4 ff. et 2 planches dont

120 2110 196 35 une repliée.

120 2173 865 36 1 planches incluses dans la pagination à l’exception

120 2218 732 34 des 2 dernières et du portrait replié en tête.

826 2287 312 27 10 000 / 15 000 €

121 2364 261 25 Première édition.

121 2417 1016 32 Natif de Lugano, Fontana reçut une formation de mathématicien.

120 2457 1019 30 Après divers travaux d’architecture, il rencontra le cardinal Felice

121 2495 1017 32 Peretti, futur Sixte Quint (1585-1590), s’installa à Rome au service

120 2537 1017 30 de ce dernier, qui l’imposa en qualité d’architecte en chef. Fontana

120 2577 1017 31 participa ainsi à son ambitieux projet : reconstruire la Ville éternelle.

120 2617 1018 31 Sixte Quint, ayant décidé de déplacer l’obélisque mal situé au ras de

121 2657 1017 30 l’abside du nouveau Saint-Pierre, confia à Fontana, muni des pleins

120 2697 649 30 pouvoirs, la réalisation de ce tour de force.

121 2736 883 32 L’un des événements majeurs de la Rome du cinquecento.

121 2794 1016 32 En 1583, , la publication de Camillo Agrippa, Di Trasportar la guglia

121 2835 682 30 in su la piazza di san Pietro, relance le projet.

121 2874 1017 32 Le 24 août 1585, Sixte créa une commission chargée d'organiser un

120 2914 1017 32 concours. Fontana l’emporta malgré l’avis défavorable de celle-ci

120 2954 631 31 qui le trouvait relativement inexpérimenté.

1226 1684 1017 31 Les travaux débutèrent, notamment celui de la tour qui devait permettre

1225 1724 977 31 le transport de l’obélisque, étape qui commença le 30 avril 1586.

1226 1764 1015 31 La phase la plus délicate, celle de l'élévation, requit 800 hommes,

1224 1804 1018 31 140 chevaux et 40 treuils, travaillant au rythme des sons de cloches

1224 1844 1019 31 et de trompettes, alors que la foule, massée derrière un cordon de

1225 1884 383 31 police, restait silencieuse.

1225 1940 1018 35 Gravures de Natale Bonifacio (1537-1592) d’après les dessins de

1226 1986 132 25 Fontana.

1226 2028 1016 32 Il interpréta sur cuivre un portrait de l’architecte, 35 planches

1225 2070 576 33 simples, 2 doubles et une dépliante.

1226 2113 1015 32 Douze concernent l'opération en elle-même, les 26 autres repré¬

1224 2155 1018 33 sentent les travaux de Fontana pour Sixte Quint : la Villa Montalto,

1225 2198 1016 32 résidence du pape sur le mont Quirinal, la chapelle de Santa

1224 2240 1018 34 Maria Maggiore, l’érection dans l’abside de cette chapelle d’un

1224 2283 1017 34 obélisque augustinien, la description de la cathédrale San Gio¬

1224 2325 1019 34 vanni, et diverses portes conçues pour le programme de Sixte

1224 2368 722 26 V d’urbanisation et de sécurisation de Rome.

1224 2427 1017 32 Quelques mouillures claires marginales en marge, mais bon exemplaire.

1224 2467 368 32 Cachet gratté sur le titre.

1226 2539 185 33 RÉFÉRENCE

1226 2587 1018 30 Brunet, 1,1329 ; Mortimer, 1,193 ; Fowler & Baer, 124 ; Dibner, Heralds of

1224 2625 1017 34 Science, 174 (“One of the mostfamous stories in engineering history”);

1224 2667 1018 31 Ol-schki, 16955 ; University of St Thomas, Builders and Humanists,

1224 2705 1021 33 The Renaissance Pops as Patrons of the Arts, B, 96 (“It was one of

1222 2745 1020 34 the memorable engineering feats of western civilization”) ; Kissner (f.

1225 2785 1016 33 H.), The Franklin H. Kissner of Books on Rome, n° 147, pour un ex. en

1224 2825 1019 33 vélin moderne, 420 x 280 mm ; Pouillon (F.), Architecture et beaux

1225 2867 831 31 livres anciens, n° 56, pour un ex. en vélin du XIXe siècle.

120 3075 30 23 14

999 3069 486 20 LES COLLECTIONS ARISTOPHIL
