2480 3188
1866 105 492 73 LITTÉRATURE

1336 310 500 45 CATALOGUE N°10

1779 448 578 58 LIVRES ANCIENS,

1367 528 991 57 ROMANTIQUES & MODERNES

1332 774 1028 32 Les collections Aristophil continuent à décliner leurs catalogues,

1331 815 1029 31 riches de provenances prestigieuses : Racine, La Reine Marie-

1330 854 1031 31 Antoinette et la Princesse de Lamballe, le formidable exemplaire de

1332 895 421 31 la Dixme Royale de Vauban.

1332 974 1028 32 Les grands classiques littéraires : Molière, Stendhal, Rimbaud,

1332 1014 829 32 Balzac, Hugo, la plupart enrichis de lettres ou d’envois.

1332 1054 1028 32 N'oublions pas les illustrations du peintre Oudry, les Roses de Re¬

1331 1094 660 32 douté, Los Desastres de la Guerra de Goya.

1332 1174 1027 31 Notre parcours se termine avec Ronsard et Matisse relié par Paul

1332 1214 1029 32 Bonet, Eloa ou la sœur des Anges de Vigny dans une reliure d’André

1330 1255 86 24 Mare.

2350 3075 9 23 1
