2480 3188
857 301 22 34 4

860 361 509 36 BLAISE PASCAL (1623-1662)

859 427 571 34 Lettre escritte à un provincial, par

858 477 566 35 un de ses amis. Sur les sujets des

858 527 573 35 disputes présentés à la Sorbonne.

859 577 571 34 De Paris, ce 13 Janvier 1656. 8 pp.

858 627 476 27 Seconde Lettre escritte à un

857 677 517 34 provincial, par un de ses amis.

859 727 537 34 De Paris ce 19 février1656. 8 pp.

859 777 561 34 Response du Provincial aux deux

858 827 292 34 premières lettres.

858 878 82 33 8 pp.

859 927 508 33 Quatrième Lettre escritte à un

857 977 517 34 provincial, par un de ses amis.

859 1027 569 34 De Paris, le 25, Février 1656. 8 pp.

859 1077 510 34 Cinquième Lettre escritte à un

857 1127 517 34 provincial, par un de ses amis.

859 1177 521 34 De Paris le 20 mars 1656. 8 pp.

858 1227 645 34 Sixième Lettre escritte à un provincial,

858 1277 326 34 par un de ses amis.

859 1327 510 34 De Paris, ce 10 avril 1656.8 pp.

858 1377 487 34 Septième Lettre escritte à un

857 1427 517 34 provincial, par un de ses amis.

859 1477 522 34 De Paris, ce 25 avril 1656. 8 pp.

859 1527 479 27 Huitième Lettre escritte à un

857 1577 517 34 provincial, par un de ses amis.

859 1627 532 35 De Paris, ce 28 May 1656. 8 pp.

859 1677 498 27 Neuvième Lettre escritte à un

857 1727 517 34 provincial, par un de ses amis.

859 1777 510 34 De Paris, le 3 juillet 1656. 8 pp.

859 1827 462 27 Dixième Lettre escritte à un

857 1877 517 34 provincial, par un de ses amis.

859 1927 513 34 De Paris, ce 2 Août 1656. 8 pp.

858 1977 588 34 Onzième Lettre escrite par l’Auteur

858 2027 503 27 des Lettres aux Provincial aux

859 2076 427 35 Révérends pères jésuites.

859 2127 373 34 Du 18 Août 1656. 8 pp.

859 2177 608 34 Douzième Lettre escrite par l’Auteur

858 2227 498 27 des Lettres aux Provincial aux

859 2276 428 35 Révérends pères jésuites.

859 2327 439 34 Du 9 septemb. 1656. 8 pp.

859 2377 589 34 Response à la douzième lettres de

857 2427 208 27 Jansenistes.

858 2477 82 34 8 pp.

860 2526 597 35 Treizième Lettre escrite par l’Auteur

858 2577 502 27 des Lettres aux Provincial aux

1596 298 428 35 Révérends pères jésuites.

1597 348 485 34 Du 30 septembre 1656. 8 pp.

1596 398 518 34 Quatorzième Lettre escrite par

1596 448 643 27 l’Auteur des Lettres aux Provincial aux

1596 498 428 35 Révérends pères jésuites.

1597 548 430 34 Du 23 octobre 1656. 8 pp.

1596 598 618 34 Quinzième Lettre escrite par l’Auteur

1595 648 503 27 des Lettres aux Provincial aux

1596 698 428 35 Révérends pères jésuites.

1597 748 471 34 Du 25 novembre 1656. 8 pp.

1595 798 589 34 Seizième Lettre escrite par l'Auteur

1595 848 503 27 des Lettres aux Provincial aux

1596 898 428 35 Révérends pères jésuites.

1596 950 440 33 Du 4 décembre 1656. 12 pp.

1596 1000 632 32 Dix-septième lettre escrime par l’auteur

1595 1050 624 31 des lettres au Provincial, A reverend P.

1594 1100 215 33 Annat jésuite.

1596 1150 392 33 Du 23 janvier 1657.12 pp.

1596 1200 545 26 Dix-huitième lettre au Reverend P.

1594 1250 216 33 Annat, jésuite

1605 1300 610 34 sur la copie imprimée à Cologne le 24

1594 1350 270 33 Mars 1657.12 pp.

1596 1400 451 26 De l'Héresie et du Schisme...

1596 1451 77 32 8 pp.

1966 1518 276 26 3 000 / 5 000 €

1595 1592 647 34 Soit 18 lettres in-4 (240 x 177 mm); maro¬

1595 1634 647 32 quin vert bouteille, triple filet doré en

1595 1674 647 33 encadrement sur les plats. Médaillon

1596 1714 647 34 losange central. Dos à nerfs richement

1595 1754 647 33 orné. Double filet sur les coupes. Tranches

1595 1794 647 26 dorées. Encadrement intérieur même

1596 1834 646 32 maroquin rehaussé de dentelles et filets

1595 1872 586 35 dorés. [Chambolle-Duru]. (250x180)

1597 1932 645 32 Notre exemplaire diffère à la description

1595 1972 647 32 de Tchmerzine quant aux dates des 2

1596 2011 646 33 premières lettres : 23 et 29 janvier. Nous

1596 2051 645 33 n’avons pas de date à la troisième lettre.

1595 2109 646 33 Tchemerzine préconise : » Il faut de pré¬

1593 2149 648 33 férence rechercher les exemplaires com¬

1596 2189 647 33 posés à mesure de leur parution et reliés

1595 2229 647 34 sans le titre général et les 3 ff. d’avertis¬

1595 2273 123 22 sement.

1597 2327 615 26 La 12° lettre est suivie de sa Réfutation.

1597 2385 645 32 La 17° lettre de notre exemplaire est en

1594 2422 219 35 2° état (12 pp.)

1596 2498 207 33 RÉFÉRENCES

1596 2547 647 31 En Français dans le texte 96. Tchemerzine

1594 2587 220 24 V-62/63/64/65.

120 3075 29 23 16

999 3069 486 20 LES COLLECTIONS ARISTOPHIL
