2480 3188
121 389 23 35 9

119 449 445 37 [CLAUDE-ORONCE FINE

122 494 502 37 DE BRIANVILLE] (1608-1674)

121 556 527 36 Histoire sacrée en tableaux,

121 606 621 38 avec leur explication et quelques

121 656 522 39 remarques chronologiques.

122 723 580 35 Paris, Charles de Sercy, 1670-1671-

120 766 599 37 1675. 3 volumes in-12 (152 x 84 mm),

121 813 585 35 maroquin bleu nuit, triple filet doré

120 859 496 34 en encadrement sur les plats,

120 903 537 33 armoiries au centre; dos à nerfs

121 948 470 35 richement orné et en queue

121 993 515 35 la roulette dite «au dauphin ».

122 1039 570 34 Roulette sur les coupes. Tranches

120 1083 577 36 dorées, doublure maroquin rouge

120 1128 636 28 ornée d>un décor à la fanfare dessiné

120 1173 303 36 aux fers filigranés.

120 1236 456 34 T.1-13 ff. dont le frontispice,

119 1281 205 35 213 p. et 6 ff.

120 1344 448 34 T.2- 3 ff.dont le frontispice,

119 1389 218 34 208 p. et 8 ff.

120 1451 553 35 T.3- 6 f., 221 pp. mal chiffrées 219

120 1497 97 27 et 3 ff.

472 1566 295 26 8 000 / 10 000 €

121 1641 647 33 Deux frontispices identiques (tomes 1 et 2)

120 1683 647 31 aux armes du dauphin, 3 en-tête, une let¬

118 1723 650 32 trine et 138 vignettes à mi-page gravés par

120 1764 290 24 Sébastien Le Clerc.

121 1803 646 32 Première édition. Exemplaire réglé. La figure

120 1844 647 30 de Loth marchant indique un exemplaire de

121 1881 523 34 premier tirage (prem. partie, p. 43).

859 917 185 33 RÉFÉRENCE

859 966 193 24 Brunet 1-1254

859 1048 238 22 PROVENANCES

1274 854 28 38 9

857 1085 649 34 T.1. Marie-Antoinette d’Autriche, (Olivier

857 1127 648 35 2529) dauphine de France ; Madame

857 1169 647 36 Ayes ? (envoi manuscrit de la fin du

857 1214 648 34 XVIIIe siècle sur une garde du tome

859 1255 647 36 I).Librairie Lardanchet, Paris, Catalogue

857 1299 243 31 48,1954,n°2649.

857 1364 648 31 T.2. Ex-libris Michel Wittock, 2° partie, reliures

858 1407 189 24 à décor n°62

859 1484 646 31 Il fut relié vers 1700, quelque trente ans

858 1524 647 32 après la publication de l’ouvrage, dans le

858 1565 647 31 style archaïsant en vogue chez certains

858 1604 646 31 bibliophiles avertis de l’époque. Il est enrichi

858 1644 647 31 d’une remarquable doublure «plein or», selon

858 1685 648 31 la terminologie de Pascal Ract-Madoux et

859 1725 646 30 Isabelle de Conihout qui ont consacré une

857 1765 647 30 étude aux exemplaires ainsi reliés dans la

857 1804 649 25 collection du Duc d'Aumale du musée Condé

858 1844 647 32 à Chantilly. Souvent compartimentées, ces

857 1884 647 31 doublures sont dessinées aux petits fers du

1594 398 649 32 XVIle siècle, filigranes pour la plupart. Le

1595 438 647 32 décor est ici à la fanfare, dans le style des

1596 478 648 31 productions de l’atelier Florimond Radier, et

1595 518 647 30 exécuté à l’aide de fers anciens, certains d’une

1595 558 648 32 grande finesse, d’autres plus grossiers. Le fer

1595 599 647 31 en volute est utilisé pour clore les angles.

1595 638 648 31 Cette reliure offre en outre la particularité

1595 678 648 31 d'être décorée en pied du dos de la roulette

1595 718 648 31 dite «au dauphin», traditionellement attribuée

1595 759 647 30 aux reliures réalisées pour le Grand Dauphin

1596 798 647 32 lui-même. S’agissant ici d’un ouvrage dédié

1595 838 647 31 à lui, l’utilisation de la roulette paraît tout à

1593 878 650 29 fait naturelle; l’absence d’armoiries excluant

1593 918 649 31 toutefois une appartenance directe à la

1596 958 646 31 bibliothèque du Grand Dauphin. Il est plus

1595 998 649 31 que probable qu’une partie de l’édition fut

1595 1038 649 31 confiée aux ateliers de la Maison du roi pour

1596 1078 646 31 la reliure des exemplaires de présent. On

1595 1118 647 31 retrouve par ailleurs sur le dos les petits fers

1595 1159 647 30 caractéristiques des reliures provenant des

1595 1198 647 32 ateliers royaux à ces dates: ceux de Bernard

1596 1238 648 30 Bernache, actif dans cet atelier entre 1684

1595 1278 648 32 et 1721, et ceux de Jacques Chenu, qui y

1593 1307 649 42 travailla entre 1699 et 1709 (voir Métivier).

1596 1359 647 31 La reliure porte également les armoiries de

1594 1398 648 31 Marie-Antoinette dauphine, titre qu’elle porta

1595 1439 648 30 entre 1770 et 1774, marquant une seconde

1596 1478 646 32 intervention sur l’exemplaire. Les hypothèses

1596 1519 646 30 pouvant expliquer un tel parcours pour ces

1594 1558 648 32 volumes sont nombreuses; l’usage de la

1596 1598 646 31 roulette du dauphin et du fer d’armes de la

1595 1638 648 31 dauphine, issus tous deux du matériel de

1595 1678 647 31 dorure de l’atelier de la Bibliothèque du Roi,

1596 1719 647 30 indiquent vraisemblablement que ce volume

1596 1758 647 31 ne fut jamais offert, et demeura dans une

1596 1798 647 32 bibliothèque à la cour durant de longues

1595 1838 649 31 années avant d’être choisi comme présent

1596 1879 263 30 pour la dauphine.

122 3000 30 23 10

858 2090 44 35 10

857 2155 524 33 JEAN-BAPTISTE POQUELIN,

859 2195 451 37 DIT MOLIERE (1622-1673)

859 2262 487 38 Les Fourberies de Scapin.

859 2330 597 33 Paris, Pierre Le Monnier, 1671. ln-16

857 2373 532 37 (145x84 mm). Veau de l’époque,

858 2420 542 27 dos à nerfs orné de fleurs de lis.

859 2465 403 34 Roulette sur les coupes.

857 2525 626 37 (2) ff dont le titre, 123 pp., et 2 ff pour

859 2573 574 36 le privilège et l>achevé d>imprimer

857 2615 273 37 [du 18 août 1671],

1227 2687 278 26 6 000/8 000 €

1597 2151 258 38 Édition originale.

1596 2210 647 31 Les Fourberies de Scapin qui marquent le

1596 2250 648 31 retour de Molière à la farce, firent l’objet

1595 2290 648 31 de 16 représentations au théâtre du Palais

1596 2330 646 31 Royal entre le 24 mai et le 17 juillet 1671.

1595 2370 646 31 S’inscrivant après les comédies-ballets,

1594 2410 648 32 Monsieur de Pourceaugnac et Le Bourgeois

1595 2450 646 32 gentilhomme, la pièce fut assez mal

1595 2490 647 31 accueillie. Les Fourberies n’en demeure pas

1596 2530 646 31 moins aujourd’hui l’une des pièces les plus

1596 2570 341 31 populaires de Molière.

1596 2622 571 31 Bel exemplaire en reliure de l’époque.

1596 2674 574 30 Infimes manque à la coiffe supérieure.

1596 2746 186 32 RÉFÉRENCE

1594 2794 559 30 Tchemerzine, IV-796 - Guibert, I, 325.

1596 2876 218 23 PROVENANCE

1596 2915 646 30 Ex-libris armorié John Whipple de Fro¬

1593 2955 120 31 thingam

120 3075 36 23 20

999 3069 486 20 LES COLLECTIONS ARISTOPHIL
