2480 3188
126 125 1169 54 LES COLLECTIONS ARISTOPHIL

125 223 669 58 EN QUELQUES MOTS

121 479 176 30 Importance

120 518 1013 32 C'est aujourd’hui la plus belle collection de manuscrits et autographes

120 558 1012 32 au monde compte tenu de la rareté et des origines illustres des

120 598 395 31 œuvres qui la composent.

610 742 122 24 Nombre

610 781 1012 31 Plus de 130 000 œuvres constituent le fonds Aristophil. L’ensemble

609 821 1013 30 de la collection a été trié, inventorié, authentifié, classé et conservé

609 862 1012 31 dans des conditions optimales, en ligne avec les normes de la BNF.

120 1034 139 30 Supports

119 1074 1013 32 On trouve dans les Collections Aristophil une grande variété d’œuvres.

121 1114 1011 32 Dessins, peintures, photographies, lithographies, manuscrits anciens,

120 1154 1011 31 chartes, incunables, livres et manuscrits, partitions, éditions rares,

120 1194 1013 32 lettres, autographes, philatélie, objets d’art, d'archéologie, objets et

120 1234 1011 28 souvenirs, documents se côtoient et forment un ensemble tout à la

118 1274 1013 31 fois hétéroclite et cohérent tant il couvre l’ensemble des moyens d’ex¬

120 1314 1012 32 pression qu’inventa l'Homme depuis les origines jusqu’à nos jours ....

609 1496 118 25 Thèmes

611 1537 1011 31 Les Collections Aristophil couvrent toutes les périodes de l'histoire

610 1577 1012 31 de l’Antiquité au XXe siècle. Afin de dépasser la répartition par nature

603 1617 1019 32 juridique, par type de support ou encore la seule chronologie, il a été

610 1657 1011 31 retenu de disperser ces collections sous la forme de ventes théma¬

608 1697 1014 31 tiques permettant proposer des ventes intéressantes et renouvelées

610 1737 1011 31 mois après mois, propres à susciter l’intérêt des collectionneurs du

610 1778 208 24 monde entier.

121 1925 395 31 Sept familles thématiques

120 3075 15 23 6
