2480 3188
490 2394 24 36 6

492 2455 613 36 LORENZO MAGALOTTI (1637-1712)

490 2522 610 40 Saggi di noturali esperienze fatti

491 2572 558 30 nell’Accademia del Cimento...

492 2640 622 32 Firenze , Gius. Cocchini 1666. In folio

489 2682 636 38 (345x245); Maroquin rouge à l’éventail

490 2730 594 34 de l’époque; dos à nerfs richement

490 2775 504 34 orné. Roulette sur les coupes.

490 2820 289 27 Tranches dorées.

491 2883 372 34 8 ff. et CCLXIX pp. 8 ff.

829 2952 308 26 12 000 / 15 000 €

1227 2459 645 31 Portrait frontispice du grand Duc Ferdinand

1226 2498 472 32 Il et 72 planches à pleine page.

1226 2551 632 24 Première édition à la bonne date de 1666.

1226 2591 647 24 Premier cahier bruni. Petit trou de vers aux

1226 2631 647 31 mors, mais bel exemplaire en reliure de

1226 2673 135 31 l'époque.

1226 2746 186 32 RÉFÉRENCE

1226 2794 647 30 Brunet V-29 : « L’édition que nous indiquons

1226 2834 647 30 est la plus rare, surtout avec la date de 1666

1226 2874 647 32 et le beau portrait du grand duc Ferdinand

1226 2914 263 24 II. » Riccardi I 407

120 3075 29 23 18

999 3069 486 20 LES COLLECTIONS ARISTOPHIL
