2480 3188
1090 113 425 26 LES COLLECTIONS

1094 562 413 39 ARISTOPHIL

1147 758 314 46 LITTÉRATURE

727 827 1153 41 LIVRES ANCIENS, ROMANTIQUES & MODERNES

792 884 1021 41 MANUSCRITS ET LETTRES AUTOGRAPHES,

889 928 830 47 DE MALHERBE À CHATEAUBRIAND

925 996 754 38 MERCREDI 14 NOVEMBRE 2018, 14H

988 1048 631 32 DROUOT-RICHELIEU - SALLE 1

1157 1248 281 35 GLOSSAIRE

619 1351 649 33 Lettre autographe signée (L.A.S.) : la lettre

617 1393 650 32 est entièrement écrite par son signataire.

617 1433 650 32 Celui-ci peut signer de son prénom, de ses

618 1473 360 24 initiales ou de son nom.

619 1523 648 33 Pièce autographe signée (P.A.S.) : il s’agit de

617 1565 651 30 documents qui ne sont pas des lettres. Par

617 1605 651 30 exemple : une attestation, une ordonnance

618 1645 341 29 médicale, un reçu, etc.

619 1695 649 32 Lettre signée (L.S.) : ce terme est utilisé pour

617 1736 651 32 désigner une lettre simplement signée. Le

617 1776 649 32 corps du texte peut être dactylographié ou

617 1816 438 31 écrit par une autre personne.

619 1867 647 32 La pièce signée (P.S.) est un document sim¬

618 1908 649 32 plement signé. Le corps du texte peut être dac¬

616 1948 650 32 tylographié ou écrit par une autre personne.

618 1999 649 32 Une lettre autographe (L.A.) est une lettre

617 2040 649 31 est entièrement écrite par une personne,

1333 1353 650 32 mais non signée. Il était d’usage au XVIIle

1333 1393 650 32 siècle entre gens de la noblesse, de ne pas

1333 1433 651 32 signer les lettres, le destinataire reconnaissant

1334 1473 649 31 l’écriture, savait à qui il avait affaire. Madame

1333 1513 650 31 de Pompadour, Marie-Antoinette, pour ne

1333 1553 650 31 citer que les plus célèbres, ont ainsi envoyé

1333 1593 551 32 des lettres autographes non signées.

1334 1643 650 32 Une pièce autographe (P.A.) est un document

1333 1684 649 31 entièrement écrit de la main d’une personne,

1333 1725 649 31 mais non signé. Ce terme désigne très sou¬

1332 1765 651 29 vent des brouillons, des manuscrits ou des

1333 1804 575 32 annotations en marge d’un document.

1334 1856 648 31 Un manuscrit peut être entièrement « auto¬

1333 1896 649 32 graphe » ou « autographe signé » ou dactylo¬

1333 1936 649 32 graphié avec des « corrections autographes ».

2345 3075 15 22 9
