5866 9104
2565 598 575 119 -8-

1337 821 3436 124 L. aut. sig. à son frère, le prince Lucien. Lucques, 1er juil¬

1219 947 1512 114 let 1809, 2 pages petit in-4.

1309 1063 3460 104 Regrets qu’elle éprouve de ne pouvoir lui céder le tableau de la....

1209 1163 3561 123 qui est en grande vénération dans le pays, et la chose la plus rare à

1209 1259 3566 112 Lucques. L’Empereur a voulu l'avoir pour l’envoyer à Paris ; elle s’y est

1213 1361 3558 108 opposée pour le même motif.... Il y a des troubles à Modène, à Ferrare. A

1215 1461 3560 108 Rome, le départ du pape a fait un bon effet, mais la mesure a été prise sans

1211 1561 3566 104 l’ordre de Sa Majesté et d’une manière peu convenable. « J’ai tâché de

1213 1659 3570 110 « rendre son voyage le plus agréable possible; je n’ai rien épargné pour

1215 1761 3562 106 « cela; je lui ai donné une voiture, de l’argent, etc., car il est venu sans

1211 1861 1576 82 « rien : il sera content de moi... »

917 2029 3868 150 45. BONAPARTE (Caroline), ex-reine de Naples, sœur

1379 2187 2008 140 de Napoléon, femme de Murat.

1345 2333 3436 118 L. aut. sig. à son frère, le prince Lucien. 26 décembre 1818,

1243 2461 1052 114 1 page in-4. Cachet.

1317 2577 3468 100 Elle lui renouvelle les vœux qu’elle fait pour son bonheur et celui de sa

1217 2675 3578 106 famille.... « puissent-ils être exaucés, puisse la rigueur du destin, qui nous

1221 2777 2282 104 « poursuit, prendre une autre direction, etc....»

923 2933 3870 146 46. BONAPARTE (Pauline), princesse Borghèse, sœur de

1379 3087 634 142 Napoléon.

1363 3235 3428 120 L. aut. sig. à son frère le prince Lucien. Rome, 26 novembre.

1251 3363 1018 116 1 grande page in-8.

1331 3475 3470 110 Inquiétude où elle est de ne pas le voir ni recevoir de ses nouvelles; mais

1231 3577 3566 116 elle est encore si souffrante, qu’elle ne peut avoir de rancune contre un

1229 3677 3578 122 frère qu’elle a toujours tendrement aimé. Elle a reçu des nouvelles de

1233 3777 3568 104 Joseph, et désire beaucoup le mariage de sa fille (Zénaïde ) avec son fils

1237 3883 686 100 Napoléon, etc.

943 4035 3858 142 47. BORGIA (César), duc de Yalenlinois, fils naturel du

1403 4191 3392 148 pape Alexandre VI. N. .... M. 1507.

1369 4337 3444 124 Sa signature et le compliment autog. Presto al servitio de la

1251 4459 3556 124 senyoria vostra Cesar de Borgia Electo. Valentino, al magn.

1253 4587 3560 118 Pietro de Medicis. Rome, 8 décembre 1472. 1 page in-4, d’une

1257 4709 1144 116 parfaite conservation.

1353 4823 3462 100 II remercie entre autres ce seigneur d’avoir accédé à sa demande en lui

1249 4925 3566 106 envoyant un de ses faucons: mais, au dire de son fauconnier, ce faucon

1251 5023 3568 112 n’est pas le même qu’il avait désiré; il le prie donc de lui accorder le second,

1249 5123 2262 104 il lui sera infiniment obligé de cette faveur, etc.

958 5278 3108 144 48. BOSSUET (Bénigne), évêque de Meaux.

3602 5430 1212 116 N. 1622. M. 1704.

1387 5581 3440 120 L. aut. sig. à madame d’Albert de Germilly, 8 août 1795, 4 pages

1265 5709 938 96 in-4. Belle lettre.

1355 5819 3478 108 « Continués à suivre votre attrait, recevés sans scrupule les larmes que

1259 5921 3566 102 Dieu vous envoye, laissés dire les hommes : écoutés Dieu : écoutés Jésus :

1255 6021 3574 106 l’épouse se réjouit à la seule vue de l’époux.... espérés en Dieu, à la vie, à la

1251 6133 558 94 mort, etc. »

969 6257 2196 144 49. BOSSUET (Bénigne), idem.

1387 6411 3440 114 Neuf lettres aut. à l’abbé Bossuet, son neveu. à Rome, datées

1271 6537 3560 112 de Paris, Versailles, Meaux, etc., du 23 décembre 1697, au 10

1277 6659 2064 118 nov. 1698. En tout 40 pages petit in-4.

1357 6773 3478 112 On y a joint une lettre signée au père Bouhours , du 12 septembre, 1676.

965 6929 3866 144 50. BOUFFLERS (Le chevalier de). N. 1737. M. 1815.

1395 7085 3442 116 L. aut. sig. à M. de Lavalette. Paris, 2 juillet 1806. 2 page in-4.

1375 7199 3468 110 Il lui demande la réponse au mémoire qu'il a déposé chez lui, en faveur
