5866 9016
2720 621 585 119 -7-

1087 826 3757 179 39. BONAPARTE (Louis), ex-roi de Hollande. N. 1778.

1520 977 3405 158 L. aut. sig. au maréchal Berlhier, ministre de la guerre. Paris,

1408 1115 2137 135 13 messidor an XII. 2 grandes pages in-4.

1503 1213 3437 142 Recommandation pleine d’intérêt en faveur de M. Lachasse Vérigny, aide

1398 1311 3537 149 de camp du général Moreau et ancien officier de l’armée d’Italie, très-connu

1401 1449 889 111 de l’empereur, etc.

1107 1609 3829 174 40. BONAPARTE (Hortense Beauharnais), reine de Hol¬

1559 1761 3369 151 lande. N. 1783. M. 1837.

1532 1907 3411 156 L. aut. sig. à son frère, le prince Lucien. Augsbourg, 16 fé¬

1418 2037 3101 149 vrier 1823. Jolie lettre d'une page in-8, avec encadrement.

1503 2147 3441 142 Elle le complimente sur l’heureux accouchement de sa femme... « Cer¬

1408 2242 3541 148 « tainement, dit elle, elle ne veut pas laisser périr le nom, et s’en trouve le

1405 2343 3539 147 « plus ferme soutien.... Malgré le froid, nous nous portons bien ici; Louis

1406 2440 3543 150 « travaille bien, et voilà ma plus douce occupation que de m’occuper de

1405 2583 511 99 « lui, etc. »

1111 2738 3841 185 41. BONAPARTE (dit le prince Louis), fils de Louis et

1557 2901 2751 166 d’Hortense, prisonnier au château de Ham.

1540 3037 3411 160 Trois lettres ou billets aut. sig. de son paraphe, à M. Lombard;

1416 3192 1283 124 ensemble, 5 pages in-8.

1521 3272 3433 161 Dans la lettre du 5 octobre 1839, il lui dit qu’autant qu’il aime à donner

1414 3370 3543 150 des éloges à M. Ch. Durand quand il se livre a son talent, autant il croit de

1417 3468 3537 152 son devoir de lui exprimer sa désapprobation quand il lit dans un journal

1418 3570 3543 146 auquel il s’intéresse des articles aussi inconvenants que celui qui y était

1419 3668 3543 144 inséré dans le n° du 2 octobre.... « Comment le Capitole, qui se fait l’or¬

1416 3766 3547 152 « gane du napoléonisme et du système impérial, va-t-il prêcher le système

1417 3864 3547 152 « des cochons à l’engrais!.... Comment souffre-t-il un article qui traîne le

1418 3964 3545 168 « journal dans celte ornière des partisans de la constitution anglaise, dont

1421 4066 3539 156 «le grand principe est cette guerre de synonymes LE ROI RÈGNE ET NE

1428 4160 3533 150 « GOUVERNE PAS. Enfin, comment un journal qui se dit napoléoniste va-t-il

1421 4262 3543 150 « dire que l’armée sert plutôt à opprimer le peuple en temps de paix qu’à le

1426 4385 2127 125 « défendre en temps de guerre!.... etc., etc. »

1138 4567 3206 172 42. BONAPARTE (Jérôme), roi de Westphalie.

1570 4708 3397 156 L. aut. sig. à son frère, le prince Lucien. Trieste, 19 août 1814.

1447 4863 1011 127 1 grande page in-4.

1536 4944 3438 161 Il lui fait part de son désir d’aller s’établir à Rome. Le prince de Metter¬

1432 5044 3542 150 nich lui écrit que l'Empereur d’Autriche a fait demander ses passe-ports au

1435 5142 3541 156 saint-père « Je dois croire que cela est, mais je préfère que vous les deman¬

1424 5242 3553 146 « diez directement vous-même au pape et me les envoyiez.... J’espère, mon

1431 5338 3549 152 « cher Lucien, que vous éprouverez quelque plaisir à me revoir après tant

1436 5438 3545 152 « d’années de séparation ; quant à moi, celle idée me fait oublier mes mal¬

1435 5575 659 101 « heurs, etc. »

1141 5732 3841 187 43. BONAPARTE (Catherine de Wurtemberg), ex-reine

1596 5886 3380 180 de Westphalie, femme de Jérôme. N. 1783.

1574 6040 3417 155 L. aut. sig. à son frère, le prince Lucien Bonaparte. De Sche¬

1451 6180 2216 140 neau, 25 janvier 1818, 2 pages petit in-4.

1563 6274 3425 149 « .... Vous ne doutés pas , mon cher frère, de la satisfaction que nous

1450 6372 3537 152 « éprouverions d’être réunis ; il n’est pas douteux que le meilleur seroit aux

1443 6472 3543 150 « États-Unis. Dites à ma belle-sœur que je serois heureuse de faire sa con¬

1446 6568 3543 168 « naissance ainsi que celle de vos enfants ; quant à vous, mon cher frère,

1441 6668 3547 150 « Jérome in’entretien si souvent de l’amitié qu’il vous porte, que j’envisage

1444 6789 2513 125 « cette réunion comme un véritable bonheur, etc ... »

1152 6946 3837 211 44. BONAPARTE (Élisa), grande-duchessc de Toscane,

1612 7116 3369 188 sœur de Napoléon. N. 1777. M. 1820.
