5866 9000
2683 572 619 98 - IV -

1079 771 3808 162 riers et célébrités diverses : Sully, les cardinaux de Ri¬

1077 967 3814 168 chelieu, Mazarin et Dubois, Colbert, le prince de Tal¬

1087 1163 3798 164 leyrand ; Pitt et Fox ; Coligny, La Noue, dit Bras de Fer,

1075 1355 3818 168 Guise le Balafré, le grand Mayenne, Turenne, le grand

1081 1551 3814 166 Condé, Fabertet le maréchal de Saxe, puis Galéas Sforza

1077 1747 3810 164 et Catherine Sforza, Juan de Mauriquez, César Borgia,

1075 1941 3820 170 Alphonse d’Est, duc de Ferrare, le duc d’Albe, le comte

1079 2137 3814 166 de Horn et Nelson ; mesdames de la Fayette, de l’Espi¬

1081 2333 3818 166 nasse, de Montpensier et de Simiane. La princesse des

1081 2527 2568 166 Ursins et la marquise de Pompadour ;

1245 2723 3648 146 Parmi les littérateurs, les savants, etc. : J. Racine, La

1077 2919 3822 166 Fontaine, Boileau Despréaux, J.-J. Rousseau, Voltaire

1083 3111 3808 158 et Crébillori ; Piron, Grimin, Diderot, Saint-Evremond,

1081 3307 3818 166 M.-J. Chénier, Parny et Walter Scott : De Thou

1085 3501 3810 166 l’historien, Guichardin, Luigi Pulci, Philelphe, Goethe,

1083 3697 3822 166 Kant, Niebuhr, Scarpa et Spalanzani; G. Cuvier et

1085 3893 3822 164 H. Davy; Euler, Berzélius, Franklin, Jenner, Pallas et

1077 4089 3822 164 Wil. Herschel; Rubens, Mignard, Canova, et Joseph,

1083 4287 1578 120 Carie et Horace Vernet.

1255 4475 3654 166 Cette Collection est surtout remarquable par l’intérêt

1087 4665 2308 166 et la belle conservation des pièces.

3975 5073 546 104 CHARON.

1333 5409 1160 116 Paris, 25 mars 1845.
