5866 9129
2585 661 666 126 -12-

956 887 3880 153 74. CHARLES Ier, roi d’Angleterre. N. 1600. M. 1649.

1396 1041 3450 127 L. sig. avec le compliment aut. « vostre tres-affectionné cousin, »

1258 1165 3024 113 au cardinal de Richelieu. De Saint-James, 29 mai 1630.

1368 1281 3486 115 Il dépêche le sieur de Montagu vers le roi, son bon frère, pour lui donner

1262 1381 3228 115 avis de la naissance d’un beau fils que Dieu vient de lui donner, etc.

960 1547 3884 145 75. CHARLES X, roi de France. N. 1757. M. 1836.

1391 1669 3451 157 L. aut., à M. de Sérent. Édimbourg, 6 mars 1802. 2 pages in-4.

1364 1819 3495 125 Lettre toute mystérieuse ; on y lit : « Il est très-vrai que D. 24 a le projet

1263 1907 3590 107 « de venir ici, cl d'amener MM. d’Haucourt et de Nantouillet. Je ne t’en

1267 2019 3584 129 « avais pas parlé parce que 1003 ayant mandé précédemment à D. 24 qu’il

1267 2105 3588 135 « lui conseillait d’attendre que la crise fût un peu plus débrouillée.... Je n’ai

1265 2221 3582 115 « pas de réflexions à faire sur ce que P. 92 a dit à P. 79. Quelle faiblesse et

1267 2321 2918 107 « quelle personnalité de tous côtés, cela fait horreur, etc ... »

963 2491 3894 151 76. CHATEAUBRIAND (Franç.-Auguste, vicomte de),

1427 2655 3428 137 membre de l’Académie française. N. 1769.

1410 2805 3453 119 L. aut. sig., au citoyen Lucien Bonaparte. Paris, 20 vendémiaire

1274 2925 1476 119 an XI, 1 page et demie in-4.

1360 3041 3508 109 On vient de contrefaire à Avignon le Génie du Christianisme. S’il ne veut

1268 3141 3598 111 être ruiné totalement, il faut qu’il parle à l’instant, et dans le plus grand

1270 3243 3600 105 secret, pour faire saisir l’édition. Le prince, ayant bien voulu se déclarer

1272 3341 3590 111 le patron de son ouvrage, il lui demande deux mots de recommandation

1270 3445 2988 107 pour le préfet de Vaucluse, afin d’obtenir prompte justice, etc.

956 3621 3890 145 77. CHAUDET (Ant.-Denis), statuaire. N. 1763. M. 1810.

1394 3773 3468 121 L. aut. sig., au ministre Chaptal. 24 pluv. an XI. 2 pag. in-folio.

1366 3889 3504 97 Détails curieux et très-circonstanciés relatifs à la statue de la Paix, dont

1267 3991 3599 109 l’exécution vient de lui être confiée ; avec la réponse du ministre Chaptal

1269 4093 912 99 en tête de la lettre,

949 4253 3920 169 78. CHÉNIER (Marie-Joseph), conventionnel, poëte et

1429 4427 3434 121 littérateur. N. 1764. M. 1811.

1393 4581 3108 123 Pièce aut. sig., en date du Ier ventôse an VIII. 1 page in-4.

1371 4697 3506 127 II propose à l’administration du département le citoyen Milon, pour rem¬

1273 4797 3602 107 plir la chaire de législation, vacante parla nomination du citoyen Lenoir

1275 4901 1918 102 Laroche, aux fonctions de sénateur, etc.

958 5037 2589 164 79. CHÉNIER (Marie-Joseph), idem.

1416 5207 3454 123 Morceau littéraire, aut. sig., fort intéressant, sur la vie, le ca¬

1276 5327 3588 127 ractère et les ouvrages de J.-J. Rousseau, à propos d’une nouvelle

1276 5455 3584 121 édition de ses œuvres publiées par Bozérian. 2 gr. pages in-folio.

966 5597 3890 181 80. CHÉRUBIN!, music. compositeur. N 1760. M. 1842.

1400 5777 3300 123 L. aut sig. à M. l’intendant général. Paris, 2 décembre 1817.

1372 5895 3486 109 Intéressante lettre relative à des gratiticalions à accorder à des musi¬

1272 5999 916 107 ciens. 2 pages in-4.

963 6137 3893 177 81. CHOISEUL (Étienne-François, duc de), ministre sous

1437 6321 3404 127 Louis XV. N. 1719. M. 1785.

1405 6473 3442 125 L. aut. sig., ce mercredi. 1 page petit in-4. Toute confidentielle.

1283 6603 1008 119 Affaires politiques.

963 6745 2544 160 82. CLERGÉ. 4 lettres autog. signées.

1391 6923 2840 127 BAUSSET (Le card. de). 16 octobre 1814. 1 page in-4.

1401 7041 3388 125 LA TOUR D'AUVERGNE (Le card. de).6 février 1807. 1 page in-4.

1391 7165 3238 131 QUÉLEN (Hyacinthe de), archev. de Paris. 1824. 1 page in-4.

1402 7289 3113 125 MARON, ministre protestant. 10 février 1826. 2 pages in-8.
