5866 9062
2636 587 569 128 -3-

1009 810 3836 155 12. ANQUETIL-DUPERRON (Abraham-Hyacinthe), cé¬

1461 964 3378 130 lèbre orientaliste. N. 1731. M. 1805.

1427 1118 3421 124 L. aut. sig. à Monseig. Paris, 24 décembre 1782. 3 pages in-4.

1402 1234 3452 120 « Quel changement! je lis, je relis la Gazelle ; j’ai peine à en croire mes

1310 1332 3540 117 « yeux. La France, demander aux Anglois des possessions dans l’Inde! Il

1306 1432 3554 115 « est donc passé ce temps désastreux où l’habitude des affronts nous tenoit

1308 1534 3448 113 « dans un silence léthargique, etc. » Lettre d’un grand intérêt politique.

1020 1674 3839 149 13. ARLINGTON (Henri Bennet, comte d'), ministre sous

1477 1824 3386 146 Charles II, roi d'Angleterre. N. 1618. M. 1685.

1453 1974 3410 124 L. aut. sig. à son Eminence... Lundi au matin, à dix heures.

1321 2101 1944 124 Détails diplomatiques. 1 page in-fol.

1036 2246 3824 153 14. ARNOULD (Sophie), célèb. actrice. N. 1744. M. 1803,

1452 2402 3418 124 L. aut. sig. au citoyen Bellanger. Paris, 15 br. an X. 3 pages In-4.

1388 2516 3496 115 Elle l’entretient de ses souffrances, de la dureté des temps, qui lui fait

1324 2618 3558 115 crier misère, du ministre Chaplal et de l’administrateur Cellerier, desquels

1324 2716 3565 115 elle ne peut tirer le sol « Je veux bien croire que dans le moment ils n’ont

1325 2816 3562 117 « pas de l’argent à remuer à la pelle, mais je crois que leurs cœurs sont en¬

1329 2914 3552 115 « core plus secs que leurs coffres-forts.... Ah! maudite espèce humaine;

1335 3014 3556 117 « est-ce une vilaine engeance que tous ces mirmidons-là.... drôles de poli¬

1331 3112 3562 121 « chinelles! Quand ils sont sur des tresteaux qui les élèvent un peu plus

1331 3214 3563 117 « que les autres, je parie que ces sots-là se croyent des personnages, qu’ils

1336 3312 3562 115 « croyent jouer un rôle quand ils ne jouent que la farce! et quelle farce

1336 3435 788 72 « encorre! etc. »

1052 3548 3848 159 15. BAERLE, Barlaeus (Gaspar Van), poëte latin, profes¬

1504 3712 3395 144 seur de philosophie et d’éloquence à l’université

1503 3856 3386 132 d’Amsterdam. N. 1554. M. 1648.

1475 4008 3434 128 Pièce de vers (latins), aut. sig. adressé à Const. Huygens. Datée

1353 4131 2604 124 d’Amsterdam, 19 septembre 1640. 1 page in-fol.

1061 4268 3845 171 16. BAUTRU (Guill. de), comte de Séran, conseiller d’État,

1522 4442 3382 144 membre de l’Acad. française. N. 1588. M. 1665.

1504 4592 3410 122 L. aut. sig. au card. de Richelieu. Blois, 29 novembre 1636.

1376 4719 749 118 3 pages in-fol.

1463 4828 3458 118 Il rend compte au cardinal de la réception toute courtoise que lui a faite

1359 4930 3558 121 Son Altesse Monsieur; il l’a trouvée en compagnie de dames, avec musique,

1361 5028 3554 125 collation, et galanterie conforme à l’humeur d’un prince de son âge, et qui

1363 5133 1726 112 n'a point de mauvaise intention, etc.

1087 5278 3839 155 17. BELLARMIN (Le cardinal Roberlo Bellarmino), auteur

1536 5436 3388 140 d’un grand nombre d’ouvrages sur les controverses

1534 5586 1934 136 religieuses. N. 1542. M. 1621.

1502 5736 3419 138 L. aut. sig. (en italien) al illo signor Marcello Cernini. Rome,

1385 5858 2120 121 21 août 1620. 1 page in-fol ; avec sceau.

1485 5974 3440 108 Il a entendu dire avec plaisir que son livre de l'Art de bien mourir est en

1375 6076 3556 111 grande réputation, mais il s’étonne qu’on en ait pu mettre en vente la tra¬

1381 6172 3562 127 duction sans l’avoir préalablement averti. Les erreurs nombreuses qui

1375 6272 3559 127 existent dans celle traduction lui font prendre la résolution de ne jamais

1376 6374 3558 119 laisser publier aucun de ses ouvrages en langue vulgaire sans qu’il en ait

1378 6477 1630 106 auparavant examiné le travail, etc.

1106 6622 3832 149 18. BELLEGARDE (Roger de), grand écuyer de France

1546 6772 3379 140 sous Henri IV et Louis XIII. N. 1563. M. 1642.

1521 6928 3414 132 L aut. sig. au roi. Du 1er décembre 1632. 2 pages in-fol. ; avec

1377 7057 826 90 cachets et soies.

1483 7166 3450 120 il ne peut trouver de paroles assez dignes pour remercier Sa Majesté de
