<?xml version="1.0" encoding="utf-8"?>
<alto xmlns="http://www.loc.gov/standards/alto/ns-v4#" xmlns:xsi="http://www.w3.org/2001/XMLSchema-instance" xsi:schemaLocation="http://www.loc.gov/standards/alto/ns-v4# https://gitlab.inria.fr/scripta/escriptorium/-/raw/develop/app/escriptorium/static/alto-4-1-baselines.xsd">
<Description>
<MeasurementUnit>pixel</MeasurementUnit><sourceImageInformation><fileName>2009_12_04_bodin-0015.jpg</fileName></sourceImageInformation>
<OCRProcessing ID="IdOcr">
<ocrProcessingStep>
<processingDateTime>2020-10-31T11:52:24.598+01:00</processingDateTime>
<processingSoftware>
<softwareCreator>READ COOP</softwareCreator>
<softwareName>Transkribus</softwareName>
</processingSoftware>
</ocrProcessingStep>
</OCRProcessing>
</Description>
<Layout>
<Page HEIGHT="3188" ID="Page1" PHYSICAL_IMG_NR="1" WIDTH="2480">
<TopMargin HEIGHT="472" HPOS="0" VPOS="0" WIDTH="2480"/>
<LeftMargin HEIGHT="2637" HPOS="0" VPOS="472" WIDTH="196"/>
<RightMargin HEIGHT="2637" HPOS="2354" VPOS="472" WIDTH="126"/>
<BottomMargin HEIGHT="79" HPOS="0" VPOS="3109" WIDTH="2480"/>
<PrintSpace HEIGHT="2637" HPOS="196" VPOS="472" WIDTH="2158">
<TextBlock HEIGHT="38" HPOS="217" ID="r_1_1" VPOS="477" WIDTH="2062">
<Shape>
<Polygon POINTS="217 477 2279 477 2279 515 217 515"/>
</Shape>
<TextLine BASELINE="218 514 2278 514" HEIGHT="36" HPOS="218" ID="tl_1" VPOS="478" WIDTH="2060">
<String CONTENT="64. François-Joseph GOSSEC (1734-1829) compositeur. L.A.S., 30 floréal IX (20 mai 1801), au citoyen CELERIER, « administrateur du Théâtre" HEIGHT="36" HPOS="218" ID="string_tl_1" VPOS="478" WIDTH="2060"/>
</TextLine>
</TextBlock>
<TextBlock HEIGHT="37" HPOS="307" ID="r_1_2" VPOS="523" WIDTH="1972">
<Shape>
<Polygon POINTS="307 523 2279 523 2279 560 307 560"/>
</Shape>
<TextLine BASELINE="308 559 2278 559" HEIGHT="35" HPOS="308" ID="tl_2" VPOS="524" WIDTH="1970">
<String CONTENT="de la République et des Arts » ; 2 pages in-fol. 500/600" HEIGHT="35" HPOS="308" ID="string_tl_2" VPOS="524" WIDTH="1970"/>
</TextLine>
</TextBlock>
<TextBlock HEIGHT="356" HPOS="307" ID="r_1_3" VPOS="585" WIDTH="1973">
<Shape>
<Polygon POINTS="307 585 2280 585 2280 941 307 941"/>
</Shape>
<TextLine BASELINE="344 622 2277 622" HEIGHT="36" HPOS="344" ID="tl_3" VPOS="586" WIDTH="1933">
<String CONTENT="Supplique en faveur de Mlle MULLOT aînée, « artiste du Théâtre des Arts », qui a été « mise à la pension sous la dernière administration" HEIGHT="36" HPOS="344" ID="string_tl_3" VPOS="586" WIDTH="1933"/>
</TextLine>
<TextLine BASELINE="309 667 2279 667" HEIGHT="36" HPOS="309" ID="tl_4" VPOS="631" WIDTH="1970">
<String CONTENT="(...) après 16 années de service consécutif comme actrice », et qui réclame le paiement de la pension qui lui a été accordée et dont elle" HEIGHT="36" HPOS="309" ID="string_tl_4" VPOS="631" WIDTH="1970"/>
</TextLine>
<TextLine BASELINE="310 713 2278 713" HEIGHT="36" HPOS="310" ID="tl_5" VPOS="677" WIDTH="1968">
<String CONTENT="n’a encore rien touché... Gossec justifie alors le fait que Mlle Mullot soit entrée dans les choeurs de l’Opéra : « elle n’a que 32 ans, sa" HEIGHT="36" HPOS="310" ID="string_tl_5" VPOS="677" WIDTH="1968"/>
</TextLine>
<TextLine BASELINE="308 758 2278 758" HEIGHT="36" HPOS="308" ID="tl_6" VPOS="722" WIDTH="1970">
<String CONTENT="voix est belle, forte et sonore, elle est passablement musicienne, connoit l’action théâtrale, sait le répertoire et peut en conséquence" HEIGHT="36" HPOS="308" ID="string_tl_6" VPOS="722" WIDTH="1970"/>
</TextLine>
<TextLine BASELINE="308 804 2278 804" HEIGHT="36" HPOS="308" ID="tl_7" VPOS="768" WIDTH="1970">
<String CONTENT="guider sa colonne ». Elle a « fait, pendant 16 ans, un service sans reproche à l'Opéra, tant par son extrême exactitude que par la" HEIGHT="36" HPOS="308" ID="string_tl_7" VPOS="768" WIDTH="1970"/>
</TextLine>
<TextLine BASELINE="310 849 2279 849" HEIGHT="36" HPOS="310" ID="tl_8" VPOS="813" WIDTH="1969">
<String CONTENT="maniéré dont elle a rempli les rôles premiers et accessoirs dont elle a été chargée. On peut ajouter qu’elle n’a point dû sa retraite à la" HEIGHT="36" HPOS="310" ID="string_tl_8" VPOS="813" WIDTH="1969"/>
</TextLine>
<TextLine BASELINE="310 895 2278 895" HEIGHT="36" HPOS="310" ID="tl_9" VPOS="859" WIDTH="1968">
<String CONTENT="perte de ses moïens puisqu’elle les conserve encore tous ». Gossec fait encore l’éloge des qualités morales de Mlle Mulot... La lettre" HEIGHT="36" HPOS="310" ID="string_tl_9" VPOS="859" WIDTH="1968"/>
</TextLine>
<TextLine BASELINE="309 940 1334 940" HEIGHT="35" HPOS="309" ID="tl_10" VPOS="905" WIDTH="1025">
<String CONTENT="est contresignée par les « chefs du chant » Simon LA SUZE et GUICHARD." HEIGHT="35" HPOS="309" ID="string_tl_10" VPOS="905" WIDTH="1025"/>
</TextLine>
</TextBlock>
<TextBlock HEIGHT="37" HPOS="218" ID="r_1_4" VPOS="1020" WIDTH="2061">
<Shape>
<Polygon POINTS="218 1020 2279 1020 2279 1057 218 1057"/>
</Shape>
<TextLine BASELINE="219 1056 2278 1056" HEIGHT="35" HPOS="219" ID="tl_11" VPOS="1021" WIDTH="2059">
<String CONTENT="65. Jean-Baptiste de GOY (1666-1738) sculpteur. P.A.S., Rome 2 janvier 1684 ; 1 page in-4. 200/250" HEIGHT="35" HPOS="219" ID="string_tl_11" VPOS="1021" WIDTH="2059"/>
</TextLine>
</TextBlock>
<TextBlock HEIGHT="174" HPOS="308" ID="r_1_5" VPOS="1082" WIDTH="1972">
<Shape>
<Polygon POINTS="308 1082 2280 1082 2280 1256 308 1256"/>
</Shape>
<TextLine BASELINE="343 1119 2278 1119" HEIGHT="36" HPOS="343" ID="tl_12" VPOS="1083" WIDTH="1935">
<String CONTENT="« J’ay soussigné De Goy sculpteur pensionaire accademiste du Roy en son Académie Royale de Peinture Sculpture Architecture" HEIGHT="36" HPOS="343" ID="string_tl_12" VPOS="1083" WIDTH="1935"/>
</TextLine>
<TextLine BASELINE="309 1164 2278 1164" HEIGHT="36" HPOS="309" ID="tl_13" VPOS="1128" WIDTH="1969">
<String CONTENT="Matematique et autres nobles Arts établie a Rome par Sa Majesté très crestiene, reconois et confesse avoir receu comptant de" HEIGHT="36" HPOS="309" ID="string_tl_13" VPOS="1128" WIDTH="1969"/>
</TextLine>
<TextLine BASELINE="309 1210 2279 1210" HEIGHT="36" HPOS="309" ID="tl_14" VPOS="1174" WIDTH="1970">
<String CONTENT="Monsieur ERARD Directeur de la dite Accadémie la somme de veingt quatre escus et soixante et six baioques Monoye de Rome », soit" HEIGHT="36" HPOS="309" ID="string_tl_14" VPOS="1174" WIDTH="1970"/>
</TextLine>
<TextLine BASELINE="309 1255 2105 1255" HEIGHT="35" HPOS="309" ID="tl_15" VPOS="1220" WIDTH="1796">
<String CONTENT="87 sept livres six sols en monnaie française, « pour le quartier de ma nourriture » des trois derniers mois de l’année 1683..." HEIGHT="35" HPOS="309" ID="string_tl_15" VPOS="1220" WIDTH="1796"/>
</TextLine>
</TextBlock>
<TextBlock HEIGHT="44" HPOS="216" ID="r_1_6" VPOS="1329" WIDTH="2063">
<Shape>
<Polygon POINTS="216 1329 2279 1329 2279 1373 216 1373"/>
</Shape>
<TextLine BASELINE="217 1372 2278 1372" HEIGHT="42" HPOS="217" ID="tl_16" VPOS="1330" WIDTH="2061">
<String CONTENT="66. Pierre-Narcisse GUÉRIN (1774-1833) peintre. L.A.S., Paris 6 décembre 1819, au comte de Forbin, Directeur général des Musées Royaux ;" HEIGHT="42" HPOS="217" ID="string_tl_16" VPOS="1330" WIDTH="2061"/>
</TextLine>
</TextBlock>
<TextBlock HEIGHT="37" HPOS="307" ID="r_1_7" VPOS="1381" WIDTH="1972">
<Shape>
<Polygon POINTS="307 1381 2279 1381 2279 1418 307 1418"/>
</Shape>
<TextLine BASELINE="308 1417 2278 1417" HEIGHT="35" HPOS="308" ID="tl_17" VPOS="1382" WIDTH="1970">
<String CONTENT="I page et demie in-4. 250/300" HEIGHT="35" HPOS="308" ID="string_tl_17" VPOS="1382" WIDTH="1970"/>
</TextLine>
</TextBlock>
<TextBlock HEIGHT="175" HPOS="306" ID="r_1_8" VPOS="1442" WIDTH="1973">
<Shape>
<Polygon POINTS="306 1442 2279 1442 2279 1617 306 1617"/>
</Shape>
<TextLine BASELINE="344 1479 2278 1479" HEIGHT="36" HPOS="344" ID="tl_18" VPOS="1443" WIDTH="1934">
<String CONTENT="Au sujet du paiement de son tableau de Clitemnestre, sur ordre du Roi, pour la somme de 12 000 francs, qui devait être effectué" HEIGHT="36" HPOS="344" ID="string_tl_18" VPOS="1443" WIDTH="1934"/>
</TextLine>
<TextLine BASELINE="307 1525 2278 1525" HEIGHT="36" HPOS="307" ID="tl_19" VPOS="1489" WIDTH="1971">
<String CONTENT="« partie en numéraire, partie en ouvrages sur les Arts dont le gouvernement se trouve propriétaire ». La première condition ayant été" HEIGHT="36" HPOS="307" ID="string_tl_19" VPOS="1489" WIDTH="1971"/>
</TextLine>
<TextLine BASELINE="309 1570 2278 1570" HEIGHT="35" HPOS="309" ID="tl_20" VPOS="1535" WIDTH="1969">
<String CONTENT="remplie, il réclame la seconde et donne la liste des ouvrages qu’il souhaite : « Le grand ouvrage sur l’Egypte, sur l’Iconographie grecque" HEIGHT="35" HPOS="309" ID="string_tl_20" VPOS="1535" WIDTH="1969"/>
</TextLine>
<TextLine BASELINE="308 1616 1777 1616" HEIGHT="36" HPOS="308" ID="tl_21" VPOS="1580" WIDTH="1469">
<String CONTENT="et romaine, par Visconti, sur la Renaissance d’Azincourt, sur les Ruines de Pompe! par Mazois », etc." HEIGHT="36" HPOS="308" ID="string_tl_21" VPOS="1580" WIDTH="1469"/>
</TextLine>
</TextBlock>
<TextBlock HEIGHT="37" HPOS="221" ID="r_1_9" VPOS="1690" WIDTH="2057">
<Shape>
<Polygon POINTS="221 1690 2278 1690 2278 1727 221 1727"/>
</Shape>
<TextLine BASELINE="222 1726 2277 1726" HEIGHT="35" HPOS="222" ID="tl_22" VPOS="1691" WIDTH="2055">
<String CONTENT="67. Michel HARDOUIN (fl687) architecte, frère cadet de Jules Hardouin-Mansart, contrôleur des bâtiments à partir de 1683. PS. avec" HEIGHT="35" HPOS="222" ID="string_tl_22" VPOS="1691" WIDTH="2055"/>
</TextLine>
</TextBlock>
<TextBlock HEIGHT="38" HPOS="306" ID="r_1_10" VPOS="1735" WIDTH="1972">
<Shape>
<Polygon POINTS="306 1735 2278 1735 2278 1773 306 1773"/>
</Shape>
<TextLine BASELINE="307 1772 2277 1772" HEIGHT="36" HPOS="307" ID="tl_23" VPOS="1736" WIDTH="1970">
<String CONTENT="II lignes autographes, 25 novembre 1684 ; 2 pages in-fol. 300/400" HEIGHT="36" HPOS="307" ID="string_tl_23" VPOS="1736" WIDTH="1970"/>
</TextLine>
</TextBlock>
<TextBlock HEIGHT="265" HPOS="306" ID="r_1_11" VPOS="1797" WIDTH="1974">
<Shape>
<Polygon POINTS="306 1797 2280 1797 2280 2062 306 2062"/>
</Shape>
<TextLine BASELINE="342 1834 2278 1834" HEIGHT="36" HPOS="342" ID="tl_24" VPOS="1798" WIDTH="1936">
<String CONTENT="« Mémoire des ouvrages de maçonneries faites dans le jardin de l’hostel de Niel [à Versailles] par lordre de Monseigneur de Louvoys" HEIGHT="36" HPOS="342" ID="string_tl_24" VPOS="1798" WIDTH="1936"/>
</TextLine>
<TextLine BASELINE="308 1880 2278 1880" HEIGHT="36" HPOS="308" ID="tl_25" VPOS="1844" WIDTH="1970">
<String CONTENT="surintendant des bastimens par Thoussaint Rohais et Philipe Jouet entrepreneur des bastimens du Roy finis au mois de mars 1684 »... Le" HEIGHT="36" HPOS="308" ID="string_tl_25" VPOS="1844" WIDTH="1970"/>
</TextLine>
<TextLine BASELINE="309 1925 2279 1925" HEIGHT="36" HPOS="309" ID="tl_26" VPOS="1889" WIDTH="1970">
<String CONTENT="mémoire est signé par les entrepreneurs, et contrôlé et signé par PERRAULT. Puis HARDOUIN a certifié de sa main, en tant que « Conseiller" HEIGHT="36" HPOS="309" ID="string_tl_26" VPOS="1889" WIDTH="1970"/>
</TextLine>
<TextLine BASELINE="308 1970 2278 1970" HEIGHT="35" HPOS="308" ID="tl_27" VPOS="1935" WIDTH="1970">
<String CONTENT="du Roy Controlleur general des bastiments et jardins de Sa Maiesté », que les travaux mentionnés ont bien été exécutés comme" HEIGHT="35" HPOS="308" ID="string_tl_27" VPOS="1935" WIDTH="1970"/>
</TextLine>
<TextLine BASELINE="309 2016 2278 2016" HEIGHT="36" HPOS="309" ID="tl_28" VPOS="1980" WIDTH="1969">
<String CONTENT="décrits dans le dit mémoire... On JOINT une PS. par Jean PERRAULT (expert-toiseur), 9 octobre 1684, rapport pour HARDOUIN-MANSART sur la" HEIGHT="36" HPOS="309" ID="string_tl_28" VPOS="1980" WIDTH="1969"/>
</TextLine>
<TextLine BASELINE="307 2061 1902 2061" HEIGHT="35" HPOS="307" ID="tl_29" VPOS="2026" WIDTH="1595">
<String CONTENT="« démolition des appentis (...) adossés contre le mur et clôture du jardin de Monsieur le Prince de CONTY »..." HEIGHT="35" HPOS="307" ID="string_tl_29" VPOS="2026" WIDTH="1595"/>
</TextLine>
</TextBlock>
<TextBlock HEIGHT="43" HPOS="216" ID="r_1_12" VPOS="2130" WIDTH="2063">
<Shape>
<Polygon POINTS="216 2130 2279 2130 2279 2173 216 2173"/>
</Shape>
<TextLine BASELINE="217 2172 2278 2172" HEIGHT="41" HPOS="217" ID="tl_30" VPOS="2131" WIDTH="2061">
<String CONTENT="68. Louis-Ferdinand HÉROLD (1791-1833) compositeur. L.A.S., 16 octobre 1826, à un vicomte ; 1 page in-4 (portrait gravé joint). 200/300" HEIGHT="41" HPOS="217" ID="string_tl_30" VPOS="2131" WIDTH="2061"/>
</TextLine>
</TextBlock>
<TextBlock HEIGHT="121" HPOS="307" ID="r_1_13" VPOS="2197" WIDTH="1972">
<Shape>
<Polygon POINTS="307 2197 2279 2197 2279 2318 307 2318"/>
</Shape>
<TextLine BASELINE="346 2234 2278 2234" HEIGHT="36" HPOS="346" ID="tl_31" VPOS="2198" WIDTH="1932">
<String CONTENT="Il est venu lui présenter la partition de Marie : « Ma première pensée, au moment du succès, a été de vous offrir la dédicace de" HEIGHT="36" HPOS="346" ID="string_tl_31" VPOS="2198" WIDTH="1932"/>
</TextLine>
<TextLine BASELINE="309 2280 2278 2280" HEIGHT="36" HPOS="309" ID="tl_32" VPOS="2244" WIDTH="1969">
<String CONTENT="mon ouvrage (...) Votre suffrage, qui m’est si précieux, est aussi pour l’école française un noble encouragement, cette seconde vie des" HEIGHT="36" HPOS="309" ID="string_tl_32" VPOS="2244" WIDTH="1969"/>
</TextLine>
<TextLine BASELINE="308 2317 476 2317" HEIGHT="26" HPOS="308" ID="tl_33" VPOS="2291" WIDTH="168">
<String CONTENT="artistes ! »..." HEIGHT="26" HPOS="308" ID="string_tl_33" VPOS="2291" WIDTH="168"/>
</TextLine>
</TextBlock>
<TextBlock HEIGHT="38" HPOS="201" ID="r_1_14" VPOS="2399" WIDTH="2078">
<Shape>
<Polygon POINTS="201 2399 2279 2399 2279 2437 201 2437"/>
</Shape>
<TextLine BASELINE="202 2436 2278 2436" HEIGHT="36" HPOS="202" ID="tl_34" VPOS="2400" WIDTH="2076">
<String CONTENT="f 69. Vincent d’INDY (1851-1931). L.A.S., Lundi, à Léon HENNIQUE ; 3 pages in-8. 150/200" HEIGHT="36" HPOS="202" ID="string_tl_34" VPOS="2400" WIDTH="2076"/>
</TextLine>
</TextBlock>
<TextBlock HEIGHT="265" HPOS="305" ID="r_1_15" VPOS="2461" WIDTH="1975">
<Shape>
<Polygon POINTS="305 2461 2280 2461 2280 2726 305 2726"/>
</Shape>
<TextLine BASELINE="345 2498 2278 2498" HEIGHT="36" HPOS="345" ID="tl_35" VPOS="2462" WIDTH="1933">
<String CONTENT="Il a fait des recherches sur la pavane : « si vous placez votre personnage au XVIIIe siècle, il est impossible qu’il ait dansé une pavane" HEIGHT="36" HPOS="345" ID="string_tl_35" VPOS="2462" WIDTH="1933"/>
</TextLine>
<TextLine BASELINE="309 2543 2278 2543" HEIGHT="35" HPOS="309" ID="tl_36" VPOS="2508" WIDTH="1969">
<String CONTENT="même dans sa jeunesse, car cette danse était déjà tombée en désuétude au commencement du XVIIe ». Il cite le Dictionnaire de" HEIGHT="35" HPOS="309" ID="string_tl_36" VPOS="2508" WIDTH="1969"/>
</TextLine>
<TextLine BASELINE="309 2589 2277 2589" HEIGHT="36" HPOS="309" ID="tl_37" VPOS="2553" WIDTH="1968">
<String CONTENT="la Musique de Rousseau, et explique les opinions diverses sur l’origine de la pavane... On ne trouve aucune pavane ni dans Lully, ni" HEIGHT="36" HPOS="309" ID="string_tl_37" VPOS="2553" WIDTH="1968"/>
</TextLine>
<TextLine BASELINE="309 2634 2278 2634" HEIGHT="35" HPOS="309" ID="tl_38" VPOS="2599" WIDTH="1969">
<String CONTENT="dans les divertissements de Campra et Colasse, ni dans le ballet de la Royne de Beaujoyeux ; d’Indy propose de fournir plutôt une" HEIGHT="35" HPOS="309" ID="string_tl_38" VPOS="2599" WIDTH="1969"/>
</TextLine>
<TextLine BASELINE="306 2680 2279 2680" HEIGHT="36" HPOS="306" ID="tl_39" VPOS="2644" WIDTH="1973">
<String CONTENT="passacaille. Quant à la Marche de Turenne, il craint qu’elle ne soit apocryphe, « car les régiments d’infanterie française ne marchaient" HEIGHT="36" HPOS="306" ID="string_tl_39" VPOS="2644" WIDTH="1973"/>
</TextLine>
<TextLine BASELINE="309 2725 1938 2725" HEIGHT="35" HPOS="309" ID="tl_40" VPOS="2690" WIDTH="1629">
<String CONTENT="qu’au fifre et au tambour sur une musique fort peu variée [...], les mousquetaires seuls avaient des hautbois »..." HEIGHT="35" HPOS="309" ID="string_tl_40" VPOS="2690" WIDTH="1629"/>
</TextLine>
</TextBlock>
<TextBlock HEIGHT="27" HPOS="2321" ID="r_2_1" VPOS="3078" WIDTH="28">
<Shape>
<Polygon POINTS="2321 3078 2349 3078 2349 3105 2321 3105"/>
</Shape>
<TextLine BASELINE="2322 3104 2348 3104" HEIGHT="25" HPOS="2322" ID="tl_41" VPOS="3079" WIDTH="26">
<String CONTENT="15" HEIGHT="25" HPOS="2322" ID="string_tl_41" VPOS="3079" WIDTH="26"/>
</TextLine>
</TextBlock>
</PrintSpace>
</Page>
</Layout>
</alto>