<?xml version="1.0" encoding="utf-8"?>
<alto xmlns="http://www.loc.gov/standards/alto/ns-v4#" xmlns:xsi="http://www.w3.org/2001/XMLSchema-instance" xsi:schemaLocation="http://www.loc.gov/standards/alto/ns-v4# https://gitlab.inria.fr/scripta/escriptorium/-/raw/develop/app/escriptorium/static/alto-4-1-baselines.xsd">
<Description>
<MeasurementUnit>pixel</MeasurementUnit><sourceImageInformation><fileName>2009_12_04_bodin-0004.jpg</fileName></sourceImageInformation>
<OCRProcessing ID="IdOcr">
<ocrProcessingStep>
<processingDateTime>2020-10-31T11:52:18.848+01:00</processingDateTime>
<processingSoftware>
<softwareCreator>READ COOP</softwareCreator>
<softwareName>Transkribus</softwareName>
</processingSoftware>
</ocrProcessingStep>
</OCRProcessing>
</Description>
<Layout>
<Page HEIGHT="3188" ID="Page1" PHYSICAL_IMG_NR="1" WIDTH="2480">
<TopMargin HEIGHT="197" HPOS="0" VPOS="0" WIDTH="2480"/>
<LeftMargin HEIGHT="2912" HPOS="0" VPOS="197" WIDTH="130"/>
<RightMargin HEIGHT="2912" HPOS="2285" VPOS="197" WIDTH="195"/>
<BottomMargin HEIGHT="79" HPOS="0" VPOS="3109" WIDTH="2480"/>
<PrintSpace HEIGHT="2912" HPOS="130" VPOS="197" WIDTH="2155">
<TextBlock HEIGHT="38" HPOS="235" ID="r_2_1" VPOS="201" WIDTH="2045">
<Shape>
<Polygon POINTS="235 202 2280 201 2280 238 235 239"/>
</Shape>
<TextLine BASELINE="236 238 2281 238" HEIGHT="35" HPOS="236" ID="tl_2" VPOS="203" WIDTH="2045">
<String CONTENT="8. François-Adrien BOIELDIEU (1775-1834) compositeur. 2 L.A.S. ; 1 page et 1 page et demie in-8, adresses. 200/250" HEIGHT="35" HPOS="236" ID="string_tl_2" VPOS="203" WIDTH="2045"/>
</TextLine>
</TextBlock>
<TextBlock HEIGHT="219" HPOS="307" ID="r_2_2" VPOS="264" WIDTH="1973">
<Shape>
<Polygon POINTS="307 264 2280 264 2280 483 307 483"/>
</Shape>
<TextLine BASELINE="345 300 2278 300" HEIGHT="35" HPOS="345" ID="tl_3" VPOS="265" WIDTH="1933">
<String CONTENT="13 septembre [1813, à l'éditeur du Chansonnier des grâces], l’autorisant à imprimer dans le Chansonnier des grâces de 1814 « la romance" HEIGHT="35" HPOS="345" ID="string_tl_3" VPOS="265" WIDTH="1933"/>
</TextLine>
<TextLine BASELINE="308 346 2279 346" HEIGHT="36" HPOS="308" ID="tl_4" VPOS="310" WIDTH="1971">
<String CONTENT="du troubadour de Jean de Paris, et celle du Nouveau Seigneur »... Mercredi, à son cher NADERMANN. Il est impossible d’employer pour" HEIGHT="36" HPOS="308" ID="string_tl_4" VPOS="310" WIDTH="1971"/>
</TextLine>
<TextLine BASELINE="309 391 2278 391" HEIGHT="36" HPOS="309" ID="tl_5" VPOS="355" WIDTH="1969">
<String CONTENT="sa petite scène chantée le même effet d’orchestre : il faut s’en tenir à « un orchestre de harpe et d’instrumens à vent sur le théâtre et" HEIGHT="36" HPOS="309" ID="string_tl_5" VPOS="355" WIDTH="1969"/>
</TextLine>
<TextLine BASELINE="308 437 2278 437" HEIGHT="36" HPOS="308" ID="tl_6" VPOS="401" WIDTH="1970">
<String CONTENT="ensuite à une scene chantée avec accompagnement d'orchestre ordinaire disposé comme on en est convenu devant le théâtre. Quant" HEIGHT="36" HPOS="308" ID="string_tl_6" VPOS="401" WIDTH="1970"/>
</TextLine>
<TextLine BASELINE="308 482 1848 482" HEIGHT="36" HPOS="308" ID="tl_7" VPOS="446" WIDTH="1540">
<String CONTENT="à Lafont je verrai si je puis l’employer dans notre orchestre si non je le renverrai à vous ou à Le Sueur »..." HEIGHT="36" HPOS="308" ID="string_tl_7" VPOS="446" WIDTH="1540"/>
</TextLine>
</TextBlock>
<TextBlock HEIGHT="75" HPOS="309" ID="r_2_3" VPOS="491" WIDTH="1970">
<Shape>
<Polygon POINTS="309 491 2279 491 2279 566 309 566"/>
</Shape>
<TextLine BASELINE="344 528 2278 528" HEIGHT="36" HPOS="344" ID="tl_8" VPOS="492" WIDTH="1934">
<String CONTENT="On joint 2 P.S., mémoires pour vente de musiques à L. Zammit d’Orléans (1807,1811) ; et 2 2 L.A.S. de son fils Adrien-Louis BOIELDIEU à" HEIGHT="36" HPOS="344" ID="string_tl_8" VPOS="492" WIDTH="1934"/>
</TextLine>
<TextLine BASELINE="310 565 917 565" HEIGHT="28" HPOS="310" ID="tl_9" VPOS="537" WIDTH="607">
<String CONTENT="l’éditeur Choudens et M. de Beauchesne." HEIGHT="28" HPOS="310" ID="string_tl_9" VPOS="537" WIDTH="607"/>
</TextLine>
</TextBlock>
<TextBlock HEIGHT="42" HPOS="237" ID="r_2_4" VPOS="637" WIDTH="2041">
<Shape>
<Polygon POINTS="237 637 2278 637 2278 679 237 679"/>
</Shape>
<TextLine BASELINE="238 678 2277 678" HEIGHT="40" HPOS="238" ID="tl_10" VPOS="638" WIDTH="2039">
<String CONTENT="9. Karl August BÖTTIGER (1760-1835) archéologue allemand. L.A.S., Dresde 3 mai 1825, au librairie viennois Fr. VOLKE ; demi-page in-4 ; en" HEIGHT="40" HPOS="238" ID="string_tl_10" VPOS="638" WIDTH="2039"/>
</TextLine>
</TextBlock>
<TextBlock HEIGHT="30" HPOS="307" ID="r_2_5" VPOS="686" WIDTH="1972">
<Shape>
<Polygon POINTS="307 686 2279 686 2279 716 307 716"/>
</Shape>
<TextLine BASELINE="308 715 2278 715" HEIGHT="28" HPOS="308" ID="tl_11" VPOS="687" WIDTH="1970">
<String CONTENT="allemand. 100/150" HEIGHT="28" HPOS="308" ID="string_tl_11" VPOS="687" WIDTH="1970"/>
</TextLine>
</TextBlock>
<TextBlock HEIGHT="38" HPOS="345" ID="r_2_6" VPOS="748" WIDTH="1147">
<Shape>
<Polygon POINTS="345 748 1492 748 1492 786 345 786"/>
</Shape>
<TextLine BASELINE="346 785 1491 785" HEIGHT="36" HPOS="346" ID="tl_12" VPOS="749" WIDTH="1145">
<String CONTENT="Il le prie d’adresser dix numéros du journal Abendzeitung à M. Acerbi à Milan." HEIGHT="36" HPOS="346" ID="string_tl_12" VPOS="749" WIDTH="1145"/>
</TextLine>
</TextBlock>
<TextBlock HEIGHT="37" HPOS="221" ID="r_2_7" VPOS="853" WIDTH="2058">
<Shape>
<Polygon POINTS="221 853 2279 853 2279 890 221 890"/>
</Shape>
<TextLine BASELINE="222 889 2278 889" HEIGHT="35" HPOS="222" ID="tl_13" VPOS="854" WIDTH="2056">
<String CONTENT="10. Louis BOULANGER (1806-1867) peintre. L.A.S., [août ou septembre 1840 ?, à Mme Victor HUGO] ; 2 pages in-8. 150/200" HEIGHT="35" HPOS="222" ID="string_tl_13" VPOS="854" WIDTH="2056"/>
</TextLine>
</TextBlock>
<TextBlock HEIGHT="174" HPOS="307" ID="r_2_8" VPOS="915" WIDTH="1973">
<Shape>
<Polygon POINTS="307 915 2280 915 2280 1089 307 1089"/>
</Shape>
<TextLine BASELINE="346 952 2279 952" HEIGHT="36" HPOS="346" ID="tl_14" VPOS="916" WIDTH="1933">
<String CONTENT="Il tâchera de profiter de son invitation mais il a bien des choses à finir d’abord : « Je travaille donc pour aller vous rejoindre et" HEIGHT="36" HPOS="346" ID="string_tl_14" VPOS="916" WIDTH="1933"/>
</TextLine>
<TextLine BASELINE="309 997 2277 997" HEIGHT="36" HPOS="309" ID="tl_15" VPOS="961" WIDTH="1968">
<String CONTENT="regarder un peu cette bonne nature, ces beaux arbres qui ne vous amusent pas beaucoup ainsi que vous me l’avez dit. Cela dépend" HEIGHT="36" HPOS="309" ID="string_tl_15" VPOS="961" WIDTH="1968"/>
</TextLine>
<TextLine BASELINE="308 1043 2278 1043" HEIGHT="36" HPOS="308" ID="tl_16" VPOS="1007" WIDTH="1970">
<String CONTENT="souvent de la disposition où l’on est en contemplant les aspects de la création et ils changent souvent selon la sensation à travers" HEIGHT="36" HPOS="308" ID="string_tl_16" VPOS="1007" WIDTH="1970"/>
</TextLine>
<TextLine BASELINE="310 1088 2066 1088" HEIGHT="36" HPOS="310" ID="tl_17" VPOS="1052" WIDTH="1756">
<String CONTENT="laquelle ils nous arrivent. Pour moi qui vous aime de tout coeur je voudrais que la nature vous parût toujours riante »..." HEIGHT="36" HPOS="310" ID="string_tl_17" VPOS="1052" WIDTH="1756"/>
</TextLine>
</TextBlock>
<TextBlock HEIGHT="37" HPOS="230" ID="r_2_9" VPOS="1156" WIDTH="2049">
<Shape>
<Polygon POINTS="230 1156 2279 1156 2279 1193 230 1193"/>
</Shape>
<TextLine BASELINE="231 1192 2278 1192" HEIGHT="35" HPOS="231" ID="tl_18" VPOS="1157" WIDTH="2047">
<String CONTENT="11. Henri BOUTET (1851-1919) peintre. 2 L.A.S. à un ami ; 1 page in-12 à son chiffre, et 1 page in-8 illustrée. 70/80" HEIGHT="35" HPOS="231" ID="string_tl_18" VPOS="1157" WIDTH="2047"/>
</TextLine>
</TextBlock>
<TextBlock HEIGHT="75" HPOS="308" ID="r_2_10" VPOS="1218" WIDTH="1972">
<Shape>
<Polygon POINTS="308 1218 2280 1218 2280 1293 308 1293"/>
</Shape>
<TextLine BASELINE="345 1255 2279 1255" HEIGHT="36" HPOS="345" ID="tl_19" VPOS="1219" WIDTH="1934">
<String CONTENT="La première lettre est écrite au-dessus d’une eau-forte de l’artiste représentant une femme en capeline et manchon, assise devant" HEIGHT="36" HPOS="345" ID="string_tl_19" VPOS="1219" WIDTH="1934"/>
</TextLine>
<TextLine BASELINE="309 1292 745 1292" HEIGHT="28" HPOS="309" ID="tl_20" VPOS="1264" WIDTH="436">
<String CONTENT="une cheminée. Rendez-vous..." HEIGHT="28" HPOS="309" ID="string_tl_20" VPOS="1264" WIDTH="436"/>
</TextLine>
</TextBlock>
<TextBlock HEIGHT="38" HPOS="223" ID="r_2_11" VPOS="1368" WIDTH="2056">
<Shape>
<Polygon POINTS="223 1368 2279 1368 2279 1406 223 1406"/>
</Shape>
<TextLine BASELINE="224 1405 2278 1405" HEIGHT="36" HPOS="224" ID="tl_21" VPOS="1369" WIDTH="2054">
<String CONTENT="12. BRASSAI (1899-1984) photographe. L.A.S., Paris 26 février 1954, [à Henry de MONTHERLANT] ; 1 page in-4 à son en-tête. 150/200" HEIGHT="36" HPOS="224" ID="string_tl_21" VPOS="1369" WIDTH="2054"/>
</TextLine>
</TextBlock>
<TextBlock HEIGHT="83" HPOS="307" ID="r_2_12" VPOS="1430" WIDTH="1972">
<Shape>
<Polygon POINTS="307 1430 2279 1430 2279 1513 307 1513"/>
</Shape>
<TextLine BASELINE="343 1467 2278 1467" HEIGHT="36" HPOS="343" ID="tl_22" VPOS="1431" WIDTH="1935">
<String CONTENT="« Veuillez trouver ci-joint votre portrait ainsi que la revue américaine Harper’s Bazar qui l’a reproduit récemment »... Au dos," HEIGHT="36" HPOS="343" ID="string_tl_22" VPOS="1431" WIDTH="1935"/>
</TextLine>
<TextLine BASELINE="308 1512 1991 1512" HEIGHT="36" HPOS="308" ID="tl_23" VPOS="1476" WIDTH="1683">
<String CONTENT="fragment autographe de MONTHERLANT retraçant la généalogie des branches Millon de sa famille (XVIe-XVIIe siècle)." HEIGHT="36" HPOS="308" ID="string_tl_23" VPOS="1476" WIDTH="1683"/>
</TextLine>
</TextBlock>
<TextBlock HEIGHT="38" HPOS="206" ID="r_2_13" VPOS="1579" WIDTH="2073">
<Shape>
<Polygon POINTS="206 1579 2279 1579 2279 1617 206 1617"/>
</Shape>
<TextLine BASELINE="207 1616 2278 1616" HEIGHT="36" HPOS="207" ID="tl_24" VPOS="1580" WIDTH="2071">
<String CONTENT="f 13. Benjamin BRITTEN (1913-1976). L.S., Aldeburgh 24 novembre 1954, à son cher Gerd ; 1 page in-4 ; en anglais. 150/200" HEIGHT="36" HPOS="207" ID="string_tl_24" VPOS="1580" WIDTH="2071"/>
</TextLine>
</TextBlock>
<TextBlock HEIGHT="38" HPOS="345" ID="r_2_14" VPOS="1642" WIDTH="1935">
<Shape>
<Polygon POINTS="345 1642 2280 1642 2280 1680 345 1680"/>
</Shape>
<TextLine BASELINE="346 1679 2279 1679" HEIGHT="36" HPOS="346" ID="tl_25" VPOS="1643" WIDTH="1933">
<String CONTENT="Il le remercie de son cadeau d’anniversaire : c’est un beau livre, et VAN GOGH est un de ses peintres préférés. Il regrette de ne l’avoir" HEIGHT="36" HPOS="346" ID="string_tl_25" VPOS="1643" WIDTH="1933"/>
</TextLine>
</TextBlock>
<TextBlock HEIGHT="38" HPOS="308" ID="r_2_15" VPOS="1687" WIDTH="1971">
<Shape>
<Polygon POINTS="308 1687 2279 1687 2279 1725 308 1725"/>
</Shape>
<TextLine BASELINE="309 1724 2278 1724" HEIGHT="36" HPOS="309" ID="tl_26" VPOS="1688" WIDTH="1969">
<String CONTENT="pas vu en Angleterre cet été ; lui aussi vient d’aller en Suède (non pas à bicyclette, cependant), et il apprécie ses remarques sur la" HEIGHT="36" HPOS="309" ID="string_tl_26" VPOS="1688" WIDTH="1969"/>
</TextLine>
</TextBlock>
<TextBlock HEIGHT="128" HPOS="307" ID="r_2_16" VPOS="1733" WIDTH="1972">
<Shape>
<Polygon POINTS="307 1733 2279 1733 2279 1861 307 1861"/>
</Shape>
<TextLine BASELINE="309 1769 2278 1769" HEIGHT="35" HPOS="309" ID="tl_27" VPOS="1734" WIDTH="1969">
<String CONTENT="beauté du pays, la gentillesse du peuple, et la difficulté de la langue. Il espère que les examens iront bien, et que Gerd terminera ses" HEIGHT="35" HPOS="309" ID="string_tl_27" VPOS="1734" WIDTH="1969"/>
</TextLine>
<TextLine BASELINE="308 1815 2277 1815" HEIGHT="36" HPOS="308" ID="tl_28" VPOS="1779" WIDTH="1969">
<String CONTENT="études au gymnasium couvert de lauriers. Il est content qu’il continue sa musique : sa conférence a l’air intéressante. Britten ira en" HEIGHT="36" HPOS="308" ID="string_tl_28" VPOS="1779" WIDTH="1969"/>
</TextLine>
<TextLine BASELINE="308 1860 849 1860" HEIGHT="35" HPOS="308" ID="tl_29" VPOS="1825" WIDTH="541">
<String CONTENT="Allemagne entre le 19 et le 29 mars..." HEIGHT="35" HPOS="308" ID="string_tl_29" VPOS="1825" WIDTH="541"/>
</TextLine>
</TextBlock>
<TextBlock HEIGHT="38" HPOS="223" ID="r_2_17" VPOS="1928" WIDTH="2056">
<Shape>
<Polygon POINTS="223 1928 2279 1928 2279 1966 223 1966"/>
</Shape>
<TextLine BASELINE="224 1965 2278 1965" HEIGHT="36" HPOS="224" ID="tl_30" VPOS="1929" WIDTH="2054">
<String CONTENT="14. Antonio CANOVA (1757-1822) sculpteur. L.A. à M. MISSIRINI ; demi-page in-4, adresse ; en italien. 200/300" HEIGHT="36" HPOS="224" ID="string_tl_30" VPOS="1929" WIDTH="2054"/>
</TextLine>
</TextBlock>
<TextBlock HEIGHT="83" HPOS="309" ID="r_2_18" VPOS="1990" WIDTH="1971">
<Shape>
<Polygon POINTS="309 1990 2280 1990 2280 2073 309 2073"/>
</Shape>
<TextLine BASELINE="345 2027 2279 2027" HEIGHT="36" HPOS="345" ID="tl_31" VPOS="1991" WIDTH="1934">
<String CONTENT="Il l’avertit que le S. Tambroni ne pourra venir travailler avec Missirini, comme cela avait été prévu. Il rappelle à Missirini qu’il doit" HEIGHT="36" HPOS="345" ID="string_tl_31" VPOS="1991" WIDTH="1934"/>
</TextLine>
<TextLine BASELINE="310 2072 1952 2072" HEIGHT="35" HPOS="310" ID="tl_32" VPOS="2037" WIDTH="1642">
<String CONTENT="l’aimer comme lui l’aime : « Ricordovi insieme l’obligo vostro di amarmi, cosi fortemente comme io amo voi »..." HEIGHT="35" HPOS="310" ID="string_tl_32" VPOS="2037" WIDTH="1642"/>
</TextLine>
</TextBlock>
<TextBlock HEIGHT="38" HPOS="210" ID="r_2_19" VPOS="2140" WIDTH="2069">
<Shape>
<Polygon POINTS="210 2140 2279 2140 2279 2178 210 2178"/>
</Shape>
<TextLine BASELINE="211 2177 2278 2177" HEIGHT="36" HPOS="211" ID="tl_33" VPOS="2141" WIDTH="2067">
<String CONTENT="P15. Jean-Baptiste CARPEAUX (1827-1875) sculpteur. L.A.S., 14 janvier 1866 ; 1 page in-8. 150/200" HEIGHT="36" HPOS="211" ID="string_tl_33" VPOS="2141" WIDTH="2067"/>
</TextLine>
</TextBlock>
<TextBlock HEIGHT="38" HPOS="342" ID="r_2_20" VPOS="2202" WIDTH="1466">
<Shape>
<Polygon POINTS="342 2202 1808 2202 1808 2240 342 2240"/>
</Shape>
<TextLine BASELINE="343 2239 1807 2239" HEIGHT="36" HPOS="343" ID="tl_34" VPOS="2203" WIDTH="1464">
<String CONTENT="« Je viens me mettre à votre disposition pour rétablir la charmante statuette du Prince Impérial »..." HEIGHT="36" HPOS="343" ID="string_tl_34" VPOS="2203" WIDTH="1464"/>
</TextLine>
</TextBlock>
<TextBlock HEIGHT="38" HPOS="343" ID="r_2_21" VPOS="2247" WIDTH="1126">
<Shape>
<Polygon POINTS="343 2247 1469 2247 1469 2285 343 2285"/>
</Shape>
<TextLine BASELINE="344 2284 1468 2284" HEIGHT="36" HPOS="344" ID="tl_35" VPOS="2248" WIDTH="1124">
<String CONTENT="On joint une L.A.S. du comte de BASTARD D'ESTANG au marquis de Dreux-Brézé." HEIGHT="36" HPOS="344" ID="string_tl_35" VPOS="2248" WIDTH="1124"/>
</TextLine>
</TextBlock>
<TextBlock HEIGHT="83" HPOS="223" ID="r_2_22" VPOS="2352" WIDTH="2056">
<Shape>
<Polygon POINTS="223 2352 2279 2352 2279 2435 223 2435"/>
</Shape>
<TextLine BASELINE="224 2389 2278 2389" HEIGHT="36" HPOS="224" ID="tl_36" VPOS="2353" WIDTH="2054">
<String CONTENT="16. Charles-Simon CATEL (1773-1830) compositeur. L.A.S., 22 juillet 1808, à Louis-Benoît PICARD « directeur de l’Académie impériale de" HEIGHT="36" HPOS="224" ID="string_tl_36" VPOS="2353" WIDTH="2054"/>
</TextLine>
<TextLine BASELINE="309 2434 2278 2434" HEIGHT="35" HPOS="309" ID="tl_37" VPOS="2399" WIDTH="1969">
<String CONTENT="musique » ; 1 page petit in-4, adresse. 200/250" HEIGHT="35" HPOS="309" ID="string_tl_37" VPOS="2399" WIDTH="1969"/>
</TextLine>
</TextBlock>
<TextBlock HEIGHT="174" HPOS="307" ID="r_2_23" VPOS="2460" WIDTH="1972">
<Shape>
<Polygon POINTS="307 2460 2279 2460 2279 2634 307 2634"/>
</Shape>
<TextLine BASELINE="346 2496 2278 2496" HEIGHT="35" HPOS="346" ID="tl_38" VPOS="2461" WIDTH="1932">
<String CONTENT="Il a terminé la musique des Bayadères, « et je vous prie de vouloir bien donner les ordres nécessaires pour que ma partition soit" HEIGHT="35" HPOS="346" ID="string_tl_38" VPOS="2461" WIDTH="1932"/>
</TextLine>
<TextLine BASELINE="308 2542 2278 2542" HEIGHT="36" HPOS="308" ID="tl_39" VPOS="2506" WIDTH="1970">
<String CONTENT="envoyée à la copie. Monsieur le Surintendant m’ayant recommandé de faire promptement cet ouvrage, j’aurai l’honneur de l’informer" HEIGHT="36" HPOS="308" ID="string_tl_39" VPOS="2506" WIDTH="1970"/>
</TextLine>
<TextLine BASELINE="308 2587 2277 2587" HEIGHT="36" HPOS="308" ID="tl_40" VPOS="2551" WIDTH="1969">
<String CONTENT="que j’ai rempli ses intentions »... [LES BAYADÈRES, opéra sur un livret de Jouy, fut créé à l’Opéra le 8 août 1810 ; cette tragi-comédie à grand" HEIGHT="36" HPOS="308" ID="string_tl_40" VPOS="2551" WIDTH="1969"/>
</TextLine>
<TextLine BASELINE="308 2633 1213 2633" HEIGHT="36" HPOS="308" ID="tl_41" VPOS="2597" WIDTH="905">
<String CONTENT="spectacle fut un des plus grands succès lyriques de l’Empire.]" HEIGHT="36" HPOS="308" ID="string_tl_41" VPOS="2597" WIDTH="905"/>
</TextLine>
</TextBlock>
<TextBlock HEIGHT="21" HPOS="1140" ID="r_3_1" VPOS="2769" WIDTH="200">
<Shape>
<Polygon POINTS="1140 2769 1340 2769 1340 2790 1140 2790"/>
</Shape>
<TextLine BASELINE="1141 2789 1339 2789" HEIGHT="19" HPOS="1141" ID="tl_42" VPOS="2770" WIDTH="198">
<String CONTENT="* * * * *" HEIGHT="19" HPOS="1141" ID="string_tl_42" VPOS="2770" WIDTH="198"/>
</TextLine>
</TextBlock>
<TextBlock HEIGHT="26" HPOS="135" ID="r_4_1" VPOS="3078" WIDTH="18">
<Shape>
<Polygon POINTS="135 3078 153 3078 153 3104 135 3104"/>
</Shape>
<TextLine BASELINE="136 3103 152 3103" HEIGHT="24" HPOS="136" ID="tl_43" VPOS="3079" WIDTH="16">
<String CONTENT="4" HEIGHT="24" HPOS="136" ID="string_tl_43" VPOS="3079" WIDTH="16"/>
</TextLine>
</TextBlock>
</PrintSpace>
</Page>
</Layout>
</alto>