2480 3188
2072 1252 25 22 41

883 1352 717 45 DIVISION DU CATALOGUE

702 1478 1078 59 LUNDI 14 DÉCEMBRE 2009 À 14 HEURES

323 1570 1814 54 BEAUX-ARTS, MUSIQUE ET SPECTACLE Nos 1

323 1651 1835 46 LITTÉRATURE Nos 104

321 1731 1823 53 SCIENCES, TECHNIQUES ET VOYAGES Nos 201

877 1846 728 58 MARDI 15 DÉCEMBRE 2009

1083 1926 329 58 À11 HEURES

323 2020 1823 44 DOCUMENTATION Nos D1 à D135

1070 2133 340 58 À 14 HEURES

322 2227 1821 44 HISTOIRE Nos 244 à 573

523 2391 1436 45 Les numéros précédés d’un P proviennnent de la collection de Monsieur P.

1079 2489 321 42 Abréviations :

1120 2553 241 28 L.A.S. ou P.A.S.

958 2601 566 40 lettre ou pièce autographe signée

1156 2653 169 29 L.S. ou P.S.

1059 2701 363 40 lettre ou pièce signée

881 2751 719 40 (texte d’une autre main ou dactylographié)

1149 2803 183 28 LA. ou P.A.

921 2851 640 40 lettre ou pièce autographe non signée

410 2958 1662 40 Il ne sera pas accepté d’enchère téléphonique pour les lots d’une estimation inférieure à 300 €.
