2480 3188
2153 482 125 26 150/200

202 475 1628 41 f 70. Édouard LALO (1823-1892). L.A.S., lundi [7 avril 1890], à Édouard BLAU ; 1 page et demie in-8, enveloppe.

344 537 1934 41 À PROPOS DE LA JACQUERIE [Lalo ne composera que le premier acte de cet opéra qui, après son décès, fut achevé par Arthur Coquard,

309 587 1970 36 et créé le 9 mars 1895 à Monte Carlo], Lalo s’interroge sur les racontars des journaux à leur endroit. « Vous m’aviez demandé de ne

310 632 1969 36 parler à personne de notre Jacquerie, et j'étais absolument de votre avis, trouvant qu’il est mauvais de parler si longtemps d’avance

309 677 1968 36 d’un ouvrage à peine commencé. Je n’ai donc rien dit à PERSONNE ; quelques amis ayant gourmandé ma paresse, j’ai vaguement répondu

309 722 1970 36 que j’allais commencer un nouvel opéra, refusant énergiquement d’en dire le titre. Or, depuis quelques jours les journaux annoncent

308 767 1970 36 que je mets la dernière main à un ouvrage intitulé La Jacquerie [...] je vous affirme que j’ai été muet, car tout ce bruit m’est importun,

309 812 1224 36 ne sachant pas encore si je serai capable de mener à bien un ouvrage si difficile »...

225 917 2053 41 71. Robert LEFÈVRE (1755-1830) peintre. L.A.S., 20 avril 1820, à un Vicomte ; 1 page in-4. 300/400

346 984 1932 35 Il rappelle les traits marquants de sa carrière : « En 1790 je débutai au Salon d’Exposition, avec assés de succès pour mériter que les

309 1029 1969 35 artistes réunis me nommassent membre de la Commission des Beaux-arts » en même temps que David, Régnault, Vincent, etc. Il a

308 1074 1969 35 ensuite obtenu des prix, et selon les rapports de M. DENON, est considéré « comme le 1er de mon genre, dit de portrait historié, et j’ai

310 1119 1967 35 produit en outre des tableaux d’histoire qui m’ont fait honneur ». Il espère que ces faits lui permettront d’obtenir la récompense qu’il

309 1164 630 35 attend alors qu'il entre dans sa 65e année...

203 1274 2075 35 f 72. Ruggiero LEONCAVALLO (1858-1919). L.A.S., Montecatini 17 août 1914, au librettiste Giovacchino FORZANO ; 7 pages et demie in-8 ;

308 1319 1970 27 en italien. 300/400

345 1380 1933 35 LONGUE ET INTÉRESSANTE LETTRE À PROPOS DE LEUR OPÉRETTE LA CANDIDATA (créée à Rome le 6 février 1915). En attendant confirmation de la

308 1425 1970 36 commande, Leoncavallo a commencé à travailler et il faudra qu’ils se mettent aussitôt à l’acte III avec tout le talent brillant de

309 1470 1970 36 Forzano. Il fait part des observations de leur ami BELVEDERI concernant les actes I et II, et s’inquiète de la présence trop discrète sur

308 1515 1970 36 scène de la protagoniste, nécessairement la prima donna de la troupe : il propose, pour l’animer un peu, qu’Aurore ait un petit discours

309 1560 1970 36 politico-féministe à l’acte I, ou qu’elle se laisse enivrer au champagne à l’acte II... Il demande aussi ses idées sur le développement

309 1605 1970 36 du personnage à l’acte III, où elle doit se montrer à la fois candidate féministe et vierge : par exemple, est-ce que le candidat et

310 1650 1968 36 la candidate ne pourraient pas arriver au seul hôtel convenable de Nancy ? Cela permettrait de créer une situation piquante...

310 1695 1968 36 Leoncavallo parle ensuite du chanteur VANNUTELLI, de Reginetta et d'Il Piccolo Re, et du caprice d’une cantatrice, et il rapporte sa

308 1740 1970 36 conversation avec l’imprésario PETRONE dans le foyer du Kursaal : il lui a expliqué pourquoi il ne laisserait pas jouer La Candidata au

310 1785 1091 36 Lombardo, mais sa manière de parler du livret lui a mis l’eau à la bouche...

222 1901 2056 36 73. LUTHERIE. Archives de la famille CHANOT-CHARDON. Environ 60 lettres ou pièces adressées à cette famille de luthiers parisiens,

308 1946 1970 36 fin XIXe-XXe siècle ; qqs l. en allemand ou anglais. 800/1.000

345 2008 1933 35 INTÉRESSANT ENSEMBLE de lettres reçues par les fameux luthiers Georges CHANOT (1801-1883), Marie-Joseph CHARDON et son fils André

309 2053 1969 35 Chardon (1897-1963). Parmi les correspondants, outre des lettres familiales des Chardon, on relève les noms de luthiers, collectionneurs

308 2093 1970 40 et interprètes : Édouard AGUTTON, BRICE frères, J. DESAINT DE MARTHILLE, le marquis DORIA, Victor S. FLECHTER (3), Édouard FLORIO, Alphonse

309 2143 1969 31 GAUVIN, Gabriel JEANTET, KARBOWSKY, Séb. Krantz, LABERTE, A. de LALAURENCIE, E. LEPLAT, MAGNIÉ, Alexandre MARTIN, Otto de NIÉPER, Alb. d’Orelli,

309 2186 997 34 François PINGRILE, C. Rinkel, R. Scobart, V. SIGHICELLI, Thomas ZACH, etc.

344 2229 1934 36 Commandes d'instruments et de fournitures, propositions d’échange (d'un Stradivarius, d’un Stainer), achat et vente de violons

309 2273 1969 36 précieux, convocations pour expertise, annonce ou demande d’envois d’instruments précieux, mémoires (notamment de Brice frères),

310 2316 1968 36 lettres familiales, prospectus (Exposition nationale de Metz 1920, etc.). Il est notamment question de violons, altos et violoncelles de

308 2359 1322 32 STRADIVARIUS, GUARNERIUS, TESTORE, AMATI, GUADAGNINI, des VUILLAUME, d’un archet de TOURTE, etc.

221 2474 2057 35 74. Anne Boutet, Mademoiselle MARS (1779-1847) comédienne. 2 L.A.S., [vers 1828], à EMPIS ; 4 pages in-8, adresses. 200/300

344 2532 1934 37 Ce 14. « Mr de LA ROCHEFOUCAULD avait consenti à appuyer ma demande du complément des 12 000ff auprès de Mr de La Bouillerie.

305 2577 1973 36 Je n’ai entendu parler de rien, et je voudrais bien savoir à quoi m’en tenir »... - Elle voudrait jouer dimanche Misanthropie et Chacun

308 2620 1970 36 de son côté : « cela serait agréable aux auteurs de ces 2 ouvrages et utile à la Comédie ; mais Mr ARMAND m’est nécessaire pour cette

310 2664 1968 35 représentation, et on me dit que sa rentrée au théâtre n’est point encore déterminée par l’autorité ; que la difficulté, maintenant, vient

308 2707 1970 36 de Mr de La Bouillerie, qui se refuse à donner l’argent, ou plutôt à continuer de donner la subvention qui était accordée à Armand ?

309 2750 1969 36 Cependant cela n’augmente en rien ses dépenses, puisque cet argent se trouve compris dans la somme destinée pour le Théâtre

310 2796 160 32 Français »...

131 3079 27 24 16
