2480 3188
309 238 1969 36 Louis XVI, rue d’Anjou est condamnée. - DELESCLUZE remplace à la guerre, Rossel, le civil succède au militaire : ça va mal »... 29 mai,

308 287 1971 35 témoignage enfiévré de la capitale sortie des « griffes de la Ste Commune » : canonnades, incendies, mais les Comédiens Français n’ont

308 335 1970 36 aucun malheur à déplorer... 5 juin : « Presque tous les membres de la Commune sont fusillés ou arrêtés ; ROCHEFORT gémit et s’oublie

309 383 1970 36 dans sa prison ; l'Odéon n'a pas été brûlé par vengeance. Ils ont voulu laisser intact cet instrument de torture pour la grande rage

309 432 1969 35 des Parisiens et de Commerson. Ce pauvre CARJAT a été arrêté pour avoir recelé 2 bonshommes de la Sainte-Commune »... 75 juin,

309 480 1970 36 relation détaillée du succès remporté dans L’Aventurière d'AUGIER, « ce que j’ai fait de mieux depuis que je me trémousse pour percer

308 529 1970 35 au Théâtre-Français ». Seul bémol : « cette charmante phrase que j’entends souvent répéter : “Ah ! Cadet !... il pourra avoir autant de

308 577 1970 36 talent qu’il voudra on le prendra toujours pour son frère !” Ça n’est pas très drôle - et je serais bien aise un jour de prouver que tout le

307 626 1970 35 talent de la famille des Coq ne s’est pas seulement réfugié dans ton épatant cerveau ! »... 28 juin, échos de la critique théâtrale à son

308 674 1970 36 sujet (P. Foucher, Ch. Monselet etc.)... 4 juillet, échos de la Comédie Française... 23 août 1877, répétitions du Chandelier de MUSSET ; il va

307 722 1971 36 jouer à Dieppe... 29 août, rage et chagrin après un refus de PERRIN : « parce que je suis ton frère, je ne peux donc pas exister ? »... Signé

307 771 1971 36 « Ton Cadet filial bien malheureux »... 3 janvier 1883, désolation à la mort de GAMBETTA : « Quand il m’avait dit quelques paroles j’étais

308 819 1970 36 solide pour des mois. [...] je mêle sincèrement mes larmes aux tiennes, car rien au monde, jamais, ne remplacera ce coeur d’or, cette

309 868 1970 36 compréhension sublime, de tout ce qui est grand, noble, fin et beau ! »... 19 février 1887, nouvelles de leur mère ; il est « esquinté »

309 916 1969 36 par SARCEY ; on lui a proposé le rôle de Figaro du Barbier de Séville : je l’ai refusé désirant rejouer Bazile qui me va comme un gant »...

308 965 1970 35 6 mars 1888 : Jules CLARETIE est « ravissant » pour lui : « On va remonter Adrienne Lecouvreur, et il a distribué Michonnet à Féraudy I! Les

309 1013 1971 36 beaux jours de Perrin refleurissent pour moi avec ce jeune étourneau criminel. Triste ! triste II »... 23 octobre, conditions du Livre d'or

309 1062 1969 35 auquel Coq doit collaborer... 2 novembre, échos du succès de Coq à New-York, « insuccès déguisé » de Pepa de MEILHAC (« Le rôle que

307 1110 1970 36 je voulais jouer a été rendu (vomi plutôt) par Féraudy d’une façon aussi brutale, aussi vulgaire que possible ») ; il pense comme Coq

308 1158 1970 36 que la troupe est bien affaiblie... 11 décembre, relation d’une séance orageuse du Comité : violente altercation entre FEBVRE et CLARETIE,

308 1207 1970 36 ce dernier déclarant que rien ne le consolerait du départ de Coquelin... Londres 27janvier 1889 : Claretie lui a dit qu’il n’avait que des

309 1255 1969 36 ennemis dans le Comité ; il le savait bien ! Chien de garde de RICHEPIN, refusé malgré « des choses de premier ordre » ; Un salon de

306 1304 1972 35 Jules Lemaître, refusé : « pas assez théâtral », situation faible, mais « énormément d’esprit » ; La Soutane de COPPÉE, reçue à l’unanimité :

310 1352 1969 36 beau et « remuant » ; « la Censure va faire des siennes »... Paris 22 décembre : dans la « course au ruban », il a appris que le premier

309 1401 1970 35 décoré sera Constant : « à présent que je commence le troisième tiers de cette carrière - que j’en ai fini avec ton immense notoriété

308 1449 1971 36 fraternelle voisine, que je crois pouvoir être récompensé d’une vie de 25 ans de labeurs - Spuller te remet devant moi ! - Avoue, cher

309 1498 1969 35 Coq, que ce n’est pas très juste. - Que tu as agi selon ta conscience en refusant la croix de Gambetta - mais qu’aujourd’hui je reçois

308 1546 1970 36 très-douloureusement le contre-coup d’une action que je n’ai pas fait naître »... Il recommande vivement à son frère de revenir à la

309 1594 1969 36 Comédie Française... 27 avril 1892, sur sa tournée en Algérie et Tunisie, la condamnation de RAVACHOL… 17 janvier 1894, à propos de

309 1638 1969 41 Cabotins ! d’Édouard PAILLERON : « Je suis content du monologue la Complainte du pauv’ sculpteur que j’ai à dire - ça me paraît très

309 1691 1970 36 à effet. C'est le genre Jules Jouy, Bruant, très réaliste mais très drôle. Ça me tiendra douze minutes »... 19 juin 1895. « J’ai joué l'Abbé

309 1740 1970 35 Corneille avec succès - toute la presse délicieuse pour moi sauf l’aristarque et pavéesque SARCEY - dit le gros idiot. Nous allons jouer

310 1788 1968 36 les Faux Bonshommes cet été, [...] ça a été une vraie bataille pour faire recevoir la pièce hier au Comité. MM. Mounet, Baillet Le Bargy

309 1837 1969 35 (les 3 grâces) trouvaient cela idiot »... 27 décembre 1899 : « Nous savions que tu es un grand acteur et que tu faisais de belles choses :

309 1885 1969 36 mais Jean Valjean est une GRANDE manifestation de grand acteur. Une de tes plus fortes créations, pour moi la plus forte, parce que

310 1933 1968 36 la plus puissante dans la simplicité. C’est un vrai triomphe pour toi. Bravo ! »... 27 avril 1900, plaintes amères sur la Comédie qui ne

307 1982 1971 36 joue que des « pièces usées » : « le bon CLARETIE est tout simplement un criminel il assassine le théâtre »... 21 janvier 1901. Il joue de

309 2030 1970 36 moins en moins au Français, et voudrait croire aux encouragements de son frère de tenter le succès dans le pays des dollars. « Quant

309 2079 1970 35 à toi, cher Coq, tu te couvres et recouvres de gloire là-bas, Flambeau, Cyrano, Scarpia, le Fossoyeur (...) te mettent bien à l’apogée

309 2127 1969 36 dans l’esprit des Américains. Bravo j'en suis ravi profondément ravi, - et pas surpris puisque tu es bien le PREMIER de nous »... Nice

307 2176 1970 35 2 avril, hommage à GAMBETTA ; impressions de L’Aiglon et du rôle de Flambeau... Paris 17 juin, rumeurs sur le départ de CLARETIE, et son

309 2224 1970 36 remplacement. « Je sais que CROISSET est allé à Londres te proposer Chérubin pour la Porte St Martin. Surtout ne fais pas jouer ça sur

307 2272 1971 36 ton théâtre. C’est une pièce marquée pour le four »... 26 janvier 1902, félicitations sur le triomphe de Coq à Berlin, et sa visite au Kaiser,

307 2321 1972 36 « étonnant d’assimilation, de compréhension rapide - et de savoir »... Détails sur la représentation de retraite de BARRETTA, où il a dit

308 2369 1971 36 deux monologues... Alexandrie 31 mars 1905, chaleureuses félicitations pour sa création de Scarron [de C. MENDÈS] : « personne n'est

309 2418 1234 36 plus heureux que ton Cadet chaque fois que tu es heureux et tu dois l'être ! »... Etc.

344 2466 1934 34 Au fil des lettres, on rencontre de nombreux autres comédiens, notamment de la Comédie Française : GOT, FIRMIN, DELAUNAY, WORMS,

310 2515 1968 31 BERR, GUITRY, RÉJANE, SYLVAIN, FUGÈRE, Mmes ou Mlles PLESSY, PROVOST, REICHENBERG, CROIZETTE, BRANDÈS, PIERSON, Marie DELNA, Sarah BERNHARDT,

309 2563 1969 36 Cécile SOREL, Marguerite MORENO, Béatrix DUSSANE, etc. Cadet évoque également de nombreux auteurs : Edmond GONDINET, Charles CROS,

305 2612 1973 35 Jean RICHEPIN, Henri de BORNIER, Alfred CAPUS, etc., ainsi que des hommes politiques : WALDECK-ROUSSEAU, CASIMIR-PÉRIER, Raymond POINCARÉ,

308 2662 804 29 CAILLAUX, MILLERAND, DÉLIASSÉ, LEYGUES, ROUJON, VIVIANI, etc.

344 2708 1934 36 ON JOINT plus de 55 L.A.S. de LEUR FRÈRE GUSTAVE (1844-1933) dit « WASA », à Coquelin aîné, 1888-1903, commentant abondamment les

308 2757 1970 36 affaires théâtrales à Paris et les tournées et intérêts financiers de Coq : recettes, traités, canal du Panama, bourse, mines, liquidation de

310 2805 1968 36 la Porte-Saint-Martin... ON JOINT AUSSI un petit ensemble de L.A.S. de Constant COQUELIN, COQUELIN CADET (10), leur sœur Marie COQUELIN

309 2854 103 35 (2), etc.

1157 2926 309 36 Reproduction page 9

2325 3078 18 25 11
