2480 3188
218 203 2060 35 82. Jeanne Roques, dite MUSIDORA (1889-1957) actrice. L.A.S., 31 décembre 1929, à son amie Marcelle ; 2 pages et demie in-8 avec

308 247 1970 34 vignette à son visage. 150/200

345 304 1932 36 L’année dernière à cette date elle perdait sa pauvre maman ; sa carte lui apprend la triste nouvelle de la mort « d’un ami, et d'un

308 347 1969 36 auteur compréhensif et intelligent et scrupuleux. Quel chagrin, chère Marcelle, quelle peine. Je ne puis le croire mort. (...) Dites-moi

308 389 1614 36 où il est enterré et si vous voulez je vous accompagnerai pour lui donner une pensée émue, sur sa tombe »...

203 467 2075 36 f 83. MUSIQUE. 3 lettres ou pièces. 130/150

345 526 1933 36 Pierre Monteux (belle photo dédicacée), Saverio MERCADANTE (musique a.s., page d’album), Ambroise THOMAS (l.a.s. à une cantatrice,

308 569 76 35 1857).

203 647 2071 35 784. Félix Tournachon, dit NADAR (1820-1910) photographe et dessinateur. L.A.S., Cannes 17 février-22 mars 1904, à un ami ; 4 pages in-8.

2147 692 131 25 300/400

343 748 1935 36 « L'adorable adoré parti, votre peine à tous, la tienne, – la permanente inquiétude, quand ce n'est pas l’anxiété pour notre clé de

308 791 1969 36 voûte bien aimée, tout hante, excède ma triste vétusté, par les jours, les nuits, – jusqu’à un tout récent suicide par Nice d'un ancien

308 833 1969 36 employé de notre maison, – et aussi la pensée obstinée de cette horrible guerre de là-bas... Tout ça est trop pour mon trop peu

309 876 1970 36 de force restante. J’étouffe... Le pis est que, malgré tout effort, et il y est, je trouve encore à attrister ce qui est autour de moi déjà

308 918 1970 36 triste. Mais tout est noir devant nous »... Il a bien songé à un vieux projet d’article, « mais à cette heure abominable des canonnades

309 961 1969 36 asiatiques, pas place »... Retrouvant sa lettre, qu’il avait oublié d'envoyer, il donne des nouvelles d’amis. Il reste à Cannes jusqu’à fin

309 1003 1970 36 avril, « puis retour à Marseille, - et finalement, vers octobre, espérance de revenir définitivement sur Paris. – C’est embêtant de ne

310 1049 504 33 pas même savoir où on mourra »...

219 1119 2059 40 85. OPÉRA DE PARIS. Environ 100 lettres ou pièces manuscrites, imprimées ou multigraphiées, provenant des archives d’Eugène RITT, 1871-

308 1169 1970 25 1892. 600/800

345 1226 1898 35 Intéressant dossier sur la gestion de l’Opéra. Jean-Eugène RITT (1817-1907) dirigea l’Opéra de Paris avec Pedro Gailhard de 1885 à 1892.

344 1268 1933 36 Cahiers des charges : 1871 (pour l’exploitation par Halanzier-Dufrenoy, avec modifications de 1874 collées), 1884 (3 ex., dont celui

309 1311 1969 35 signé par Ritt et A. Fallières, avec notes autogr. de Ritt et la correspondance avec l’administration pour la modification de plusieurs

308 1353 1970 36 articles), 1891 (et arrêté modificatif à la demande d’Eugène Bertrand). Contrat pour la commandite de Vaucorbeil (1879). Rapport de la

309 1396 1970 35 Commission des théâtres sur la question de l’Opéra (1878). Observations présentées par Gailhard au nom de la Direction de l’Opéra

309 1438 1969 36 devant la Commission des Théâtres (3 ex.). Evaluation du cautionnement de Ritt par la Caisse des dépôts et consignations (1884).

310 1481 1968 35 Relevé des décors au théâtre et aux magasins, et inventaires des marchandises en magasin (1884 et 1892, avec réserves et comptes de

310 1523 1968 36 liquidation). Plusieurs états nominatifs des chanteurs, avec leurs appointements. Comptes divers : frais de mise en scène, décorations

308 1565 1969 36 et costumes ; représentations extraordinaires ; comptes des exercices ; tableau comparatif avec la direction Vaucorbeil ; tarifs du

309 1603 1969 41 prix des places, etc. États des recettes des théâtres parisiens (1891). Rapports de la commission du budget (1885, 1886,1888. Note

309 1650 1969 36 ms et rapport du Conseil municipal de Paris sur un projet d'« opéra populaire » (1884). Correspondance de Ritt avec des ministres

308 1693 1969 36 ou administrateurs, notamment Léon Bourgeois et Henry Roujon, avec minutes de ses lettres, et divers (Alfred Edwards, Mermet) ;

308 1735 1970 36 contrat avec Heugel pour le matériel d'orchestre de Fidélio. Notes de Ritt sur le répertoire. Documents divers : règlement du service

308 1778 761 36 du chant (1821) ; 2 scénarios d'opéras (dont Loreley).

217 1856 2061 35 86. Giovanni PAISIELLO (1741-1816) compositeur. L.A.S., Paris 24 germinal XII (14 avril 1804), à un général ; 2 pages in-4. 800/1.000

345 1917 1356 29 Belle lettre sur Lesueur qui lui succède comme DIRECTEUR DE LA MUSIQUE DU PREMIER CONSUL BONAPARTE.

346 1958 1932 35 Il est ravi du choix de Lesueur pour lui succéder « à la place de Directeur de la Musique du Premier Consul (...) Ce choix non seulement

309 2000 1969 36 honore le Consul, mais encore est une preuve d’une distinction attribuée entièrement au talent et au mérite de ce compositeur ». Il a

308 2043 1970 35 donné tous les renseignements utiles à Lesueur, et lui a « remis toute la musique appartenant au Premier Consul ». Il emmène Lesueur

307 2085 1970 36 « à la répétition de la Messe qu’on doit exécuter demain à S[aint-]Cloud, je le présenterai à tous les artistes composant la musique

308 2128 1970 35 du Premier Consul, leur ferait part de sa nomination, et l’installerai ». Il espère le lui présenter demain, et lui demander « le jour que

309 2170 1019 36 nous pourrons avoir l’honneur d’être présentés au Premier Consul »...

221 2248 2057 36 87. Louis-Luc Loiseau de PERSUIS (1769-1819) compositeur et chef d’orchestre. L.A.S. et L.S., 1815-1819 ; 1 page in-4 et 1 page et demie

309 2291 1968 35 in-fol. à en-tête Académie Royale de Musique. 150/200

342 2350 1935 35 26 décembre 1815, à un chevalier : il lui offre « un exemplaire du chant français Vive le Roi Vive la France, cette cantate que je viens

308 2392 1969 36 de faire graver ayant obtenue un succès dans toutte la France qui la rendu nationale »... 24 avril 1819, à un comte : il explique les

309 2435 1969 35 raisons historiques qui ont amené la suppression dans Iphigénie en Aulide de GLUCK le choeur « Chantons, célébrons notre Reine », à la

309 2477 1970 36 suite d'une manifestation scandaleuse contre MARIE-ANTOINETTE en 1790 ; il est partisan de maintenir la suppression : « Sous le rapport

308 2520 1007 35 dramatique, il fait longueur, sous celui de la musique, il est criard »...

217 2592 2061 41 88. Émile PESSARD (1843-1917). MANUSCRIT MUSICAL autographe signé, et 2 L.A.S., 1912-1925, à Antonin LUGNIER; 1 page in-fol., et 3 pages in-8,

309 2640 1969 36 une enveloppe. 200/250

342 2699 1936 36 25 mai 1912. Auteur de mélodies « agréables aux ignares » et que le public fredonne en quittant le théâtre, il accepte avec joie de

309 2784 1969 36 Française, de la finesse de l'esprit 8, d l'observation. C’est dans la Clé du Caveau que j’ai appris à solfier et que j'ai compris le rythme »...

309 2827 1970 36 Le MANUSCRIT MUSICAL, daté « Déjeuner du Caveau 14 juin 1912 », est un discours en forme de chanson, en 4 strophes : « Pour répondre

309 2869 1969 36 au toast élevé Qu’vous m’adressâtes tout à l’heure Avec trois sourir’s à la clé J’vais chanter en Gaîté majeure »... [26 avril 1915], au dos

308 2912 1970 36 d’une invitation à un banquet du Caveau : « Je suis enroué et je tousse ce qui m’interdit de chanter ou de pousser des zippplipp, des

307 2957 803 35 zouras et d’acclamer les auteurs de jolies chansons »...

130 3079 28 24 18
