2480 3188
220 482 2058 36 75. Jules MASSENET (1842-1912). MANUSCRIT MUSICAL autographe, Le Détour du chemin ; 3 pages in-fol. (taches, fentes aux plis, petites

308 530 1970 36 déchir., réparations). 500/600

345 594 1934 36 Mélodie pour chant et piano, sur une poésie d’Arthur BERNÈDE, dédicacée à Mme Paul de LACROIX. « Le détour du chemin, c’est

310 642 905 36 l'inconnu »... Assez lent, en do à 9/8, elle compte 33 mesures.

344 690 1934 36 On joint son Pie Jesu (Paris, Heugel & Lie, 1893) pour chant, orgue et violoncelle, avec ENVOI autogr. signé au dédicataire N. AUGUEZ :

307 738 1970 36 « à vous, mon cher Auguez – (voir page I) J’ai tenu ma promesse en écrivant ce morceau – votre cordialement affectionné Massenet.

307 788 172 25 1894 Paris ».

202 904 2076 36 f 76. Jules MASSENET. 2 L.A.S. et une carte postale autogr., 1885-1904 ; 4 pages in-8 ou in-12. 100/150

342 969 1936 36 3 janvier 1885, à une dame : « Je vous jure que nous ne mourrons ni l'un ni l’autre sans que ce morceau ait été écrit, exécuté, et...

309 1017 1969 35 applaudi bien grâce à votre splendide talent »... 19 octobre 1901 : « Toujours si heureux d’être présent à votre souvenir & à celui de

308 1064 1190 36 votre famille »... 29 décembre 1904, dédicace sur carte postale avec son portrait.

222 1183 2057 36 77. Jules MASSENET. Eve, Mystère en 3 parties (Au Ménestrel, Heugel & Lie, [1882]) ; petit in-fol., couv. conservées, rel. demi-basane noir

309 1231 1969 36 (qqs rouss.). 200/300

345 1291 1886 40 ÉDITION ORIGINALE de la partition pour chant et piano, de ce mystère créé le 18 mars 1875 sous la direction de Charles Lamoureux.

344 1343 1935 36 Sur la couverture, ENVOI autographe signé de Massenet à Mlles Despagnet avec CITATION MUSICALE (3 mesures) de l’air : « au premier

308 1391 233 28 sourire d’Eve »...

219 1510 1955 35 78. Henri MATISSE (1869-1954). LA.5., [Nice] 27 juin 1941, à Henry de MONTHERLANT ; 1 page obi. in-8, adresse au dos (carte postale).

2146 1560 132 25 500/600

343 1622 1935 36 « Cher ami, sans nouvelles de vous, j’étais un peu inquiet [...] Malgré le froid que vous avez dû subir, en somme vous vous êtes

310 1665 1968 40 bien porté depuis votre retour. À Lyon dans l’hôtel sans feu j'étais mieux qu’à la clinique avec 22° constants »... Matisse a arrangé sa

308 1718 1969 35 convalescence de façon à ce qu’elle soit aussi légère que possible : « Je me lève à midi et je fais une séance de 3 heures l'après-midi

309 1765 1969 36 moi aussi. Je me suis bien trouvé de mon épreuve de Lyon - je suis plus homme. Cependant il y a 10 jours j’ai été violenté par une

308 1813 1970 36 douleur énorme qui faisait croire à une attaque au foie. C'était au poumon en réalité. [...] Je suis remis, mais il y avait de quoi faire une

309 1861 1297 36 belle maladie, à laquelle je me suis opposé [...]. C’est fini et je travaille depuis 2 jours »...

220 1980 2058 36 79. Henri MATISSE. L.A.S., [Nice] 15 octobre 1942, à Henry de MONTHERLANT ; 1 page obi. in-8, adresse au dos (carte postale). 400/500

343 2044 1935 36 « Je comprends ce que vous m’écrivez au sujet des éditions dont vous êtes séparé. Je voudrais cependant leur écrire. Comme ils

309 2092 1969 36 m’ont envoyé 4 expi. sans un mot, je ne connais pas leur adresse, soyez donc assez gentil pour me la faire parvenir. Soyez en bonne

308 2140 1970 36 santé, ménagez-vous. Moi je suis très patraque : la vésicule biliaire s’est mise de la partie. Malgré tout le centre est bon et je travaille

309 2188 1118 35 bien - heureusement. Quand aurai-je le grand plaisir de vous voir par ici »...

215 2301 2063 41 80. [Théâtre MONTANSIER], Paul d’ORLÉANS. MANUSCRIT autographe signé, Entre cour et jardin, [vers 1945] ; cahier petit in-4 de 77 pages,

308 2356 1970 26 couv. cartonnée. 100/150

346 2419 1933 35 Intéressant manuscrit de souvenirs sur le THÉÂTRE MONTANSIER DE VERSAILLES de Versailles depuis son inauguration par le Président Albert Lebrun et

309 2466 1968 36 pendant l’Occupation allemande, avec d'intéressants souvenirs sur les acteurs qui y défilèrent : Edwige FEUILLÈRE et Pierre-Richard

308 2514 1971 35 WILLM (La Dame aux camélias, 10 mai 1940), Cécile SOREL, Pierre FRONDAIE, Rosemonde GÉRARD et Maurice ROSTAND, Elvire POPESCO, etc. sur

308 2564 991 35 des représentations curieuses ou animées : Véronique, Athalie, etc.

225 2683 2053 35 81. Rafaello MORGHEN (1758-1833) graveur. L.A.S., 24 novembre 1819, à Luigi BARDI ; 1 page in-4, adresse (petite déchir. à un coin lors de

310 2731 1968 35 l’ouverture de la lettre) ; en italien. 100/150

346 2796 1893 36 Il a besoin de quelques autres estampes de la Cène et enverra chercher demain du papier pour les imprimer rapidement lundi...

2322 3079 27 24 17
