2480 3188
220 470 2059 42 58. Gabriel FAURÉ (1845-1924). REQUIEM, op. 48. Réduction pour piano et chant par Roger DUCASSE (J. Mamelle, 1900 ; cotage J.4531H.) ; petit

310 521 1968 36 in-fol., débroché (le dos manque, qqs défauts). 400/500

345 583 1768 36 ENVOI autographe signé sur la page de titre : « à Eugène d'Eichthal / son tout dévoué / Gabriel Fauré / 12 juillet 1900 ».

344 628 1934 35 CARTE de visite autogr. signée au crayon (elle était épinglée sur le feuillet de garde) : « Enfin Mamelle s’est exécuté et je m’empresse

308 673 1970 35 de vous en offrir la preuve. J’ai corrigé deux ou trois fautes, mais vous en trouverez une foule d’autres encore malheureusement »...

309 718 1122 35 On relève en effet quelques petites corrections au crayon dans la partition.

344 763 1329 35 ON JOINT le programme d’une audition d’oeuvres de Fauré, dont le Requiem, le 4 avril 1903.

223 902 2055 36 59. FLUTE. 2 MANUSCRITS MUSICAUX ; 2 volumes de 67 et 63 pages oblongs in-4, reliures demi-basane (usagées). 200/250

345 963 1933 37 Recueil de plus de 70 morceaux pour flûte, deux flûtes, flûte avec basse ou trio, etc. par R. REYNOLDS musician du 28th Régiment,

308 1009 1970 36 20 mars 1799-22 juillet 1800 ; transcriptions de pièces de F.A. Hoffmeister, Stamitz, Pleyel, W. Shield, Haydn, J. Hook, Giardini, Bach,

309 1054 1341 35 Martin y Soler, Michael Kelly..., et deux chansons de Mils Abrams (Gibraltar 6 janvier 1800).

345 1099 1932 36 Recueil anonyme d’airs célèbres, valses, extraits d’opéras de Donizetti (Roberto Devereux, La Favorite, Parisina), et de Bellini

309 1144 452 35 (Norma), etc., [vers 1840-1850],

216 1284 2062 35 60. Jean FRANÇAIX (1912-1997). MANUSCRIT autographe, [mai 1950] ; 2 pages et demie in-4. 200/250

344 1345 1934 36 Sur son opéra La Main de Gloire, créé au Grand Théâtre de Bordeaux le 7 mai 1950. « Pourquoi ai-je écrit La Main de Gloire ? Parce

309 1390 1968 36 que j’étais excédé de toujours entendre dire que l’art lyrique est un genre faux. Lisant un jour un conte de Gérard de NERVAL, aussi peu

308 1435 1970 36 connu, aussi méconnu que son auteur, je sentis que je tenais enfin l'occasion de relever le défi. [...] j’élaborai au fur et à mesure que se

310 1480 1968 36 précisait mon rêve la musique et le livret, l’un progressant par l’autre pas à pas. Je mis fin par ce moyen à la vieille et irritante rivalité

309 1525 1969 36 entre les deux entités texte-musique, la transformant d’abord en mariage de raison, puis en mariage d’amour. Au texte est dévolu la

310 1570 1967 36 précision de l’action ; à la musique, sa psychologie »... Suit un hommage au metteur en scène, Maurice JACQUEMONT, et une évocation

309 1615 1604 36 du « bon Gérard «...Coupure jointe de l’article, paru dans La Nouvelle République de Bordeaux le 6 mai 1950.

225 1725 2053 42 61. François GÉRARD (1770-1837) peintre. L.A.S., 21 septembre 1815, à un comte ; 2 pages in-4. 300/400

346 1793 1932 35 Il vient de recevoir une commande et se sent pénétré de reconnaissance : « Le plus beau sujet de notre histoire, traité dans une

309 1838 1969 35 semblable dimension, par la volonté expresse de Sa Majesté, réclamait les pinceaux des plus grands artistes des anciennes écoles,

307 1883 1971 35 j’ose espérer, toutefois, que l’honneur de peindre sous de pareils auspices un si noble sujet, doublera ma faculté ». Il demande que

310 1923 1968 40 lui soit remis un tableau retiré de la salle du Conseil d’État, qui lui est nécessaire « pour arrêter les diverses dimensions de celui que

308 1973 280 35 je dois exécuter »...

219 2083 2059 41 62. François GÉRARD. L.A.S., 25 janvier, à la marquise de DOLOMIEU ; 1 page in-4. 150/200

344 2150 1934 36 Se sentant déjà indisposé dimanche en sortant de chez M. de ROTHSCHILD où il avait dîné, il était tout à fait malade le lendemain :

308 2195 1970 36 « Je n’ai donc pu avoir l’honneur de me rendre au Palais Royal ». Il lui fait part de son vif regret, et se recommande à sa bienveillance

308 2240 825 36 « si par hazard mon absence avait pu être remarquée »...

220 2352 2059 40 63. François-Auguste GEVAËRT (1828-1908). MANUSCRIT MUSICAL autographe, Recitativo ed Aria nell’opera La Disfatta di Dario di Giovanni

308 2401 1970 36 Paesiello (1776) ; cahier de 13 pages obi. in-fol. 400/500

344 2463 1937 35 Air pour ténor avec accompagnement de piano transcrit par Gevaërt de l’opéra La Défaite de Darius (1773) de PAESIELLO. Récitatif

309 2508 1970 35 et air de Dario : « Dove ahi dove son »... Cette copie a servi à l’édition des Gloires de l’Italie de Gevaërt, publiée en 1868 chez

309 2555 193 25 G. Hartmann.

344 2598 1933 35 ON JOINT 2 manuscrits musicaux : Vonick one step par A. FOIGNET (1924), et Nuit sans lune par Rodolphe HERMANN (1940, avec 4 mss du

310 2643 1968 35 parolier Maurice Mayen, et un ms de chanson) ; plus la partition impr. Les Rencontres de Jacques IBERT (1924) avec dédicace a.s. (raturée)

309 2688 259 27 à Roland-Manuel.

131 3079 27 24 14
