2981 5035
247 443 347 511 66

1315 441 1621 505 MANUEL

343 601 723 679 Custodia.
805 599 1129 677 Carcer.
1207 599 1731 681 Ergastulum.
1817 599 2207 691 Custodia,
2285 599 2445 675 lieu
2519 601 2703 699 quel

243 725 427 825 qu’il
469 723 621 801 soit
667 725 769 801 où
803 731 981 799 sont
1009 731 1325 799 retenus
1359 723 1497 799 des
1527 723 2037 821 prisonniers,
2073 721 2493 815 fourrière;
2531 747 2697 799 car¬

239 871 381 941 cer,
425 845 691 945 prison
737 847 945 925 bâtie
991 847 1263 947 exprès
1297 855 1601 925 surtout
1633 869 1837 947 pour
1887 847 2001 925 les
2047 847 2437 947 citoyens;
2483 871 2701 947 erga¬

237 971 545 1063 stulum,
581 971 883 1047 maison
921 971 1019 1049 de
1053 975 1499 1051 correction
1533 997 1731 1071 pour
1769 975 1907 1051 des
1941 973 2301 1051 esclaves.

237 1137 463 1223 Cutis,
501 1137 569 1205 v.
613 1137 889 1225 Tergus.
1471 1139 1811 1227 Cyathus,
1845 1139 1909 1209 v.
1949 1139 2305 1209 Poculum.

235 1247 497 1337 Cymba,
529 1247 593 1319 v.
629 1247 1027 1337 Navigium.

1419 1551 1523 1667 D

333 1839 683 1917 Damnum.
727 1827 1303 1917 DetrImentum.
1343 1835 1713 1917 Jactura.
1775 1835 2167 1931 Damnum,
2203 1843 2427 1935 perte
2457 1841 2699 1939 qu’on

237 1961 373 2039 fait
411 1983 551 2059 par
607 1981 689 2035 sa
749 1959 957 2035 faute
999 1981 1137 2055 par
1175 1957 1617 2057 opposition
1653 1959 1699 2037 à
1743 1959 2027 2037 lucrum
2045 1959 2075 2049 ;
2119 1959 2639 2037 detrimentum
2677 2023 2703 2065 ,

237 2091 455 2185 perte
491 2085 727 2185 qu’on
753 2081 1089 2179 éprouve
1113 2105 1259 2179 par
1287 2083 1731 2183 opposition
1763 2083 1805 2159 à
1835 2083 2389 2159 emolumentum
2403 2105 2437 2173 ;
2471 2085 2685 2161 enfin

231 2207 567 2305 jactura,
623 2211 839 2301 perte
897 2201 1321 2281 volontaire
1361 2229 1501 2303 par
1535 2203 1871 2307 laquelle
1909 2227 2009 2281 on
2041 2207 2365 2305 prétend
2399 2203 2699 2307 échap¬

241 2351 381 2427 per
413 2329 455 2403 à
499 2349 649 2403 une
693 2333 911 2425 perte
949 2347 1049 2401 ou
1089 2327 1133 2403 à
1169 2351 1273 2403 un
1313 2325 1461 2403 mal
1505 2327 1679 2425 plus
1709 2325 2279 2405 considérable.
2325 2325 2701 2405 Damnum

237 2475 321 2529 se
353 2451 471 2527 dit
503 2447 667 2527 seul
689 2449 921 2525 d’une
943 2447 1301 2539 amende,
1343 2449 1597 2525 tandis
1621 2471 1775 2547 que
1799 2453 1991 2527 dans
2021 2449 2093 2525 la
2125 2449 2459 2527 formule
2501 2453 2519 2527 :
2559 2453 2701 2531 Vi¬

239 2575 475 2651 deant
509 2569 871 2649 consules
903 2593 1001 2669 ne
1035 2571 1225 2669 quid
1267 2569 1709 2669 respublica
1757 2569 2193 2647 detrimenti
2239 2571 2521 2671 capiat,
2587 2595 2697 2651 on

243 2719 339 2771 ne
377 2703 791 2771 rencontre
813 2691 1095 2791 jamais
1127 2693 1495 2771 damnum.

239 2863 487 2941 Dapes,
523 2859 593 2929 v.
633 2859 911 2947 Epulœ.

237 2973 719 3055 Deambulabe,
761 2967 823 3037 v.
869 2967 1271 3039 Ambulare.

235 3083 659 3167 Decernere,
695 3081 761 3149 v.
797 3081 1183 3149 Destinare.

235 3193 533 3277 Desidia,
565 3187 629 3261 v.
671 3187 979 3279 Ignavia.

237 3305 617 3389 Decorare,
649 3299 719 3373 v.
751 3299 1055 3373 Comere.

237 3417 597 3499 Dedicare,
621 3411 685 3483 v.
723 3411 1031 3483 Sacrare.

235 3529 515 3611 DEESSE,
547 3525 615 3595 v.
655 3523 925 3595 Abesse.

237 3639 595 3725 Deficere,
629 3637 697 3707 v.
723 3637 965 3705 Abesse
1001 3633 1073 3707 et
1115 3633 1371 3705 Turbœ.

241 3751 573 3839 Deflere,
607 3749 675 3819 v.
715 3749 1119 3817 Lacrimare.

245 3857 535 3947 Degere,
571 3859 637 3929 v.
669 3859 911 3947 Agere.

241 3967 679 4059 Delectatio,
707 3967 773 4039 v.
813 3967 1201 4039 Oblectatio.

1465 2861 1819 2947 Deamare,
1845 2857 1915 2929 v.
1957 2857 2279 2947 Diligere.

1465 2967 1761 3055 Debere,
1793 2967 1859 3039 v.
1899 2967 2171 3039 Necesse
2209 2975 2329 3039 est.

1455 3081 1891 3165 Declarare,
1925 3077 1997 3149 v.
2041 3077 2397 3149 Ostendere
2403 3129 2412 3149 .

1459 3191 1819 3275 Decipere,
1855 3191 1919 3259 v.
1957 3191 2253 3261 Fallere.

1459 3303 1789 3389 Dedecus,
1827 3301 1897 3371 v.
1937 3301 2347 3391 Ignominia.

1463 3413 1897 3503 Defendere,
1929 3413 1991 3483 v.
2035 3413 2263 3483 Tueri.

1459 3523 1843 3613 Deducere,
1875 3519 1941 3593 v.
1983 3519 2343 3595 Comitari.

1465 3637 1833 3717 Deformis,
1871 3633 1939 3705 v.
1983 3633 2195 3707 Teter.

1455 3747 1555 3815 De
1603 3765 1913 3831 integro,
1947 3749 2017 3819 v.
2049 3749 2319 3817 Iterum.

1459 3855 1747 3941 Delere,
1781 3857 1847 3927 v.
1887 3855 2189 3925 Abolere.

335 4121 773 4203 Delibutus.
831 4125 1153 4203 Unctus.
1211 4119 1545 4199 Oblitus.
1603 4117 2001 4199 Delibutus
2023 4141 2041 4217 ,
2109 4119 2431 4199 mouillé
2495 4141 2687 4199 avec

237 4261 347 4315 un
397 4259 627 4335 corps
675 4265 889 4341 gras;
953 4245 1143 4321 c’est
1191 4241 1263 4321 le
1313 4251 1561 4319 terme
1597 4241 2021 4341 générique
2067 4263 2209 4343 par
2261 4249 2583 4341 rapport
2641 4243 2693 4321 à

239 4367 525 4447 unctus,
569 4357 733 4435 oint
769 4361 999 4439 d’une
1031 4361 1351 4439 matière
1411 4363 1799 4461 agréable,
1855 4375 1931 4443 et
1977 4365 2021 4441 à
2061 4363 2333 4443 oblitus
2339 4421 2359 4459 ,
2403 4361 2687 4441 enduit

247 4477 475 4551 d’une
509 4475 829 4553 matière
861 4481 1325 4579 malpropre.

1137 4861 1309 4907 Digittzed
1323 4813 1369 4909 by
1383 4813 1463 4897 Cj
1473 4843 1649 4935 OO^
1659 4813 1731 4897 IC
