2947 4922
307 301 459 369 122

1377 313 1679 371 MANUEL

301 461 661 561 employé
721 461 767 537 à
811 461 1149 563 quelque
1205 461 1493 555 chose;
1547 473 1773 563 aptus
1777 521 1797 557 ,
1857 483 2059 561 pour
2113 461 2187 539 le
2235 461 2457 559 faire,
2509 465 2597 543 F.
2667 467 2761 543 A.

297 583 557 661 Wolf.
603 583 715 657 En
755 583 1095 661 d’autres
1131 593 1449 681 termes,
1507 587 1867 663 l'r'àeus
1889 593 2009 663 est
2047 609 2335 685 propre
2371 587 2419 663 à
2447 609 2557 663 un
2589 607 2759 665 em¬

293 703 449 805 ploi
479 729 617 803 par
653 709 791 783 des
829 705 1163 807 qualités
1201 709 1739 809 quelconques
1777 715 1855 787 et
1899 731 2041 807 par
2077 709 2147 785 le
2183 731 2575 785 concours
2611 711 2755 787 des

293 827 895 923 circonstances,
913 831 1283 923 Ιπιτηδειος
1307 831 1325 923 ;
1351 831 1399 907 Y
1403 849 1639 935 aptus,
1663 855 1805 931 par
1825 855 1907 907 sa
1925 831 2191 909 valeur
2215 831 2747 931 personnelle,

289 973 429 1047 par
455 973 535 1029 sa
563 951 945 1051 capacité,
973 951 1225 1039 ίχανός.
1249 953 1635 1031 L’idoneus
1657 963 1777 1031 est
1813 953 2091 1031 inactif
2105 977 2245 1051 par
2273 951 2695 1033 lui-même
2725 981 2745 1049 ;

285 1093 387 1151 on
421 1097 503 1151 se
541 1083 699 1153 sert
733 1079 831 1153 de
855 1075 965 1151 lui
1003 1099 1203 1175 pour
1229 1075 1619 1155 atteindre
1643 1101 1751 1153 un
1783 1075 1949 1171 but,
1989 1099 2221 1175 parce
2259 1075 2451 1173 qu’il
2487 1085 2611 1155 est
2641 1103 2745 1155 un

285 1193 761 1277 instrument
815 1197 1279 1291 commode;
1345 1197 1619 1299 Yaptus
1671 1207 1885 1277 entre
1943 1201 2041 1277 de
2101 1197 2507 1277 lui-même
2549 1203 2743 1279 dans

283 1341 439 1399 une
477 1319 767 1421 affaire,
797 1345 1027 1421 parce
1057 1321 1243 1423 qu’il
1279 1347 1325 1401 a
1355 1323 1467 1401 les
1493 1321 2001 1421 dispositions
2029 1323 2509 1419 nécessaires
2539 1349 2739 1427 pour

275 1445 597 1523 réussir.

281 1635 603 1725 Ignarus,
641 1631 709 1703 v.
753 1631 1067 1721 Cognitio
1071 1679 1091 1701 .

369 1811 709 1889 Ignavia.
765 1815 1103 1887 Inertia.
1165 1809 1549 1889 Segnitia.
1609 1813 1949 1889 Desidia.
2011 1813 2405 1889 Socordia.
2469 1813 2727 1891 Pigri¬

269 1939 423 2013 tia.
485 1939 521 2011 1
535 1933 553 2011 .
615 1933 957 2033 Ignavia,
999 1935 1297 2031 opposé
1335 1933 1381 2009 à
1419 1933 1821 2029 industria,
1869 1931 2199 2011 l’amour
2249 1935 2355 2011 du
2413 1935 2727 2013 désœu¬

267 2065 621 2135 vrement
655 2055 1067 2137 considéré
1097 2077 1409 2133 comme
1439 2079 1595 2133 une
1633 2055 2091 2155 dérogation
2127 2055 2175 2133 à
2207 2055 2285 2133 la
2319 2055 2425 2135 loi
2457 2059 2567 2135 du
2597 2061 2731 2135 de¬

265 2179 455 2275 voir,
499 2203 597 2259 en
627 2203 719 2259 ce
759 2203 939 2259 sens
973 2181 1211 2279 qu’on
1241 2181 1437 2257 n’est
1475 2179 1825 2275 homme,
1851 2183 2091 2277 qu’on
2111 2203 2209 2257 ne
2229 2203 2311 2259 se
2331 2179 2725 2281 distingue

263 2305 371 2381 du
407 2301 781 2401 vulgaire,
819 2301 1061 2403 qu’on
1095 2325 1193 2379 ne
1251 2309 1437 2381 vaut
1481 2325 1621 2401 par
1673 2301 2085 2381 soi-même
2141 2325 2293 2401 que
2333 2303 2397 2379 si
2443 2325 2545 2381 on
2605 2315 2725 2383 est

259 2425 467 2505 doué
505 2427 613 2505 du
649 2431 843 2527 goût
873 2427 973 2503 de
1011 2423 1363 2521 l’action;
1409 2423 1687 2501 inertia
1693 2487 1713 2523 ,
1757 2421 1831 2501 le
1861 2431 2121 2503 même
2185 2447 2459 2505 amour
2509 2425 2723 2505 envi¬

257 2551 439 2649 sagé
471 2571 787 2629 comme
823 2571 977 2625 une
1005 2545 1421 2625 infraction
1457 2549 1507 2625 à
1535 2549 1609 2625 la
1639 2543 1747 2625 loi
1791 2549 1899 2625 du
1937 2547 2229 2645 travail,
2273 2573 2371 2627 en
2411 2571 2503 2627 ce
2541 2573 2717 2627 sens

253 2695 409 2771 que
447 2675 819 2751 l’homme
857 2695 953 2749 ne
991 2673 1305 2751 devient
1333 2695 1439 2751 un
1469 2671 1827 2749 membre
1853 2671 2071 2765 utile,
2111 2671 2287 2771 plus
2317 2695 2419 2747 ou
2457 2671 2715 2749 moins

253 2797 663 2873 estimable
693 2799 791 2873 de
823 2795 899 2873 la
923 2795 1241 2889 société,
1269 2819 1421 2899 que
1449 2819 1589 2893 par
1617 2817 1755 2873 son
1781 2795 2089 2873 activité
2113 2795 2501 2895 pratique.
2523 2793 2715 2875 L’oi¬

253 2917 517 3013 siveté,
563 2919 869 3017 ignavia
879 2975 897 3011 ,
943 2927 1057 2997 est
1105 2919 1333 2997 entée
1373 2941 1507 2995 sur
1545 2917 1619 2995 le
1661 2919 2003 3011 naturel;
2075 2917 2387 2997 l’action
2447 2917 2555 2997 lui
2593 2923 2713 2999 ré¬

249 3065 545 3141 pugne;
591 3039 665 3117 la
701 3041 1187 3135 fainéantise,
1221 3041 1535 3137 inertia,
1561 3051 1679 3119 est
1703 3041 1969 3119 affaire
2007 3041 2459 3119 d’habitude
2499 3051 2579 3121 et
2617 3045 2709 3121 de

245 3167 677 3259 caractère;
741 3163 889 3241 elle
927 3187 1025 3243 ne
1063 3187 1145 3243 se
1199 3163 1465 3241 soucie
1513 3165 1733 3263 point
1785 3167 1881 3241 de
1935 3163 2353 3243 travailler.
2393 3167 2515 3245 Un
2553 3167 2709 3245 mé¬

245 3289 481 3365 chant
511 3285 803 3365 esclave
841 3293 959 3365 est
991 3311 1099 3365 un
1129 3285 1501 3381 fainéant,
1547 3289 1791 3377 iners;
1817 3311 1921 3363 un
1959 3287 2195 3365 noble
2223 3289 2361 3389 qui
2387 3289 2497 3369 vit
2533 3313 2703 3367 sans

237 3411 407 3491 rien
437 3409 627 3489 faire
659 3421 779 3489 est
821 3433 931 3487 un
967 3409 1171 3507 oisif,
1213 3413 1537 3511 ignavus.

337 3533 411 3611 2.
469 3533 837 3635 Segnitia,
877 3531 1169 3607 desidia
1173 3557 1193 3627 ,
1233 3531 1571 3609 socordia
1597 3541 1679 3633 et
1709 3531 2067 3633 pigritia,
2111 3535 2421 3613 défauts
2451 3533 2697 3613 divers

239 3661 425 3737 d’un
463 3657 1039 3759 tempérament
1091 3663 1267 3755 trop
1315 3655 1759 3755 tranquille.
1809 3657 1915 3733 La
1975 3657 2537 3755 nonchalance,
2599 3681 2699 3735 se¬

233 3783 515 3881 gnitia,
551 3781 817 3859 attend
857 3781 1093 3879 qu’on
1135 3779 1467 3871 l’excite,
1535 3781 1769 3879 qu’on
1823 3779 1895 3855 la
1931 3781 2407 3879 contraigne,
2457 3781 2691 3881 qu’on

237 3903 309 3979 la
349 3925 647 4001 prenne
687 3925 921 4001 corps
951 3903 995 3979 à
1029 3923 1261 4001 corps
1293 3907 1521 3977 avant
1549 3901 1647 3977 de
1679 3923 2063 3979 renoncer
2101 3927 2199 3979 au
2235 3925 2507 4001 repos;
2549 3901 2689 3979 elle

233 4049 277 4099 a
311 4043 511 4123 pour
539 4027 833 4125 opposé
871 4035 1277 4127 promptus.
1317 4021 1945 4119 L’indifférence,
1977 4023 2293 4119 desidia,
2331 4047 2415 4101 se
2443 4023 2687 4101 croise

233 4143 345 4219 les
383 4141 559 4219 bras
585 4155 663 4221 et
687 4145 949 4221 attend
981 4165 1133 4243 que
1165 4145 1277 4221 les
1305 4143 1585 4221 choses
1613 4169 1695 4221 se
1727 4147 2015 4225 fassent
2041 4145 2677 4225 d'elles-mêmes.

231 4263 651 4361 L’apathie,
689 4265 1021 4341 socordia
1027 4325 1047 4361 ,
1101 4277 1219 4345 est
1259 4265 1665 4369 incapable
1717 4271 1813 4347 de
1855 4273 2191 4369 prendre
2227 4269 2275 4347 à
2307 4271 2491 4371 quoi
2529 4291 2673 4369 que

231 4407 321 4461 ce
353 4383 505 4461 soit
535 4407 637 4461 un
669 4385 781 4459 vif
803 4387 1089 4467 intérêt
1123 4399 1197 4467 et
1235 4389 1541 4491 néglige
1595 4415 1717 4469 ses
1751 4393 2059 4471 devoirs
2095 4397 2303 4471 faute
2341 4395 2473 4493 d’y
2499 4415 2677 4469 son-

1137 4745 1309 4795 Digitized
1325 4745 1369 4793 by
1383 4697 1729 4819 CjOO^Ie
