2922 5010
205 399 363 469 284

1275 409 1581 469 VASUBL

197 561 455 663 plaga,
511 561 699 639 d’un
761 557 1231 637 instrument
1293 557 1817 657 quelconque,
1885 559 2305 637 contusion
2337 583 2357 653 ;
2419 561 2659 653 ulcus,

203 681 409 781 plaie
451 689 767 759 ouverte
803 703 905 757 ou
943 681 1233 773 ulcère,
1281 681 1517 759 abcès
1567 679 1857 777 crevés,
1909 687 2057 763 etc.
2085 705 2107 775 ;
2159 689 2237 761 et
2287 679 2633 757 cicatrix
2635 737 2657 777 ,

203 801 567 881 cicatrice
591 803 725 899 qui
757 803 1149 903 remplace
1175 803 1249 879 la
1277 801 1631 883 blessure
1645 805 1873 903 après
1897 805 1971 881 la
2001 805 2393 905 guérison.
2427 805 2661 881 Suet.

203 923 355 1001 Vit.
417 925 539 1003 40.
597 923 945 1005 Verbera
989 933 1069 1027 et
1107 925 1375 1027 plagas
1381 983 1401 1019 ,
1469 949 1681 1025 sæpe
1719 925 2017 1005 vulnera
2029 985 2047 1023 ,
2089 947 2663 1029 nonnunquam

201 1069 477 1125 necem
513 1057 1165 1147 représentantes
1209 1045 1821 1131 adversantibus.
1869 1049 1977 1135 JLa
2029 1049 2395 1127 moindre
2433 1049 2667 1127 résis¬

199 1175 429 1247 tance
453 1171 681 1251 valait
701 1195 849 1249 aux
873 1195 1065 1271 gens
1095 1175 1233 1251 des
1267 1195 1509 1271 coups
1541 1179 1621 1249 et
1645 1173 1785 1249 des
1819 1173 2303 1271 contusions,
2335 1179 2667 1251 souvent

201 1295 341 1371 des
379 1293 797 1393 blessures,
831 1295 1319 1399 quelquefois
1363 1295 1439 1379 la
1461 1303 1693 1375 mort.

299 1417 377 1495 2.
459 1417 903 1495 Vulneratus
909 1475 931 1511 ,
989 1417 1247 1499 blessé
1297 1441 1393 1497 en
1447 1417 1813 1519 général;
1877 1417 2169 1499 saucius
2175 1477 2197 1513 ,
2259 1415 2411 1495 mis
2465 1415 2657 1493 hors

201 1539 301 1617 de
335 1539 653 1619 combat
683 1563 827 1639 par
867 1563 1021 1617 une
1057 1539 1437 1635 blessure,
1473 1543 1665 1619 c’est
1701 1539 1775 1617 le
1815 1545 2065 1621 terme
2121 1561 2409 1641 propre
2457 1561 2661 1639 pour

201 1659 313 1739 les
353 1661 649 1741 blessés
693 1665 737 1741 à
777 1665 849 1741 la
891 1661 1229 1741 bataille.
1289 1665 1445 1741 Cic.
1487 1663 1707 1743 Verr.
1761 1665 1823 1759 I,
1877 1665 2001 1741 27.
2047 1663 2259 1741 Servi
2297 1659 2657 1761 nopnulli

201 1785 691 1867 vulnerantur
693 1785 713 1881 ,
785 1785 957 1883 ipse
1005 1783 1349 1863 Rubrius
1395 1787 1807 1865 sauciatur.
1865 1785 2261 1869 Plusieurs
2315 1785 2657 1863 esclaves

201 1915 379 1985 sont
419 1907 741 2003 blessés,
791 1907 1137 1989 Rubrius
1177 1917 1293 1987 est
1329 1907 1479 1987 mis
1513 1909 1697 1987 hors
1737 1909 1839 1989 de
1865 1909 2209 1991 combat.

205 2097 497 2187 Voltos,
537 2099 603 2169 v.
637 2099 869 2169 Faeies
873 2151 891 2169 .

1137 4833 1309 4881 Digitked
1325 4785 1369 4881 by
1383 4785 1729 4907 CjOO^Ic
