3013 5003
1073 449 1173 503 DE
1229 445 1659 505 SYNONYMIE
1715 441 2007 501 LATINE.

2609 431 2639 497 i
2669 427 2769 493 75

325 623 695 697 rompus;
757 597 871 677 les
937 611 1279 677 truncata
1287 659 1305 695 ,
1361 601 1405 679 à
1453 601 1553 677 de
1601 619 1911 699 grosses
1959 593 2339 671 branches
2383 589 2759 669 abattues.

323 791 589 877 Mdtüo,
619 789 687 859 v.
739 789 1051 859 Vicissim
1053 835 1077 859 .
1553 789 1879 875 Mutüum,
1925 785 1991 859 y.
2027 783 2485 859 Commodare.

323 903 695 989 Mysteria,
721 899 793 971 y.
825 899 1125 971 Arcana.

1503 1153 1605 1265 N

323 1461 663 1549 Nancisci,
693 1459 761 1533 v.
797 1459 1135 1533 Invenire.
1553 1463 1805 1551 Nares,
1831 1457 1901 1533 v.
1939 1457 2193 1533 Nasus.

421 1617 693 1697 Nasus.
747 1617 1027 1695 Nares.
1087 1617 1329 1695 Nasus
1335 1675 1355 1713 ,
1385 1617 1461 1695 le
1493 1641 1659 1711 nez,
1693 1615 1943 1715 partie
1971 1615 2325 1693 saillante
2351 1613 2457 1691 du
2485 1613 2769 1709 visage,

323 1737 467 1841 f>(v;
505 1739 741 1835 nares,
785 1739 901 1817 les
951 1741 1203 1819 fosses
1249 1741 1553 1821 nasales
1595 1763 1697 1817 ou
1749 1739 2099 1837 narines,,
2129 1759 2417 1837 organe
2447 1733 2645 1813 actif
2665 1735 2771 1813 du

323 1883 505 1939 sens
541 1863 639 1939 de
675 1861 1029 1963 l’odorat,
1065 1893 1421 1967 μυχτηρες.

321 2027 561 2113 Natio,
589 2027 657 2099 v.
701 2027 907 2101 Gens.

423 2183 827 2261 Navigium.
913 2185 1175 2263 Navis.
1255 2181 1533 2261 Celox.
1609 2179 1929 2257 Lembus.
2001 2179 2363 2259 Liburna.
2441 2179 2767 2279 Scapha,

319 2305 609 2381 Cymba.
673 2303 981 2385 Linter.
1045 2303 1457 2407 Navigium
1493 2311 1611 2381 est
1647 2301 1719 2381 le
1773 2309 2023 2381 terme
2075 2301 2415 2403 général,
2461 2325 2771 2381 comme

317 2425 743 2523 bâtiment;
797 2431 1003 2505 navis
1011 2487 1033 2525 ,
1071 2425 1447 2509 véritable
1485 2425 1839 2505 vaisseau
1893 2423 2195 2503 destiné
2231 2425 2277 2501 à
2315 2427 2409 2503 de
2445 2425 2773 2523 longues

319 2551 787 2645 traversées;
823 2553 1061 2649 celox,
1121 2551 1393 2629 lembus
1441 2549 1521 2627 et
1571 2549 1873 2625 liburna
1881 2605 1901 2641 ,
1943 2547 2275 2625 bateaux
2313 2551 2547 2649 qu’on
2585 2555 2779 2647 peut

319 2669 651 2771 équiper
687 2681 765 2749 et
811 2697 1069 2751 armer
1105 2697 1201 2751 en
1235 2695 1553 2773 guerre;
1595 2669 1887 2771 scapha,
1925 2671 2181 2773 cymba
2237 2671 2317 2747 et
2349 2671 2609 2765 linter,
2653 2693 2777 2747 ca¬

317 2799 497 2871 nots
529 2815 633 2871 ou
669 2795 1009 2873 nacelles
1053 2795 1393 2875 destinés
1423 2795 1469 2871 à
1505 2797 1607 2871 de
1639 2803 1947 2871 courtes
1985 2795 2435 2871 excursions
2471 2801 2553 2871 et
2593 2793 2639 2869 à
2669 2815 2775 2869 un

319 2915 605 3015 simple
633 2919 861 3019 trajet
885 2921 1071 2995 d’un
1103 2919 1299 2997 bord
1331 2919 1377 2997 à
1413 2919 1685 2997 l’autre
1717 2941 1735 2995 :
1769 2917 2031 3019 scapha
2061 2925 2137 2993 et
2171 2913 2423 3019 cymba
2429 2975 2451 3011 ,
2487 2917 2763 3017 larges,

319 3059 421 3115 en
455 3039 707 3119 forme
743 3041 841 3117 de
879 3041 1263 3139 chaloupe
1285 3041 1307 3137 ;
1351 3041 1605 3137 linter,
1641 3041 1825 3139 long
1855 3045 1935 3117 et
1967 3037 2201 3135 effilé,
2251 3061 2347 3117 en
2391 3041 2641 3117 forme
2673 3039 2771 3117 de

315 3155 669 3259 pirogue.

421 3283 943 3361 Necessarius.
987 3283 1471 3373 Propinquus.
1511 3287 1925 3365 Cognatus.
1951 3283 2589 3363 Consanguineus.
2625 3287 2771 3359 Af¬

315 3411 533 3483 finis.
597 3403 669 3485 i.
727 3403 1223 3503 Necessarius,
1273 3417 1491 3487 toute
1523 3431 1913 3507 personne
1941 3409 1987 3487 à
2017 3407 2353 3507 laquelle
2381 3429 2485 3483 on
2519 3413 2637 3485 est
2667 3405 2767 3485 lié

315 3549 463 3627 par
505 3551 609 3605 un
647 3539 965 3631 rapport
1025 3529 1377 3625 durable,
1433 3555 1577 3629 par
1629 3535 1769 3607 des
1829 3529 2197 3607 relations
2253 3525 2635 3605 d’affaires
2671 3549 2769 3605 en

313 3649 611 3747 qualité
643 3651 741 3729 de
763 3651 1069 3753 collega,
1111 3655 1209 3753 de
1245 3665 1627 3753 patronus,
1671 3655 1769 3731 de
1797 3653 2055 3747 cliens,
2095 3675 2201 3731 ou
2235 3665 2377 3749 par
2415 3653 2553 3727 des
2577 3647 2769 3727 rela¬

315 3771 523 3851 tions
557 3771 859 3873 privées
911 3799 1007 3853 en
1041 3773 1329 3873 qualité
1377 3775 1471 3875 de
1515 3775 1943 3875 familiaris
1945 3833 1965 3869 ,
2015 3775 2401 3867 d’amicus,
2455 3795 2767 3851 comme

313 3895 759 3999 προσήκοντες
783 3923 801 4001 ;
837 3897 1327 4001 propinquus,
1345 3905 1559 3977 toute
1591 3919 1973 3997 personne
2009 3897 2053 3973 à
2085 3895 2419 3997 laquelle
2447 3919 2551 3975 on
2575 3895 2769 3975 tient

311 4039 455 4115 par
487 4019 623 4093 des
661 4029 1023 4117 rapports
1063 4023 1161 4097 de
1201 4021 1527 4117 famille,
1577 4027 1849 4121 parent
1881 4019 2401 4119 quelconque,
2455 4037 2767 4097 comme

315 4141 673 4241 άγχιστεϊς
703 4149 781 4217 et
811 4139 955 4217 2rai
997 4169 1017 4219 :
1053 4145 1243 4221 c’est
1277 4143 1351 4221 le
1391 4155 1635 4221 terme
1671 4141 2099 4243 générique
2129 4141 2261 4243 qui
2293 4141 2757 4243 comprend,

313 4271 539 4341 outre
597 4261 671 4339 le
721 4275 1065 4365 cognatus
1117 4277 1189 4345 et
1245 4267 1319 4345 le
1367 4267 1935 4369 consanguineus
1989 4289 2087 4345 ou
2145 4273 2461 4363 parents
2511 4285 2649 4361 par
2691 4263 2763 4339 le

313 4383 529 4483 sang,
565 4383 883 4487 Yaffinis
911 4409 1011 4465 ou
1041 4397 1317 4489 parent
1353 4413 1495 4491 par
1531 4389 1875 4485 mariage
1909 4409 2009 4465 ou
2059 4387 2413 4481 alliance,
2449 4403 2759 4465 comme

317 4505 675 4599 κηδεστής.

1887 4831 2059 4879 Digilized
2073 4783 2119 4879 by
2133 4783 2217 4867 Ci
2223 4813 2279 4867 O
2409 4783 2479 4869 1C
