3013 5003
198 398 348 471 188

1266 400 1568 460 MANUEL

193 583 293 640 en
325 560 695 639 évidence
733 581 833 637 en
861 578 951 635 ce
981 576 1163 633 sens
1195 555 1427 654 qu’on
1467 552 1613 630 tire
1651 550 1991 651 quelque
2041 547 2281 626 chose
2317 569 2419 624 au
2453 543 2655 623 clair

194 693 272 761 et
300 686 530 787 qu’on
574 681 864 779 dissipe
894 680 1034 756 des
1060 679 1362 769 doutes,
1406 676 1718 753 comme
1750 675 2078 766 δηλώσαι.

193 873 526 959 Ostenta,
561 868 630 941 v.
659 868 996 957 Auguria.
1409 864 1856 952 Ostentatio,
1887 860 1958 931 v.
1995 859 2316 930 Jactatio.

294 1046 605 1125 Ostium.
662 1042 941 1124 Janua.
1000 1041 1263 1119 Fores.
1300 1035 1609 1114 Valvæ.
1654 1034 1943 1111 Ostium
1976 1032 2053 1132 et
2074 1031 2351 1132 janua,
2390 1038 2657 1128 porte,

199 1180 612 1250 ouverture
649 1167 782 1270 qui
815 1172 972 1243 sert
997 1165 1042 1242 à
1073 1170 1334 1243 entrer
1369 1170 1448 1239 et
1479 1160 1528 1236 à
1569 1156 1802 1236 sortir
1835 1181 1854 1234 :
1897 1156 2196 1249 ostium,
2237 1160 2492 1232 terme
2521 1154 2670 1255 gé¬

200 1294 415 1371 néral
450 1314 649 1392 pour
668 1297 887 1368 toute
920 1289 1199 1388 espèce
1240 1286 1339 1362 de
1370 1287 1621 1381 porte,
1662 1281 1865 1384 θυρα;
1894 1281 2165 1381 janua,
2200 1287 2453 1355 terme
2484 1278 2675 1377 spé¬

203 1415 376 1504 cial,
419 1421 646 1516 porte
681 1414 780 1490 de
817 1406 1148 1488 maison.
1187 1406 1414 1495 Forjes
1445 1412 1524 1482 et
1557 1403 1816 1496 valvœ,
1857 1401 2196 1479 battants
2231 1397 2586 1478 destinés
2617 1397 2670 1474 à

206 1543 497 1619 fermer
530 1539 992 1616 l’ouverture
1026 1533 1042 1635 :
1070 1533 1301 1635 fores,
1320 1531 1368 1609 à
1394 1530 1532 1607 des
1560 1536 1820 1628 portes
1852 1525 2313 1618 ordinaires,
2346 1543 2670 1600 comme

207 1660 496 1769 θυρίδες;
537 1658 802 1751 valvœ,
843 1658 887 1735 à
927 1658 1067 1734 des
1103 1652 1423 1735 édifices
1457 1652 1537 1728 et
1565 1651 1609 1728 à
1649 1653 1787 1725 des
1819 1650 2151 1746 temples
2181 1642 2313 1747 qui
2345 1653 2483 1722 ont
2519 1644 2673 1720 des

210 1792 472 1885 portes
516 1780 872 1873 doubles,
916 1778 962 1856 à
1004 1781 1206 1854 deux
1238 1774 1604 1852 battants.
1646 1773 1826 1848 Tac.
1874 1773 2074 1847 Ann.
2116 1768 2308 1862 XIV,
2350 1767 2428 1842 8.
2470 1764 2674 1842 Ani-

209 1917 429 1987 cetus
481 1903 811 2001 refracta
831 1903 1079 2001 janua
1121 1896 1393 1975 obvios
1441 1914 1841 1974 servorum
1899 1889 2189 1990 adripit
2211 1915 2229 1985 ;
2271 1892 2525 1966 donec
2561 1889 2671 1964 ad

208 2033 402 2131 fores
426 2026 768 2106 cubiculi
800 2024 1126 2102 veniret.
1144 2020 1518 2099 Anicétus
1546 2019 1872 2096 enfonce
1899 2013 1968 2091 la
1994 2025 2216 2112 porte
2247 2014 2346 2090 de
2377 2012 2452 2089 la
2472 2010 2674 2089 mai¬

213 2176 351 2229 son
393 2158 469 2228 et
499 2173 583 2227 se
620 2150 761 2226 fait
803 2148 1053 2225 suivre
1093 2167 1231 2243 par
1272 2144 1383 2219 les
1417 2139 1755 2219 esclaves
1791 2137 1981 2236 qu’il
2043 2144 2455 2218 rencontre
2488 2135 2671 2235 jus¬

215 2276 392 2377 qu’à
427 2274 500 2352 la
546 2284 766 2373 porte
807 2275 904 2349 de
939 2270 1012 2346 la
1043 2265 1416 2347 chambre
1455 2262 1986 2366 d’Agrippine.

213 2467 477 2550 Otiari,
497 2463 567 2533 v.
611 2462 883 2531 Vacare.

314 2644 589 2721 Otium.
646 2640 835 2717 Pax.
896 2631 1341 2714 Concordia.
1378 2630 1663 2725 Otium,
1700 2628 1778 2705 la
1804 2621 2284 2727 tranquillité
2312 2643 2410 2700 en
2438 2620 2674 2719 géné¬

217 2767 358 2861 ral,
405 2762 663 2842 tandis
703 2784 805 2864 qu
811 2783 1035 2863 epax
1075 2781 1159 2835 se
1191 2764 1561 2854 rapporte
1597 2773 1745 2829 aux
1771 2748 2137 2828 relations
2187 2743 2677 2825 extérieures

220 2897 296 2967 et
332 2886 718 2965 concordia
760 2887 804 2961 à
838 2883 914 2959 la
952 2880 1320 2959 situation
1360 2873 1806 2954 intérieure.

1410 3220 1497 3335 P

221 3539 495 3620 Pædor,
527 3528 595 3599 v.
640 3528 913 3596 Lutum.

320 3708 574 3788 Pæne.
636 3708 904 3782 Prope.
962 3698 1190 3777 Fere.
1252 3689 1542 3772 Ferme.
1604 3689 1826 3767 Pœne
1876 3696 1956 3789 et
2008 3711 2240 3789 prope
2296 3694 2604 3765 servent
2638 3687 2682 3764 à

223 3833 549 3911 adoucir
585 3852 739 3907 une
785 3821 1237 3923 expression
1289 3827 1463 3917 trop
1513 3816 1709 3892 forte
1753 3822 1829 3890 et
1885 3813 1927 3887 à
1975 3810 2169 3887 faire
2229 3833 2497 3909 passer
2531 3833 2683 3887 une

228 3953 656 4055 hyperbole
702 3976 718 4050 :
752 3970 982 4050 pœne,
1044 3942 1176 4045 qui
1226 3951 1342 4018 est
1388 3939 1686 4038 opposé
1721 3936 1766 4036 à
1804 3937 2058 4036 plane,
2096 3957 2180 4011 se
2218 3933 2506 4011 traduit
2544 3955 2682 4032 par

233 4097 569 4177 presque
597 4098 615 4175 ;
637 4095 901 4174 prope,
947 4089 1085 4166 par
1123 4088 1275 4165 peu
1325 4065 1489 4139 s’en
1542 4062 1703 4137 faut
1735 4055 1915 4160 que.
1974 4054 2165 4134 Fere
2203 4056 2279 4154 et
2314 4056 2549 4154 ferme
2585 4077 2681 4132 ne

236 4207 540 4277 servent
590 4195 770 4293 qu’à
807 4213 890 4269 se
929 4186 1528 4286 précautionner
1573 4188 1842 4260 contre
1875 4177 1950 4257 la
1977 4178 2204 4256 lettre
2241 4182 2338 4255 de
2377 4178 2680 4255 l’asser¬

240 4319 435 4408 tion,
478 4336 787 4392 comme
808 4315 851 4387 à
884 4334 1039 4407 peu
1076 4308 1283 4411 près,
1316 4304 1667 4383 environ.

239 4485 496 4562 Pætus,
534 4474 604 4545 v.
655 4474 918 4542 Strabo.
1453 4470 1720 4551 Palam,
1757 4463 1822 4536 v.
1859 4463 2174 4555 Aperire.

1886 4783 2120 4880 Digitized'by
2132 4783 2401 4904 CjOO^
2410 4783 2480 4867 le
