2922 4988
281 355 433 423 216

1361 363 1665 421 MANUEL

273 521 451 589 tous
511 513 623 589 les
681 517 999 611 regards
1051 515 1373 593 tournés
1421 537 1595 591 vers
1649 513 1959 591 Décius.
2021 515 2203 591 Nep.
2261 515 2431 591 Dat.
2473 515 2547 603 5.
2589 515 2721 603 Qui

275 635 497 711 illum
537 659 763 711 unum
795 635 1039 735 pluris
1067 657 1303 735 quam
1331 659 1413 711 se
1441 659 1679 711 omnes
1705 635 1873 713 fieri
1895 635 2287 713 videbant.
2327 637 2499 727 Quo
2529 637 2721 713 facto

273 757 525 833 cuncti
577 757 675 831 ad
727 779 907 833 eum
957 757 1571 857 opprimendum
1617 761 2213 839 consenserunt.
2253 761 2399 837 Les
2453 757 2727 837 courti¬

279 903 457 955 sans
491 879 847 979 voyaient
883 883 1061 981 qu’à
1113 881 1223 959 lui
1279 881 1445 959 seul
1483 881 1537 957 il
1575 881 1687 959 les
1737 883 2037 979 effaçait
2085 891 2259 961 tous
2305 885 2593 981 auprès
2629 883 2725 959 du

277 997 419 1075 roi.
459 999 559 1075 Ils
591 1001 991 1079 entrèrent
1013 1011 1193 1081 tous
1227 1009 1393 1079 tant
1431 1003 1657 1103 qu’ils
1697 1005 1985 1085 étaient
2021 1009 2213 1083 dans
2241 1029 2397 1085 une
2427 1005 2729 1105 conspi¬

277 1121 527 1197 ration
561 1123 691 1221 qui
731 1123 991 1201 devait
1017 1123 1457 1205 l’accabler.

377 1243 449 1323 6.
525 1243 745 1321 Totus
751 1271 771 1343 ,
809 1245 1089 1323 solidus
1125 1249 1201 1329 et
1237 1249 1519 1349 integer
1551 1249 2075 1351 s’appliquent
2119 1251 2165 1329 à
2207 1275 2315 1327 un
2355 1257 2529 1329 tout
2575 1249 2727 1351 pri¬

279 1369 491 1447 mitif
521 1371 653 1471 qui
687 1393 783 1447 ne
821 1369 1025 1449 vient
1065 1395 1217 1471 que
1273 1395 1415 1471 par
1445 1373 2061 1453 extraordinaire
2099 1373 2145 1451 à
2185 1397 2269 1449 se
2309 1371 2599 1451 diviser
2633 1395 2725 1451 en

277 1491 591 1593 parties,
651 1493 965 1571 comme
1015 1493 1203 1587 δλος;
1259 1495 1495 1571 omnis
1501 1521 1521 1591 ,
1593 1497 1975 1575 universus
2017 1503 2119 1585 ei.
2143 1509 2473 1589 cunctus,
2513 1495 2561 1571 à
2597 1499 2731 1573 des

279 1613 671 1691 individus
703 1615 1313 1715 primitivement
1341 1617 1571 1695 isolés
1603 1617 1731 1721 qui
1765 1643 1865 1699 ne
1887 1619 2231 1699 forment
2257 1643 2365 1697 un
2393 1627 2561 1697 tout
2585 1639 2733 1717 que

279 1761 421 1837 par
445 1737 617 1815 leur
645 1739 1001 1833 réunion,
1031 1749 1191 1833 πδς,
1229 1771 1519 1843 σνρπας,
1547 1739 1759 1827 ,δπας.

381 1861 761 1949 Quotidie.
821 1863 903 1939 In
953 1881 1291 1941 singulos
1345 1861 1529 1957 dies.
1581 1861 1933 1957 Quotidie
1961 1863 2311 1941 s’entend
2341 1863 2439 1941 de
2465 1885 2557 1941 ce
2597 1861 2729 1963 qui

283 1983 579 2061 revient
645 1991 821 2061 tous
871 1985 981 2061 les
1005 1985 1227 2083 jours
1253 1987 1271 2081 ;
1305 1987 1387 2061 in
1421 1987 1751 2087 singulos
1783 1985 1945 2065 dies
1949 2045 1969 2081 ,
2013 1987 2109 2065 de
2141 2009 2233 2065 ce
2265 1985 2397 2087 qui
2431 2009 2525 2063 va
2563 1995 2739 2065 tous

287 2103 399 2181 les
427 2107 649 2207 jours
675 2129 771 2185 en
801 2117 1327 2207 augmentant.
1357 2111 1511 2189 Cic.
1537 2115 1699 2187 Att.
1725 2111 1817 2203 V,
1847 2109 1923 2203 7.
1963 2107 2315 2203 Quotidie
2333 2131 2419 2187 \e
2425 2109 2449 2207 1
2479 2107 2741 2207 potius

287 2227 367 2305 in
403 2231 725 2331 singulos
759 2229 915 2307 dies
951 2231 1345 2309 breviores
1379 2231 1675 2311 litteras
1715 2235 1811 2309 ad
1861 2243 1937 2311 te
1979 2233 2233 2309 mitto.
2291 2235 2437 2309 Les
2467 2231 2737 2311 lettres

289 2373 441 2451 que
463 2355 543 2453 je
575 2353 901 2431 t’envoie
941 2355 1401 2433 deviennent
1435 2355 1611 2457 plus
1657 2365 1971 2433 courtes
2015 2363 2197 2433 tous
2233 2355 2345 2431 les
2371 2355 2605 2455 jours
2639 2377 2739 2433 ou

289 2475 547 2569 plutôt
581 2477 677 2553 de
701 2477 887 2575 jour
915 2501 1013 2553 en
1041 2477 1249 2577 jour.

1470 2838 1562 2954 R

291 3161 565 3251 Rabies,
597 3169 671 3233 v.
716 3157 985 3235 mens.
1513 3167 1847 3247 Radiare,
1873 3163 1939 3235 v.
1973 3163 2247 3237 Lucere.

391 3323 619 3399 Rami.
681 3325 1055 3395 Ramalia.
1099 3319 1365 3397 Virga.
1409 3323 1735 3399 Termes.
1791 3325 2051 3399 Turio.
2109 3323 2513 3401 Surculus.
2555 3325 2743 3397 Sar¬

291 3465 621 3521 mentum.
685 3443 937 3519 Stolo.
1007 3443 1465 3521 Virgultum.
1517 3443 2023 3521 Fruticetum,
2083 3441 2151 3519 i.
2213 3441 2443 3519 Rami
2475 3451 2557 3519 et
2619 3467 2745 3519 ra¬

291 3567 521 3643 malia
529 3625 547 3661 ,
573 3565 685 3643 les
705 3565 1087 3643 branches
1115 3569 1211 3643 de
1239 3567 1517 3645 l’arbre
1549 3591 1567 3643 :
1597 3569 1797 3645 rami
1799 3623 1819 3659 ,
1845 3565 1957 3641 les
1985 3563 2369 3641 branches
2403 3565 2749 3643 vivantes

293 3699 367 3767 et
395 3693 671 3767 vertes,
727 3687 991 3783 θαλλοί;
1031 3691 1351 3767 ramalia
1357 3749 1377 3785 ,
1413 3689 1523 3767 les
1561 3687 1945 3773 branches
1989 3697 2281 3767 mortes
2319 3697 2397 3767 et
2429 3691 2739 3767 sèches.

303 3811 529 3915 Virga
537 3825 557 3907 ,
597 3823 877 3905 termes,
923 3813 1151 3909 turio,
1185 3815 1547 3909 surculus,
1583 3815 1803 3909 talea,
1833 3821 2281 3889 sarmentum
2317 3821 2397 3889 et
2425 3813 2629 3889 stolo
2653 3835 2751 3887 ne

289 3937 371 4011 se
409 3937 667 4015 disent
699 3961 851 4039 que
889 3939 1027 4015 des
1063 3957 1425 4015 rameaux
1457 3961 1475 4011 :
1513 3935 1729 4037 virga
1781 3945 1857 4011 et
1907 3933 2021 4011 les
2053 3943 2345 4013 termes
2379 3959 2603 4013 rares
2641 3937 2741 4011 de

293 4069 551 4135 termes
581 4061 803 4137 olivœ
827 4071 901 4139 et
935 4063 1135 4137 turio
1177 4059 1405 4151 lauri,
1439 4059 1761 4159 simples
1783 4079 2151 4137 rameaux
2189 4081 2365 4137 sans
2395 4061 2753 4167 idée,ac¬

293 4181 659 4273 cessoire,
709 4183 979 4271 κλάδος,
1035 4181 1239 4279 κλών,
1285 4183 1553 4285 κλήρα;
1605 4182 1945 4259 culus
1981 4189 2061 4259 et
2095 4183 2317 4277 talea,
2367 4205 2753 4259 rameaux

293 4301 745 4379 considérés
769 4325 1077 4381 comme
1107 4311 1245 4381 des
1277 4305 1669 4381 membres
1705 4313 1779 4381 et
1807 4307 1945 4381 des
1971 4305 2307 4403 rejetons
2339 4307 2437 4381 de
2463 4303 2759 4381 l’arbre

301 4417 433 4507 qui
487 4429 791 4495 servent
839 4425 883 4499 à
917 4429 991 4503 la
1027 4429 1529 4529 propagation
1577 4451 1673 4507 en
1725 4429 2017 4527 qualité
2053 4429 2149 4507 de
2203 4429 2491 4527 greffes
2527 4439 2615 4507 et
2657 4429 2759 4505 de

1137 4817 1369 4863 Kgitizedby
1383 4767 1729 4889 GoOgle
