3013 5003
1111 389 1203 443 DE
1257 389 1689 447 SYNONYMIE
1741 389 2031 449 LATINE.

2639 381 2783 449 181

341 533 631 639 nuper?
663 535 825 613 imo
861 557 1041 613 vero
1093 537 1303 615 modo
1349 561 1437 617 ac
1477 539 1705 639 plane
1753 539 1987 639 paulo
2037 547 2219 617 ante
2267 537 2631 619 vidimus.
2681 543 2797 617 De

345 681 481 737 ces
517 657 881 733 hommes
919 657 1257 737 illustres
1297 681 1491 737 nous
1531 683 1627 739 en
1655 683 1889 739 avons
1929 685 2025 737 vu
2065 661 2667 739 dernièrement.
2703 665 2797 741 Et

345 803 505 879 que
549 777 853 879 signifie
897 801 987 857 ce
1041 781 1665 861 dernièrement?
1719 787 1829 861 Ne
1885 785 1997 861 les
2051 785 2609 887 voyions-nous
2653 811 2793 887 pas

347 923 633 979 encore
663 911 835 979 tout
867 901 915 979 à
941 901 1269 995 l’heure,
1303 905 1347 981 à
1381 903 1771 983 l’instant?
1795 909 2021 985 fuse.
2051 911 2265 999 1,24.
2301 911 2599 999 Quanta
2621 931 2793 987 me¬

349 1023 601 1101 moria
635 1023 781 1101 fuit
815 1047 1055 1123 nuper
1085 1023 1561 1103 Charmadas
1589 1031 1607 1103 !
1649 1035 1931 1125 quanta
1971 1029 2099 1129 qui
2141 1029 2355 1107 modo
2385 1029 2531 1107 fuit
2561 1033 2797 1131 Scep¬

347 1143 513 1223 sius
565 1147 1101 1225 Metrodorus!
1155 1149 1275 1241 Et,
1341 1149 1533 1225 dans
1597 1171 1727 1227 ces
1789 1149 2139 1227 derniers
2193 1161 2479 1251 temps,
2537 1153 2797 1251 quelle

349 1267 731 1347 mémoire
773 1269 961 1345 chez
1009 1269 1481 1347 Charmadas
1503 1277 1521 1347 !
1573 1271 1831 1369 quelle
1887 1293 2173 1349 encore
2209 1273 2397 1351 chez
2431 1273 2795 1373 Scepsius

347 1391 863 1485 Métrodorus,
903 1389 1035 1491 qui
1063 1391 1273 1469 vient
1307 1393 1349 1469 à
1387 1393 1615 1493 peine
1649 1395 1747 1469 de
1785 1391 2239 1473 s’éteindre!

351 1577 645 1663 Ndptiæ,
687 1573 755 1647 v.
791 1573 1205 1667 Conjugium
1209 1627 1231 1651 .
1577 1579 1881 1671 Notare,
1917 1581 1985 1651 v.
2025 1581 2309 1653 Labare.

345 1687 671 1775 Nutrire,
705 1689 773 1761 v.
803 1689 1029 1761 Alere.

1530 2014 1630 2138 Ο

349 2327 829 2413 Obambulare,
855 2329 925 2397 v.
957 2327 1321 2399 Ambulare
1321 2375 1341 2397 .
1573 2327 1897 2417 Obedire,
1923 2327 1989 2397 v.
2029 2327 2309 2401 Parere.

347 2439 633 2523 Obesos,
679 2435 749 2507 v.
779 2435 1097 2529 Pinguis.
1569 2437 1777 2527 Obex,
1813 2437 1881 2509 v.
1917 2437 2107 2509 Sera.

445 2617 833 2691 Objicere.
895 2613 1417 2691 Exprobrare.
1481 2611 1819 2711 Objicere
1823 2639 1843 2707 ,
1885 2617 2245 2691 adresser
2289 2615 2335 2693 à
2365 2615 2791 2717 quelqu’un

347 2761 451 2813 un
487 2737 869 2835 reproche
903 2741 1095 2815 dont
1123 2735 1173 2811 il
1209 2745 1397 2835 peut
1443 2759 1527 2811 se
1557 2737 1897 2833 justifier
1941 2757 2253 2815 comme
2303 2737 2537 2815 d’une
2573 2761 2801 2815 accu¬

345 2859 593 2937 sation
615 2883 635 2949 ;
677 2859 1129 2957 exprobrare
1129 2917 1153 2953 ,
1189 2881 1299 2933 un
1329 2855 1589 2933 blâme
1639 2857 1823 2955 qu’il
1879 2867 1997 2935 est
2043 2857 2303 2955 obligé
2363 2861 2461 2935 de
2521 2857 2795 2937 laisser

347 3001 573 3079 peser
599 3003 733 3059 sur
757 2981 893 3057 lui.
925 2981 983 3057 L
987 2979 1351 3081 'objiciens
1381 2979 1667 3057 entend
1711 2981 1943 3079 qu’on
1973 2981 2401 3081 s’explique
2425 2981 2447 3075 ;
2487 2981 2799 3081 Yexpro-

349 3105 565 3179 brans
601 3127 697 3181 ne
727 3103 1067 3181 cherche
1101 3105 1277 3203 qu’à
1307 3103 1621 3181 couvrir
1651 3103 1747 3179 de
1779 3101 2055 3181 honte.
2099 3103 2251 3181 Cic.
2283 3105 2501 3181 Verr.
2531 3105 2625 3195 V,
2667 3107 2789 3195 50,

345 3231 515 3307 132.
549 3231 751 3303 Num
773 3249 999 3303 casus
1025 3225 1351 3303 bellicos
1371 3225 1513 3303 tibi
1537 3229 1987 3329 exprobrare
2007 3237 2141 3305 aut
2157 3227 2469 3327 objicere
2485 3225 2801 3305 videor?

341 3351 619 3425 Est-ce
653 3367 805 3449 que
831 3345 963 3445 j’ai
999 3345 1171 3421 l’air
1205 3347 1305 3423 de
1337 3343 1529 3425 tirer
1571 3355 1841 3425 contre
1895 3347 2003 3425 toi
2065 3349 2201 3425 des
2237 3347 2559 3425 hasards
2587 3347 2687 3425 de
2727 3345 2791 3421 la

347 3491 625 3567 guerre
663 3493 767 3547 un
805 3469 1009 3567 sujet
1047 3467 1145 3545 de
1181 3465 1439 3545 blâme
1479 3491 1583 3547 ou
1621 3471 1719 3547 de
1767 3469 2199 3567 reproche?

347 3661 619 3749 Obitus,
653 3657 719 3729 v.
757 3657 975 3729 Mors.

441 3839 933 3915 Oblectatio.
993 3835 1493 3915 Delectatio.
1561 3835 1969 3915 Oblectatio
1975 3895 1997 3933 ,
2029 3837 2497 3935 occupation
2529 3839 2799 3935 agréa¬

339 3959 495 4053 ble,
533 3967 1089 4057 passe-temps,
1133 3965 1625 4037 amusement
1663 3957 1799 4059 qui
1841 3959 2201 4057 préserve
2249 3961 2347 4037 de
2391 3959 2681 4035 l’ennui
2721 3975 2791 4037 et

341 4101 681 4179 procure
735 4081 1077 4181 quelque
1133 4079 1439 4177 plaisir;
1477 4079 1873 4157 delectatio
1879 4139 1897 4173 ,
1937 4079 2309 4159 véritable
2363 4081 2767 4159 divertisse

345 4209 565 4279 ment
623 4201 757 4299 qui
817 4225 1145 4299 procure
1195 4225 1349 4279 une
1395 4201 1835 4301 jouissance
1887 4203 2217 4301 positive
2271 4213 2351 4281 et
2383 4227 2487 4281 un
2527 4203 2799 4301 plaisir

341 4323 619 4405 solide.
663 4323 821 4405 Cic.
861 4327 1061 4403 Orat.
1107 4329 1163 4419 I,
1211 4329 1335 4405 26.
1377 4325 1461 4401 In
1505 4325 1603 4403 iis
1633 4325 1959 4421 artibus,
2003 4327 2085 4425 in
2117 4325 2401 4425 quibus
2449 4347 2605 4401 non
2643 4325 2769 4401 uti¬

337 4449 515 4527 litas
553 4449 933 4549 quaeritur
963 4447 1415 4539 necessaria,
1453 4449 1589 4525 sed
1627 4447 1865 4525 animi
1895 4447 2137 4525 libera
2165 4449 2527 4543 quaedam
2563 4445 2791 4521 oblec-

1887 4831 2059 4879 Digrlized
2073 4783 2119 4879 by
2133 4783 2217 4867 Ci
2223 4783 2279 4869 Ο
2409 4783 2479 4869 1C
