2947 4922
229 359 381 425 142

1291 373 1589 431 MANUEL

1389 717 1473 829 L

315 1009 643 1087 Labare.
701 1011 1107 1087 Titubare.
1167 1011 1617 1087 Vacillare.
1681 1009 2017 1087 Nutare.
2079 1009 2363 1087 Labare
2409 1033 2681 1089 carac¬

221 1125 453 1205 térise
491 1127 561 1207 le
605 1129 1227 1231 chancellement
1263 1155 1403 1231 par
1439 1141 1761 1233 rapport
1807 1155 1905 1209 au
1967 1155 2199 1231 corps
2249 1133 2499 1209 entier
2533 1133 2679 1231 qui

217 1273 317 1327 ne
349 1273 537 1349 pose
573 1253 795 1349 point
825 1277 959 1331 sur
993 1279 1147 1333 une
1195 1255 1381 1333 base
1417 1255 1667 1331 solide
1687 1267 1707 1349 ;
1753 1255 2077 1333 titubare
2083 1313 2103 1349 ,
2155 1277 2295 1353 par
2349 1263 2677 1355 rapport

217 1395 365 1449 aux
405 1373 711 1471 jambes
751 1375 881 1477 qui
919 1379 1263 1457 refusent
1291 1379 1365 1455 le
1407 1377 1701 1457 service
1727 1385 1805 1457 et
1845 1403 1927 1457 se
1967 1377 2351 1457 dérobent
2373 1403 2393 1469 ;
2437 1381 2673 1457 vacil¬

221 1497 409 1595 lare,
443 1521 585 1595 par
617 1509 935 1599 rapport
965 1525 1061 1577 au
1097 1501 1291 1579 haut
1325 1503 1433 1579 du
1471 1523 1703 1601 corps
1735 1501 1867 1601 qui
1909 1505 2031 1579 n’a
2055 1501 2275 1603 point
2309 1525 2465 1579 une
2499 1501 2681 1579 atti¬

217 1621 405 1697 tude
443 1619 723 1715 droite,
755 1621 1197 1721 tranquille,
1227 1627 1447 1719 sûre;
1493 1625 1733 1717 enfin,
1763 1635 2029 1699 nutare
2033 1681 2053 1715 ,
2085 1643 2229 1721 par
2263 1633 2593 1721 rapport
2627 1621 2675 1699 à

221 1743 291 1819 la
319 1749 479 1821 tête
517 1743 647 1843 qui
689 1765 787 1821 ne
819 1765 901 1821 se
933 1743 1275 1823 soutient
1297 1745 1505 1843 plus.
1535 1747 1637 1821 Le
1671 1745 1997 1821 titubans
2023 1765 2345 1823 menace
2373 1745 2473 1821 de
2501 1743 2677 1821 s'af¬

219 1865 491 1943 faisser
533 1889 665 1943 sur
707 1865 1113 1945 lui-même
1141 1891 1165 1967 ;
1219 1865 1291 1943 le
1337 1867 1701 1945 vacillans
1707 1925 1731 1963 ,
1781 1871 1879 1945 de
1927 1867 2239 1945 tomber
2271 1867 2321 1945 à
2363 1867 2439 1943 la
2489 1891 2671 1947 ren¬

219 2011 461 2067 verse.
499 1989 603 2065 La
643 1989 995 2067 titubatio
1039 2001 1157 2069 est
1193 1991 1509 2071 l’indice
1539 1993 1639 2071 de
1675 1989 1749 2067 la
1783 1989 2145 2067 faiblesse
2173 1991 2617 2089 corporelle
2645 2017 2665 2085 ;

221 2111 291 2189 la
315 2111 703 2189 vacillatio
711 2171 729 2207 ,
753 2115 941 2191 d’un
971 2137 1311 2217 manque
1347 2117 1445 2191 de
1479 2115 1771 2215 dignité
1801 2113 2257 2209 extérieure,
2293 2117 2391 2191 de
2415 2115 2671 2193 calme

221 2243 299 2313 et
323 2235 421 2313 de
457 2235 825 2315 décence.

219 2421 461 2511 Labes,
497 2421 569 2495 v.
621 2421 879 2495 Vitium
881 2473 903 2495 .

315 2603 525 2681 Labi.
583 2603 915 2683 Cadere.
973 2603 1191 2699 Labi,
1247 2603 1587 2697 tomber,
1635 2629 1771 2703 par
1805 2613 2131 2701 rapport
2175 2625 2271 2679 au
2305 2603 2529 2701 point
2563 2603 2665 2681 de

217 2725 491 2825 départ
529 2737 607 2803 et
651 2727 695 2803 à
729 2725 1063 2827 l’espace
1107 2749 1257 2825 que
1293 2725 1367 2805 le
1403 2747 1635 2827 corps
1667 2737 2005 2805 traverse
2043 2729 2233 2803 dans
2279 2749 2361 2803 sa
2391 2727 2659 2819 chute,

211 2851 489 2925 tendre
523 2873 693 2927 vers
723 2849 795 2925 la
839 2853 1065 2941 terre,
1097 2851 1431 2943 όλισθεϊν;
1469 2849 1751 2943 cadere,
1789 2849 2127 2943 tomber,
2159 2873 2301 2947 par
2341 2855 2667 2947 rapport

213 2995 313 3047 au
345 2971 565 3069 point
599 2993 751 3071 que
789 2973 861 3049 le
897 2995 1127 3073 corps
1155 2971 1431 3051 atteint
1463 2995 1561 3049 au
1601 2971 1795 3049 bout
1831 2975 1927 3047 de
1955 2995 2041 3049 sa
2069 2971 2329 3065 chute,
2373 2971 2669 3049 arriver

213 3093 257 3169 à
287 3101 513 3187 terre,
557 3095 811 3173 «εσεΤν.
853 3095 1067 3173 Virg.
1109 3097 1283 3173 Æn.
1321 3093 1445 3187 VI,
1483 3091 1653 3171 310.
1687 3091 1931 3191 Lapsa
1963 3095 2239 3169 cadunt
2273 3093 2479 3171 folia.
2517 3093 2667 3169 Les

213 3215 517 3295 feuilles
553 3241 633 3295 se
675 3217 1119 3311 détachent,
1161 3215 1489 3315 glissent
1529 3225 1607 3293 et
1649 3215 2025 3293 tombent.
2075 3217 2225 3293 Cic.
2273 3217 2485 3293 Brut.
2529 3219 2657 3293 49.

213 3337 505 3427 Quibus
569 3337 773 3417 vitiis
827 3341 1125 3417 labatur
1179 3347 1315 3417 aut
1369 3337 1585 3415 cadat
1629 3339 1919 3415 orator.
1981 3339 2123 3417 Les
2181 3339 2485 3417 défauts
2519 3335 2659 3437 qui

213 3463 531 3561 égarent
561 3485 665 3541 ou
707 3471 1157 3539 renversent
1193 3461 1581 3537 l’orateur.

309 3587 581 3663 Labor.
625 3585 1033 3661 Molestia.
1075 3585 1453 3661 Ærumna.
1503 3591 1537 3661 1
1553 3583 1573 3661 .
1615 3583 1883 3677 Labor,
1923 3583 1995 3661 le
2031 3583 2291 3663 travail
2333 3581 2465 3683 qui
2501 3591 2665 3661 met

213 3705 325 3785 les
357 3709 607 3787 forces
657 3707 921 3807 enjeu
969 3713 1045 3785 et
1077 3705 1391 3805 fatigue,
1443 3705 1671 3801 «όνος;
1717 3707 2079 3801 molestia,
2117 3705 2189 3783 la
2241 3705 2473 3803 peine
2525 3705 2661 3805 qui

213 3829 347 3907 fait
367 3835 609 3911 naître
625 3831 697 3907 la
715 3829 1103 3909 mauvaise
1121 3829 1461 3905 humeur
1481 3851 1715 3927 parce
1735 3829 2017 3927 qu’elle
2033 3841 2147 3907 est
2167 3839 2341 3927 trop
2363 3829 2661 3925 grande

213 3977 313 4029 ou
355 3955 633 4053 qu’elle
657 3955 865 4033 vient
893 3953 1041 4029 mal
1069 3951 1115 4029 à
1151 3973 1465 4053 propos,
1505 3951 1889 4053 χαλεπότης
1913 3977 1933 4043 ;
1965 3977 2313 4029 œrumma
2317 4005 2339 4047 ,
2381 3951 2663 4027 l’acca¬

209 4073 561 4155 blement
585 4077 715 4175 qui
755 4097 1115 4173 surpasse
1151 4097 1489 4171 presque
1525 4073 1639 4151 les
1671 4077 1925 4153 forces
1955 4075 2363 4151 humaines
2395 4081 2471 4151 et
2501 4083 2659 4151 ter¬

209 4221 419 4275 rasse
445 4199 517 4275 le
537 4197 769 4277 héros
797 4205 1081 4291 même,
1113 4197 1575 4299 ταλαιπωρία;
1611 4201 1801 4275 c’est
1823 4221 1929 4273 un
1959 4207 2209 4277 terme
2239 4197 2657 4295 archaïque

213 4331 289 4399 et
345 4323 391 4397 à
431 4321 641 4397 demi
685 4321 1077 4419 poétique.
1121 4319 1275 4397 Cic.
1341 4319 1565 4397 Finn.
1619 4321 1709 4413 V,
1751 4323 1875 4397 32.
1921 4321 2017 4399 Ut
2065 4319 2197 4395 ubi
2255 4317 2497 4395 virtus
2557 4319 2659 4397 sit

213 4465 493 4543 resque
529 4465 831 4537 magnæ
865 4449 943 4519 et
973 4463 1279 4521 summe
1309 4441 1747 4521 laudabiles
1769 4443 2051 4521 virtute
2085 4441 2499 4541 resgestæ,
2541 4441 2651 4519 ibi

1137 4745 1309 4795 Digitized
1325 4697 1369 4793 by
1383 4697 1729 4819 CjOO^Ic
