3013 5045
1057 403 1149 457 DE
1201 401 1633 459 SYNONYMIE
1685 401 1977 457 LATINE.

2585 393 2729 461 421

291 551 719 631 m’arrivait
751 575 857 629 un
893 553 991 633 de
1027 575 1159 631 ces
1191 553 1591 631 accidents
1631 555 2009 651 auxquels
2039 553 2109 629 la
2145 575 2431 651 pauvre
2467 553 2743 631 huma¬

295 673 461 751 nité
499 685 619 751 est
655 675 963 775 sujette.
1007 675 1433 777 Comparez
1493 679 1677 755 avec
1711 679 1923 755 Tuse.
1991 679 2079 769 II,
2129 679 2257 769 27,
2319 681 2441 757 65,
2495 677 2749 761 jSræci

297 795 621 873 morbos
657 797 1079 875 tolerantes
1117 799 1193 875 et
1229 799 1541 875 humane
1573 799 1859 877 ferunt.
1897 799 2179 879 Contre
2209 801 2347 875 des
2373 799 2751 877 maladies

295 917 345 993 à
367 927 785 1017 supporter
813 921 927 997 les
951 921 1191 999 Grecs
1215 929 1395 999 sont
1417 923 1639 1015 forts,
1697 921 1795 999 ils
1849 929 2027 999 sont
2073 921 2463 1013 hommes,
2497 931 2577 999 et
2599 923 2747 1011 Qu.

293 1041 425 1117 Fr.
463 1043 555 1135 II,
595 1043 665 1119 4.
713 1041 931 1119 Fecit
955 1041 1375 1121 humaniter
1395 1043 1767 1139 Licinius,
1809 1045 2019 1141 quod
2055 1045 2151 1119 ad
2183 1065 2311 1121 me
2347 1043 2591 1121 misso
2631 1067 2753 1129 se¬

295 1171 489 1241 natu
513 1167 813 1265 vesperi
839 1163 1071 1243 venit.
1105 1169 1311 1245 C’est
1333 1191 1439 1243 un
1467 1159 1805 1245 aimable
1829 1167 2153 1241 homme
2181 1167 2333 1265 que
2365 1163 2705 1259 Licinius
2727 1191 2749 1259 ;

297 1283 351 1359 il
393 1295 513 1363 est
541 1311 741 1367 venu
781 1289 969 1365 chez
997 1287 1157 1365 moi
1191 1289 1265 1367 le
1303 1289 1461 1367 soir
1497 1289 1727 1389 après
1763 1289 1839 1365 la
1869 1289 2177 1367 clôture
2209 1291 2315 1365 du
2353 1289 2595 1369 sénat.

299 1451 617 1539 Homare,
647 1451 713 1523 V.
753 1451 1075 1543 Sepelire.
1543 1455 1889 1545 Humerus,
1911 1453 1981 1525 V.
2011 1453 2291 1525 Armus.

305 1563 645 1651 Humidus,
681 1563 747 1637 v.
803 1563 1013 1633 Udus.
1541 1565 1807 1653 Humus,
1825 1565 1891 1635 v.
1939 1565 2191 1637 Tellus.

1361 1903 1401 2017 I
1469 1903 1721 2017 —J

301 2163 583 2255 Jacere,
619 2163 685 2237 v.
725 2163 991 2237 Cubare
993 2215 1013 2235 .

407 2323 795 2403 Jactatio.
851 2325 1279 2401 Gloriatio.
1333 2323 1829 2401 Ostentatio.
1889 2323 2383 2401 Venditatio.
2443 2323 2775 2399 Jactatio

315 2455 393 2547 et
427 2443 815 2547 gloriatio,
851 2447 1159 2523 défauts
1189 2445 1325 2547 qui
1357 2455 1495 2523 ont
1527 2445 1699 2523 leur
1727 2445 2031 2549 origine
2067 2449 2261 2523 dans
2305 2445 2369 2523 la
2405 2443 2661 2523 vanité
2699 2451 2779 2521 et

307 2575 385 2651 la
409 2571 821 2651 suffisance
847 2573 863 2671 :
871 2571 1205 2671 jactatio
1211 2629 1227 2663 ,
1261 2569 1525 2649 défaut
1557 2573 1661 2647 du
1689 2573 1797 2647 fat
1813 2569 1947 2671 qui
1971 2593 2051 2649 se
2081 2573 2339 2649 donne
2361 2573 2459 2647 de
2487 2571 2777 2669 grands

313 2697 499 2791 airs,
547 2695 681 2797 qui
729 2693 869 2771 fait
903 2695 1203 2791 étalage
1243 2697 1341 2771 de
1393 2715 1517 2771 ses
1569 2703 1979 2793 avantages
2017 2703 2095 2771 et
2131 2697 2227 2771 de
2267 2717 2389 2769 ses
2419 2691 2771 2787 mérites,

315 2821 455 2921 qui
491 2819 603 2895 les
633 2815 769 2895 fait
803 2819 1165 2895 ressortir
1199 2841 1337 2915 par
1361 2839 1483 2895 ses
1509 2817 1817 2915 paroles
1851 2825 1929 2897 et
1953 2839 2077 2895 ses
2103 2825 2385 2915 gestes,
2415 2837 2599 2891 avec
2623 2837 2779 2891 une

307 2941 497 3019 idée
521 2941 953 3019 accessoire
983 2939 1541 3041 d’étourderie;
1579 2941 1931 3041 gloriatio
1941 3003 1957 3035 ,
1991 2941 2255 3019 défaut
2283 2941 2389 3017 du
2421 2939 2777 3015 fanfaron

313 3061 459 3161 qui
495 3061 761 3161 publie
795 3063 1255 3141 hautement
1291 3087 1411 3141 ses
1447 3073 1861 3161 avantages
1903 3085 2009 3141 ou
2043 3085 2169 3139 ses
2201 3061 2551 3151 mérites,
2591 3083 2777 3137 avec

317 3209 477 3263 une
509 3185 685 3265 idée
719 3187 1153 3265 accessoire
1181 3185 1861 3289 d’impertinence.
1907 3185 1987 3261 U
1991 3185 2381 3263 ostentatio
2411 3195 2487 3261 et
2517 3183 2591 3259 la
2617 3207 2781 3259 ven¬

313 3307 599 3385 ditatio
661 3317 801 3387 ont
849 3311 1019 3387 leur
1075 3311 1375 3409 origine
1427 3311 1617 3387 dans
1651 3333 1751 3385 un
1793 3307 2041 3385 calcul
2097 3307 2359 3385 habile
2397 3307 2493 3383 de
2543 3305 2783 3383 l’effet

317 3433 561 3531 qu’on
583 3441 771 3531 peut
801 3435 991 3511 tirer
1031 3435 1261 3511 d’une
1297 3431 1631 3511 fausseté
1679 3457 1697 3509 :
1737 3431 2293 3525 l’ostentation,
2353 3429 2779 3525 ostentatio,

321 3555 667 3633 cherche
703 3559 749 3635 à
785 3557 1149 3657 déguiser
1203 3579 1385 3633 sous
1431 3557 1571 3631 des
1623 3577 2101 3655 apparences
2157 3549 2563 3629 brillantes
2627 3573 2779 3627 une

319 3681 693 3779 pauvreté
763 3679 1035 3775 réelle;
1093 3681 1167 3757 la
1221 3677 1869 3779 représentation,
1913 3675 2347 3769 venditatio,
2403 3683 2585 3751 veut
2645 3697 2785 3771 pa¬

317 3803 561 3879 raître
625 3825 725 3879 en
793 3803 1069 3879 faisant
1135 3801 1381 3879 valoir
1453 3809 1683 3879 outre
1759 3823 2069 3877 mesure
2143 3799 2477 3877 certains
2545 3821 2781 3875 avan¬

321 3937 569 4021 tages.

313 4097 657 4181 Jactura,
705 4091 771 4161 v.
817 4091 1089 4161 Mittere
1141 4091 1209 4161 et
1261 4091 1475 4159 Dam-
1563 4091 1899 4179 Jacui.um,
1933 4087 1999 4159 v.
2037 4087 2317 4159 Missile,

425 4227 619 4275 num.

321 4321 589 4397 Janua,
623 4311 693 4385 v.
737 4311 1021 4385 Ostium.
1563 4315 1789 4401 Icere,
1821 4313 1889 4385 v.
1933 4313 2319 4385 Verberare.

441 4477 777 4553 Idoneos.
841 4469 1103 4549 Aptos.
1169 4469 1473 4547 Idoneus
1475 4493 1501 4571 ,
1557 4469 1693 4571 qui
1733 4493 1777 4547 a
1813 4493 1905 4549 ce
1951 4471 2141 4569 qu’il
2181 4471 2343 4549 faut
2393 4493 2593 4571 pour
2627 4471 2791 4543 être

2453 4611 2489 4663 6

1885 4869 2059 4917 Digitized
2073 4869 2121 4921 by
2133 4821 2215 4905 G
2223 4851 2399 4941 OO^
2409 4821 2481 4905 IC
