3013 5001
205 435 357 505 188

1279 449 1583 505 MANUEL

199 595 459 695 pirent
479 599 585 675 du
607 599 893 697 dégoût
913 621 933 693 ;
963 599 1233 675 oletum
1239 657 1259 695 ,
1291 601 1779 679 excréments
1803 601 1901 677 de
1927 599 2337 691 l’homme;
2373 595 2663 695 merda,

203 723 341 801 des
377 719 769 797 animaux.

203 913 369 997 Lux,
407 911 475 981 v.
509 911 791 985 Lumen.

301 1087 573 1165 Luxus.
631 1085 993 1165 Luxuria.
1053 1085 1345 1179 Luxus,
1381 1109 1619 1185 usage
1659 1109 1759 1165 ou
1793 1085 2089 1187 étalage
2115 1087 2223 1163 du
2249 1087 2453 1181 luxe,
2483 1107 2667 1185 par¬

203 1211 353 1289 fois
385 1215 649 1287 même
673 1209 889 1309 objet
921 1211 1015 1287 de
1053 1209 1267 1301 luxe;
1313 1209 1629 1285 luxuria
1673 1217 1837 1287 met
1877 1213 2229 1309 toujours
2277 1209 2665 1287 l’homme

205 1355 299 1411 en
323 1335 461 1433 jeu
483 1359 505 1427 ;
549 1335 741 1411 c’est
763 1355 917 1411 une
939 1331 1433 1431 disposition,
1459 1355 1615 1411 une
1631 1331 2113 1429 inclination,
2141 1355 2247 1411 un
2265 1333 2669 1431 penchant

203 1479 299 1533 au
341 1455 545 1533 luxe.
589 1455 763 1533 Sen.
801 1457 897 1533 Ir.
935 1457 993 1551 I,
1037 1459 1161 1533 41.
1187 1453 1489 1531 Animis
1521 1453 1869 1541 delicias,
1901 1455 2165 1533 luxum
2173 1479 2193 1553 ,
2221 1479 2411 1553 opes
2439 1453 2669 1553 igno¬

205 1577 581 1657 rantibus.
621 1579 761 1655 Ces
787 1585 1003 1655 âmes
1035 1577 1483 1679 auxquelles
1515 1575 1629 1653 les
1649 1577 2163 1677 jouissances,
2199 1577 2271 1653 le
2299 1577 2501 1667 luxe,
2539 1575 2667 1653 les

205 1701 591 1779 richesses
615 1709 793 1779 sont
825 1699 1283 1779 inconnues.
1309 1701 1403 1777 Et
1429 1723 1537 1777 un
1563 1723 1713 1795 peu
1741 1701 1915 1801 plus
1941 1699 2101 1777 loin
2139 1701 2155 1777 :
2191 1697 2673 1799 Opinionem

209 1825 545 1903 luxuriœ
601 1821 1135 1923 segnitiæque.
1197 1823 1341 1899 Les
1391 1821 1739 1899 lenteurs
1791 1823 1887 1899 de
1941 1823 2259 1925 Scipion
2309 1821 2381 1897 le
2429 1823 2673 1899 firent

209 1969 703 2047 soupçonner
749 1943 1079 2021 d’aimer
1123 1945 1197 2021 le
1251 1943 1431 2021 luxe
1483 1953 1561 2021 et
1607 1943 1679 2021 le
1725 1945 1993 2043 repos.
2059 1943 2273 2021 Sàll.
2323 1943 2481 2021 Cat.
2527 1947 2661 2021 13.

207 2071 535 2149 Romani
571 2071 857 2145 famem
895 2075 1029 2147 aut
1059 2067 1365 2147 sitim...
1407 2069 1597 2143 luxu
1629 2075 1803 2145 ante
1839 2089 2149 2165 capere,
2183 2065 2673 2145 c’est-à-dire

211 2215 353 2293 par
391 2217 501 2269 un
535 2193 1031 2269 raffinement
1059 2215 1211 2293 que
1237 2191 1311 2269 le
1341 2191 1521 2267 luxe
1557 2189 1757 2267 avait
1791 2189 2193 2267 introduit.
2235 2185 2669 2285 Comparez

209 2339 389 2393 avec
423 2319 601 2415 Jug.
641 2319 741 2393 90
779 2315 911 2413 (ou
939 2317 1035 2393 85
1075 2313 1135 2411 *,
1169 2337 1337 2391 vers
1365 2315 1443 2391 la
1477 2315 1587 2389 fin
1631 2315 1737 2389 du
1771 2311 2125 2391 discours
2159 2313 2255 2389 de
2303 2309 2661 2411 Marius).

209 2439 561 2517 Luxuria
597 2445 835 2539 atque
889 2437 1213 2537 ignavia,
1261 2435 1627 2537 pessimae
1677 2435 1905 2531 artes,
1957 2435 2267 2513 luxuria
2275 2455 2295 2531 ,
2333 2435 2661 2513 c’est-à-

213 2561 379 2639 dire
417 2563 489 2639 la
521 2561 779 2639 manie
809 2563 917 2637 du
951 2557 1249 2659 plaisir.

213 2751 637 2833 Lymphatus,
675 2747 735 2815 v.
773 2747 1047 2817 Amens.

207 2859 611 2943 Macellum,
655 2859 731 2927 v.
771 2859 1095 2927 Laniena.
1423 2857 1683 2943 Macer,
1719 2853 1789 2925 v.
1819 2853 2083 2925 Exilis.

207 2969 539 3053 Maceria,
577 2967 655 3037 v.
685 2967 953 3037 Murus.
1427 2967 1735 3051 Macula,
1771 2965 1839 3037 v.
1877 2965 2167 3037 Vitium.

209 3081 541 3165 Madidus,
589 3079 665 3149 v.
717 3077 927 3149 Udus.
1429 3077 1797 3167 Magister,
1833 3079 1901 3147 v.
1949 3079 2217 3149 Doetor.

213 3191 651 3279 Magnopere,
693 3191 755 3259 v.
789 3191 1151 3279 Perquam.

307 3369 637 3445 Magnus.
715 3367 1073 3441 Grandis.
1149 3369 1465 3443 Amplus.
1547 3365 1837 3441 Ingens.
1911 3365 2251 3441 Immanis.
2329 3363 2657 3441 Vastus.

213 3491 287 3569 4.
317 3491 629 3589 Magnus
635 3515 653 3589 ,
683 3485 993 3589 grandis
1019 3493 1097 3567 et
1119 3487 1415 3587 amplus
1439 3485 1877 3585 expriment
1893 3509 2043 3563 une
2061 3487 2453 3585 grandeur
2477 3509 2673 3565 con¬

213 3611 535 3707 venable
559 3613 579 3707 ;
625 3613 877 3711 ingens
883 3613 903 3705 ,
941 3609 1283 3687 immanis
1327 3621 1403 3687 et
1439 3621 1713 3691 vastus,
1757 3631 1909 3685 une
1945 3611 2333 3709 grandeur
2385 3631 2667 3687 exces¬

217 3735 401 3811 sive.
445 3735 621 3811 Sen.
665 3737 761 3809 Ir.
807 3737 865 3827 I,
909 3737 1031 3827 16,
1067 3735 1191 3809 26.
1235 3733 1397 3811 Nec
1439 3731 1649 3809 enim
1687 3729 2119 3833 magnitudo
2153 3731 2299 3807 ista
2335 3739 2485 3827 est,
2521 3735 2667 3809 sed

217 3857 669 3933 immanitas.
707 3857 811 3933 Ce
849 3857 1047 3931 n’est
1091 3879 1231 3955 pas
1281 3855 1353 3931 le
1389 3855 1717 3953 langage
1763 3855 1949 3931 d’un
2001 3855 2243 3953 grand
2303 3855 2663 3949 homme,

217 3981 409 4057 c’est
437 3977 639 4057 celui
681 3979 863 4053 d’un
895 3983 1277 4057 monstre.

313 4101 387 4177 2.
445 4101 757 4199 Magnus
795 4099 1143 4199 exprime
1191 4099 1265 4175 la
1299 4101 1693 4199 grandeur
1741 4123 1919 4177 sans
1965 4099 2147 4177 idée
2187 4097 2659 4197 accessoire,

215 4243 359 4321 par
403 4221 849 4317 opposition
873 4223 919 4323 à
937 4247 1243 4323 parvus,
1275 4243 1587 4321 comme
1617 4247 1865 4323 μεγας;
1899 4219 2239 4323 grandis,
2285 4243 2469 4299 avec
2509 4245 2669 4299 une

357 4517 527 4573 Dans
557 4515 621 4571 la
647 4517 963 4581 collection
997 4523 1279 4585 Lemaire
1311 4531 1375 4583 et
1405 4521 1467 4581 la
1503 4523 1825 4587 collection
1853 4525 2279 4587 Panckoucke.

1887 4827 2059 4873 Digitized
2075 4827 2121 4873 by
2133 4777 2215 4863 G
2223 4803 2401 4899 OO^
2409 4777 2479 4863 le
