2900 4920
983 299 1079 353 DE
1137 293 1563 355 SYNONYMIE
1619 294 1907 352 LATINE.

2507 287 2653 357 263

226 446 372 523 che
406 446 480 522 le
512 448 770 546 profit.
816 447 1040 523 Flor.
1072 449 1162 541 II,
1200 445 1274 521 6.
1320 442 1700 519 Hannibal
1758 466 2006 542 quum
2038 443 2356 521 victoria
2408 452 2674 543 posset

224 568 374 668 ulr,
426 568 596 668 frui
650 565 946 645 maluit.
998 565 1332 665 Annibal
1384 564 1698 665 pouvait
1754 588 1936 644 user
1976 568 2074 644 de
2112 591 2194 643 sa
2228 565 2574 661 victoire,
2618 564 2674 641 il

226 688 428 767 aima
462 690 728 766 mieux
766 712 862 768 en
890 689 1128 789 jouir.
1170 691 1322 767 Cic.
1364 689 1590 764 Rose.
1632 688 1808 766 Am.
1842 689 2174 782 45,131.
2208 689 2672 784 Commoda,

228 812 512 913 quibus
552 814 868 904 utimur,
912 813 1196 907 lucem,
1242 813 1396 911 qua
1436 812 1802 909 fruimur,
1846 812 2392 913 spiritumque,
2438 832 2674 911 quem

222 936 619 1030 ducimus,
658 958 701 1010 a
732 938 895 1012 Deo
926 935 1153 1013 nobis
1186 935 1381 1011 dari.
1418 934 1563 1012 Les
1598 944 2005 1034 avantages
2040 937 2233 1013 dont
2266 957 2461 1011 nous
2490 957 2675 1031 pro¬

223 1060 455 1135 fitons
487 1064 661 1134 tous
693 1058 807 1134 les
833 1057 1081 1158 jours,
1129 1057 1203 1133 la
1241 1059 1569 1135 lumière
1601 1058 1789 1136 dont
1821 1080 2017 1136 nous
2041 1057 2465 1156 jouissons,
2505 1055 2675 1133 l’air

219 1202 377 1279 que
415 1204 613 1256 nous
651 1177 1043 1280 respirons
1091 1187 1271 1255 sont
1311 1181 1447 1257 des
1499 1180 1699 1256 dons
1751 1180 1847 1256 de
1895 1180 2115 1258 Dieu.
2151 1181 2301 1257 Cic.
2341 1183 2499 1255 Cat.
2545 1180 2669 1272 ΙΠ,

217 1306 295 1396 2,
335 1306 409 1378 5.
457 1304 801 1392 Quorum
841 1323 1179 1399 opera...
1225 1303 1533 1379 assidue
1573 1316 1781 1378 utor.
1815 1304 1905 1382 Je
1941 1303 2221 1402 profite
2273 1309 2671 1379 constam¬

221 1432 445 1502 ment
479 1426 577 1500 de
625 1424 797 1502 leur
853 1423 1183 1503 activité.
1249 1427 1675 1523 Comparez
1717 1448 1899 1502 avec
1931 1424 2157 1502 Finn.
2197 1427 2289 1519 II,
2321 1427 2447 1517 35,
2491 1427 2665 1501 418.

217 1553 306 1627 In
332 1570 454 1648 ea,
488 1570 722 1648 quam
758 1569 946 1649 sœpe
974 1549 1398 1649 usurpabas,
1441 1548 2000 1648 tranquillitate
2039 1547 2322 1645 degere
2358 1566 2674 1623 omnem

214 1672 486 1749 vitam.
536 1670 838 1748 Laisser
888 1671 1158 1749 couler
1204 1695 1284 1749 sa
1328 1671 1448 1751 vie
1500 1672 1794 1750 entière
1854 1674 2048 1748 dans
2084 1671 2160 1747 la
2192 1668 2674 1767 tranquillité

216 1820 376 1897 que
420 1800 508 1872 tu
560 1814 646 1870 as
682 1816 772 1870 su
804 1804 1114 1871 trouver
1148 1817 1246 1871 en
1290 1795 1582 1873 mainte
1628 1794 2022 1872 occasion.
2076 1795 2228 1871 Cic.
2290 1793 2496 1871 Orat.
2544 1797 2668 1884 51,

212 1920 398 1997 169.
454 1918 638 1992 Post
668 1914 974 1995 inventa
1012 1919 1412 1997 conclusio
1450 1926 1592 2012 est,
1634 1940 1786 2016 qua
1814 1920 2054 1996 credo
2086 1939 2346 1991 usuros
2378 1923 2676 1993 veteres

206 2038 396 2119 illos
434 2038 700 2134 fuisse,
742 2040 806 2140 si
844 2041 1014 2140 jam
1048 2049 1232 2119 nota
1282 2049 1360 2119 et
1388 2054 1750 2142 usurpata
1794 2064 1916 2118 res
1950 2039 2178 2118 esset.
2216 2039 2322 2113 La
2348 2039 2670 2137 période

207 2164 559 2245 oratoire
595 2164 717 2240 fut
764 2162 1121 2241 inventée
1155 2163 1335 2261 plus
1385 2166 1555 2241 tard
1577 2190 1597 2258 ;
1631 2166 1711 2264 je
1763 2164 1965 2242 crois
2009 2185 2163 2262 que
2199 2163 2311 2239 les
2349 2161 2673 2239 anciens

199 2313 307 2367 en
373 2284 725 2364 auraient
777 2287 915 2363 fait
969 2309 1205 2385 usage
1259 2285 1421 2363 s’ils
1467 2286 1825 2366 l’avaient
1879 2307 2187 2364 connue
2239 2293 2319 2363 et
2361 2309 2461 2361 vu
2497 2305 2665 2363 em¬

203 2410 521 2513 ployer.

197 2605 499 2690 Utique,
533 2602 599 2674 v.
633 2602 877 2674 Plane.
1451 2602 1721 2692 Uvidus,
1767 2602 1839 2672 v.
1899 2600 2109 2672 Udus.

195 2721 434 2802 Uxoa,
463 2714 534 2786 v.
569 2714 902 2785 Fœmina.

1396 3046 1498 3161 V

287 3390 645 3464 Vacare.
699 3386 997 3462 Otiari.
1055 3385 1405 3459 Feriari.
1467 3380 1841 3458 Cessare.
1909 3378 2135 3454 Nihil
2177 3375 2455 3453 agere.
2533 3375 2669 3451 Va¬

195 3536 401 3604 care,
451 3506 665 3586 avoir
705 3530 847 3584 son
881 3515 1137 3605 temps
1177 3505 1407 3597 libre,
1465 3526 1607 3600 par
1641 3498 2091 3602 opposition
2129 3499 2177 3577 à
2209 3497 2231 3573 1
2243 3499 2669 3601 'occupatio,

195 3632 337 3731 qui
379 3628 649 3728 oblige
687 3654 785 3706 au
811 3627 1119 3723 travail;
1167 3627 1431 3721 otiari,
1475 3624 1771 3702 n’avoir
1803 3624 2023 3724 point
2077 3621 2491 3711 d’affaires,
2535 3645 2675 3721 par

193 3752 667 3855 opposition
693 3775 847 3830 aux
885 3749 1203 3853 negotia,
1243 3749 1379 3847 qui
1415 3750 1589 3825 font
1619 3750 1723 3826 du
1755 3746 2019 3826 travail
2061 3771 2167 3821 un
2209 3745 2519 3845 devoir;
2561 3745 2675 3845 fe¬

197 3878 432 3972 riari,
463 3874 678 3976 jouir
701 3878 810 3952 du
843 3897 1076 3973 repos
1107 3877 1247 3951 des
1269 3873 1491 3971 jours
1519 3872 1623 3946 de
1655 3872 1836 3964 fête,
1877 3894 2017 3966 par
2045 3869 2491 3967 opposition
2519 3869 2565 3945 à
2601 3869 2675 3945 la

192 3997 552 4098 besogne
592 3997 1072 4098 journalière
1100 4021 1120 4091 ;
1158 4019 1466 4091 cessare,
1508 4016 1770 4070 cesser
1808 4014 1950 4070 son
1982 3989 2246 4070 travail
2308 3997 2386 4067 et
2430 4011 2512 4067 se
2548 4009 2672 4067 re¬

194 4143 468 4219 poser,
510 4144 654 4218 par
690 4119 1140 4220 opposition
1170 4119 1216 4197 à
1256 4117 1328 4195 la
1360 4116 1590 4217 peine
1636 4118 1872 4218 qu’on
1908 4116 2116 4194 vient
2156 4113 2258 4189 de
2286 4115 2664 4211 prendre;

192 4240 404 4320 nihil
442 4268 686 4344 agere,
728 4266 826 4320 ne
874 4241 1042 4321 rien
1080 4241 1298 4339 faire,
1352 4265 1494 4339 par
1548 4238 1994 4338 opposition
2050 4237 2096 4313 à
2140 4231 2502 4313 l’activité
2568 4256 2664 4309 en

198 4364 548 4459 général.
