3013 5010
1369 363 1669 423 MANCEL

297 361 447 429 116

285 525 357 601 le
383 521 733 623 symbole
753 523 851 599 de
871 517 1323 597 l’obscurité
1349 515 1481 615 qui
1505 513 1757 593 abrite
1775 523 1857 593 et
1877 517 2225 615 protège.
2249 519 2401 597 Cic.
2427 517 2589 595 Pis.
2617 523 2739 597 37.

281 645 567 741 Ætolia
613 643 885 741 procul
929 641 975 719 a
1007 639 1363 717 barbaris
1413 637 1803 739 disjuncta
1833 637 2197 739 gentibus
2235 639 2313 715 in
2341 641 2517 743 sinu
2535 649 2751 743 pacis

281 769 533 867 posita
561 767 825 843 medio
861 765 1025 841 fere
1061 761 1387 859 Græciæ
1417 761 1699 859 gremio
1729 761 2201 839 continetur.
2235 761 2573 861 Séparée
2609 763 2745 839 des

279 913 499 969 races
535 889 907 965 barbares
937 911 1079 985 par
1117 907 1261 963 son
1301 885 1857 981 éloignement,
1905 881 2153 963 située
2199 909 2299 961 au
2337 885 2505 961 sein
2539 885 2639 963 de
2675 885 2747 961 la

279 1013 489 1113 paix,
521 995 827 1089 l’Étolie
875 1031 973 1087 ne
999 1009 1299 1087 s’étend
1335 1029 1473 1105 pas
1499 1005 1689 1083 hors
1717 1007 1821 1081 du
1855 1005 2081 1103 giron
2127 1009 2225 1085 de
2261 1007 2335 1085 la
2361 1009 2639 1087 Grèce.

275 1201 595 1285 Ghessds,
627 1197 697 1269 v.
743 1197 1039 1269 Gradus.
1503 1197 1719 1283 Grex,
1743 1195 1813 1267 v.
1853 1195 2139 1267 Caterva
2183 1197 2257 1269 et
2287 1197 2531 1269 Pecus.

279 1313 585 1399 Grümds,
633 1307 699 1381 v.
745 1307 987 1381 Collis.
1505 1309 1723 1393 Gula,
1755 1309 1821 1379 v.
1863 1309 2083 1379 Faux.

277 1423 571 1513 Gorges,
595 1423 663 1491 v.
709 1423 991 1509 Vorago.
1501 1419 1877 1507 Gcrgulio,
1915 1421 1983 1491 v.
2021 1421 2239 1491 Faux.

277 1531 561 1621 Güstüs,
601 1531 935 1621 Güstare,
975 1529 1039 1599 v.
1073 1529 1317 1621 Sapor.

379 1713 663 1789 Gutta.
725 1711 1021 1787 Stilla.
1081 1707 1371 1787 Stiria.
1413 1707 1669 1791 Gutta,
1713 1717 1981 1809 goutte
2023 1707 2405 1799 naturelle
2435 1731 2453 1799 ;
2487 1709 2739 1805 stilla,

279 1839 547 1931 goutte
579 1831 939 1909 mesurée
971 1829 1655 1909 artificiellement.
1689 1831 1893 1909 C’est
1931 1831 2325 1909 d’ailleurs
2369 1831 2605 1911 l’idée
2645 1833 2743 1911 de

275 1955 649 2055 petitesse
683 1953 817 2055 qui
849 1953 1171 2031 domine
1215 1955 1411 2055 dans
1451 1965 1699 2055 gutta,
1743 1955 1927 2053 d’où
1955 1955 2315 2053 guttatim
2321 2015 2339 2051 ,
2391 1963 2665 2053 goutte
2701 1957 2747 2031 à

273 2085 545 2177 goutte
569 2101 589 2169 ;
627 2077 821 2151 dans
851 2075 1089 2171 stilla,
1121 2079 1313 2155 c’est
1347 2077 1579 2155 l’idée
1609 2075 2101 2171 d’humidité,
2135 2077 2317 2153 d’où
2347 2075 2709 2155 stillatim
2721 2141 2741 2175 ,

277 2223 375 2279 en
411 2201 897 2299 dégouttant.
929 2201 1201 2297 Stilla,
1227 2209 1495 2299 goutte
1529 2199 1865 2299 liquide;
1903 2199 2155 2293 stiria,
2183 2207 2449 2299 goutte
2483 2201 2733 2301 gelée.

275 2389 571 2473 Güttor,
597 2389 669 2461 v.
701 2389 931 2459 Faux.
1505 2389 1759 2477 Gyros,
1789 2387 1857 2459 v.
1885 2387 2103 2459 Orbis.

371 3407 729 3481 Hærere.
777 3403 1159 3481 Pendere.
1203 3403 1539 3499 Hœrere,
1575 3413 1821 3483 rester
1849 3405 2227 3503 empêché
2267 3429 2443 3483 sans
2481 3409 2729 3505 qu’on

273 3527 535 3631 puisse
571 3553 651 3605 se
691 3529 1061 3607 détacher
1097 3549 1199 3603 ou
1237 3549 1599 3627 avancer;
1635 3527 1969 3627 pendere,
2013 3533 2179 3605 être
2215 3529 2615 3627 suspendu
2653 3537 2733 3607 et

269 3677 367 3731 ne
417 3653 745 3751 pouvoir
791 3651 1101 3729 tomber
1127 3653 1173 3729 à
1221 3663 1453 3729 terre.
1493 3651 1649 3729 Cic.
1699 3653 1991 3729 Acadd.
2033 3655 2119 3747 II,
2157 3655 2281 3731 39.
2333 3653 2437 3731 Ut
2465 3651 2735 3729 videa¬

273 3783 445 3851 mus
485 3783 693 3851 terra
735 3773 1147 3871 penitusne
1187 3775 1445 3851 defixa
1501 3775 1601 3851 sit
1647 3781 1723 3851 et
1755 3773 2153 3851 radicibus
2203 3773 2365 3851 suis
2415 3773 2725 3869 hœreat,

269 3921 365 3975 an
403 3897 643 3975 media
697 3899 1061 3997 pendeat.
1103 3899 1309 3971 Pour
1361 3897 1529 3973 voir
1575 3895 1641 3971 si
1699 3897 1773 3973 la
1813 3907 2017 3975 terre
2071 3905 2189 3973 est
2223 3897 2421 3975 fixée
2455 3919 2601 3997 par
2645 3921 2731 3975 sa

267 4017 455 4093 base
491 4031 569 4097 et
605 4031 929 4099 retenue
965 4043 1109 4119 par
1143 4041 1267 4099 ses
1301 4019 1603 4099 racines
1657 4043 1761 4097 ou
1811 4023 2257 4119 suspendue
2301 4021 2495 4097 dans
2543 4021 2731 4099 l’es¬

269 4161 487 4239 pace.

271 4323 643 4405 Hæsitare,
671 4323 735 4395 v.
781 4323 1127 4397 Cunctari.
1487 4327 1799 4413 Harena,
1837 4323 1903 4397 v.
1941 4323 2225 4397 Sabulo.

273 4431 539 4513 Hamus,
581 4431 645 4501 v.
685 4431 929 4507 Uncus,

1451 2727 1547 2839 H

269 3011 577 3097 Habena,
603 3009 673 3079 v.
701 3009 1023 3079 Frenum.

273 3121 641 3205 Habitare,
673 3121 739 3189 v.
763 3121 1072 3189 Incolere.

271 3231 647 3319 Hactenus,
673 3229 737 3299 v.
779 3229 1041 3299 Adhuc.

1493 3011 1791 3097 Habere,
1817 3009 1881 3081 v.
1929 3009 2199 3079 Tenere.

1501 3121 1821 3205 Habitos,
1855 3119 1921 3191 v.
1989 3119 2212 3189 Vestis.

1487 3233 1757 3321 Hædcs,
1797 3229 1861 3303 v.
1899 3229 2139 3319 Caper.

1885 4835 2058 4882 Digitized
2074 4837 2117 4880 by

2133 4787 2479 4909 Google
