<?xml version="1.0" encoding="UTF-8" standalone="yes"?>
<PcGts xmlns="http://schema.primaresearch.org/PAGE/gts/pagecontent/2013-07-15" xmlns:xsi="http://www.w3.org/2001/XMLSchema-instance" xsi:schemaLocation="http://schema.primaresearch.org/PAGE/gts/pagecontent/2013-07-15 http://schema.primaresearch.org/PAGE/gts/pagecontent/2013-07-15/pagecontent.xsd">
    <Metadata>
        <Creator>Transkribus</Creator>
        <Created>2019-11-06T12:44:43.515+01:00</Created>
        <LastChange>2019-11-06T13:14:18.225+01:00</LastChange>
        <Comments>
                Measurement unit: pixel
                PrimaryLanguage: English
                Language: FrenchStandard
                Language: Latin
                Language: Greek
                Producer: Transkribus
            </Comments>
        <TranskribusMetadata docId="291836" pageId="11631332" pageNr="3" tsid="20695872" status="GT" userId="40012" imgUrl="https://files.transkribus.eu/Get?id=TWOIUTNPETKZFCAVHLOJAVOW&amp;fileType=view" xmlUrl="https://files.transkribus.eu/Get?id=DCESDVCMGDHJIADAGNIPROOE" imageId="7366793"/>
    </Metadata>
    <Page imageFilename="Doederlin1865_Manuel_synonymie_2_0003.jpg" imageWidth="2947" imageHeight="4922">
        <PrintSpace>
            <Coords points="239,375 2771,375 2771,4837 239,4837"/>
        </PrintSpace>
        <ReadingOrder>
            <OrderedGroup id="ro_1604250513982" caption="Regions reading order">
                <RegionRefIndexed index="0" regionRef="r_1_1"/>
                <RegionRefIndexed index="1" regionRef="r_2_1"/>
                <RegionRefIndexed index="2" regionRef="r_3_1"/>
                <RegionRefIndexed index="3" regionRef="r_3_2"/>
                <RegionRefIndexed index="4" regionRef="r_3_3"/>
                <RegionRefIndexed index="5" regionRef="r_3_4"/>
                <RegionRefIndexed index="6" regionRef="r_4_1"/>
                <RegionRefIndexed index="7" regionRef="r_4_2"/>
                <RegionRefIndexed index="8" regionRef="r_4_3"/>
                <RegionRefIndexed index="9" regionRef="r_4_4"/>
                <RegionRefIndexed index="10" regionRef="r_4_5"/>
                <RegionRefIndexed index="11" regionRef="r_5_1"/>
            </OrderedGroup>
        </ReadingOrder>
        <TextRegion type="paragraph" id="r_1_1" custom="readingOrder {index:0;}">
            <Coords points="1042,393 1982,393 1982,463 1042,463"/>
            <TextLine id="tl_1" primaryLanguage="English" custom="readingOrder {index:0;}">
                <Coords points="1043,394 1981,394 1981,462 1043,462"/>
                <Baseline points="1043,450 1140,451 1631,457 1981,462"/>
                <Word id="w_w2aab1b1b2b1b1ab1" language="English" custom="readingOrder {index:0;}">
                    <Coords points="1043,396 1140,396 1140,451 1043,451"/>
                    <TextEquiv>
                        <Unicode>DE</Unicode>
                    </TextEquiv>
                    <TextStyle fontFamily="Times New Roman" fontSize="6.0"/>
                </Word>
                <Word id="w_w2aab1b1b2b1b1ab7" language="English" custom="readingOrder {index:1;}">
                    <Coords points="1199,395 1631,395 1631,459 1199,459"/>
                    <TextEquiv>
                        <Unicode>SYNONYMIE</Unicode>
                    </TextEquiv>
                    <TextStyle fontFamily="Times New Roman" fontSize="6.0"/>
                </Word>
                <Word id="w_w2aab1b1b2b1b1ac27" language="English" custom="readingOrder {index:2;}">
                    <Coords points="1691,403 1981,403 1981,462 1691,462"/>
                    <TextEquiv>
                        <Unicode>LATINE.</Unicode>
                    </TextEquiv>
                    <TextStyle fontFamily="Times New Roman" fontSize="6.0"/>
                </Word>
                <TextEquiv>
                    <Unicode>DE SYNONYMIE LATINE.</Unicode>
                </TextEquiv>
                <TextStyle fontFamily="Times New Roman" fontSize="6.0"/>
            </TextLine>
            <TextEquiv>
                <Unicode>DE SYNONYMIE LATINE.</Unicode>
            </TextEquiv>
        </TextRegion>
        <TextRegion type="paragraph" id="r_2_1" custom="readingOrder {index:1;}">
            <Coords points="2642,403 2731,403 2731,472 2642,472"/>
            <TextLine id="tl_2" primaryLanguage="English" custom="readingOrder {index:0;}">
                <Coords points="2643,404 2730,404 2730,471 2643,471"/>
                <Baseline points="2643,471 2729,471"/>
                <Word id="w_w2aab1b3b2b1b1ab1" language="English" custom="readingOrder {index:0;}">
                    <Coords points="2643,404 2729,404 2729,471 2643,471"/>
                    <TextEquiv>
                        <Unicode>91</Unicode>
                    </TextEquiv>
                    <TextStyle fontFamily="Times New Roman" fontSize="6.0"/>
                </Word>
                <TextEquiv>
                    <Unicode>91</Unicode>
                </TextEquiv>
                <TextStyle fontFamily="Times New Roman" fontSize="6.0"/>
            </TextLine>
            <TextEquiv>
                <Unicode>91</Unicode>
            </TextEquiv>
        </TextRegion>
        <TextRegion type="paragraph" id="r_3_1" custom="readingOrder {index:2;}">
            <Coords points="278,534 1131,534 1131,636 278,636"/>
            <TextLine id="tl_3" primaryLanguage="English" custom="readingOrder {index:0;}">
                <Coords points="279,535 1130,535 1130,635 279,635"/>
                <Baseline points="280,608 556,610 734,609 1130,615"/>
                <Word id="w_w2aab1b5b2b1b1ab1" language="English" custom="readingOrder {index:0;}">
                    <Coords points="280,541 648,541 648,627 280,627"/>
                    <TextEquiv>
                        <Unicode>Extorris,</Unicode>
                    </TextEquiv>
                    <TextStyle fontFamily="Times New Roman" fontSize="6.5" bold="true"/>
                </Word>
                <Word id="w_w2aab1b5b2b1b1b1b1" language="English" custom="readingOrder {index:1;}">
                    <Coords points="688,540 760,540 760,612 688,612"/>
                    <TextEquiv>
                        <Unicode>v.</Unicode>
                    </TextEquiv>
                    <TextStyle fontFamily="Times New Roman" fontSize="6.5" bold="true"/>
                </Word>
                <Word id="w_w2aab1b5b2b1b1b2b1" language="English" custom="readingOrder {index:2;}">
                    <Coords points="796,540 1130,540 1130,633 796,633"/>
                    <TextEquiv>
                        <Unicode>Perfuga.</Unicode>
                    </TextEquiv>
                    <TextStyle fontFamily="Times New Roman" fontSize="8.0" bold="true" italic="true"/>
                </Word>
                <TextEquiv>
                    <Unicode>Extorris, v. Perfuga.</Unicode>
                </TextEquiv>
            </TextLine>
            <TextEquiv>
                <Unicode>Extorris, v. Perfuga.</Unicode>
            </TextEquiv>
        </TextRegion>
        <TextRegion type="paragraph" id="r_3_2" custom="readingOrder {index:3;}">
            <Coords points="275,644 1638,644 1638,748 275,748"/>
            <TextLine id="tl_4" primaryLanguage="English" custom="readingOrder {index:0;}">
                <Coords points="276,645 1637,645 1637,747 276,747"/>
                <Baseline points="277,724 329,724 1063,724 1253,728 1637,733"/>
                <Word id="w_w2aab1b5b2b3b1ab1" language="English" custom="readingOrder {index:0;}">
                    <Coords points="277,652 723,652 723,740 277,740"/>
                    <TextEquiv>
                        <Unicode>Extraiîeus,</Unicode>
                    </TextEquiv>
                    <TextStyle fontFamily="Times New Roman" fontSize="6.5" bold="true"/>
                </Word>
                <Word id="w_w2aab1b5b2b3b1b1b1" language="English" custom="readingOrder {index:1;}">
                    <Coords points="771,656 1171,656 1171,744 771,744"/>
                    <TextEquiv>
                        <Unicode>Extrarius,</Unicode>
                    </TextEquiv>
                    <TextStyle fontFamily="Times New Roman" fontSize="6.5" bold="true"/>
                </Word>
                <Word id="w_w2aab1b5b2b3b1b2b1" language="English" custom="readingOrder {index:2;}">
                    <Coords points="1209,654 1277,654 1277,728 1209,728"/>
                    <TextEquiv>
                        <Unicode>v.</Unicode>
                    </TextEquiv>
                    <TextStyle fontFamily="Times New Roman" fontSize="6.5" bold="true"/>
                </Word>
                <Word id="w_w2aab1b5b2b3b1b3b1" language="English" custom="readingOrder {index:3;}">
                    <Coords points="1317,655 1637,655 1637,733 1317,733"/>
                    <TextEquiv>
                        <Unicode>Exterus.</Unicode>
                    </TextEquiv>
                    <TextStyle fontFamily="Times New Roman" fontSize="7.0" bold="true" italic="true"/>
                </Word>
                <TextEquiv>
                    <Unicode>Extraneus, Extrarius, v. Exterus.</Unicode>
                </TextEquiv>
            </TextLine>
            <TextEquiv>
                <Unicode>Extraneus, Extrarius, v. Exterus.</Unicode>
            </TextEquiv>
        </TextRegion>
        <TextRegion type="paragraph" id="r_3_3" custom="readingOrder {index:4;}">
            <Coords points="270,807 2753,807 2753,2519 270,2519"/>
            <TextLine id="tl_5" primaryLanguage="English" custom="readingOrder {index:0;}">
                <Coords points="383,808 2752,808 2752,913 383,913"/>
                <Baseline points="383,885 817,888 1231,892 1751,898 1973,902 2751,909"/>
                <Word id="w_w2aab1b5b2b5b1ab1" language="English" custom="readingOrder {index:0;}">
                    <Coords points="383,810 817,810 817,888 383,888"/>
                    <TextEquiv>
                        <Unicode>Extremus.</Unicode>
                    </TextEquiv>
                    <TextStyle fontFamily="Times New Roman" fontSize="9.0"/>
                </Word>
                <Word id="w_w2aab1b5b2b5b1ac21" language="English" custom="readingOrder {index:1;}">
                    <Coords points="877,813 1231,813 1231,892 877,892"/>
                    <TextEquiv>
                        <Unicode>Ultimus.</Unicode>
                    </TextEquiv>
                    <TextStyle fontFamily="Times New Roman" fontSize="9.0"/>
                </Word>
                <Word id="w_w2aab1b5b2b5b1ac39" language="English" custom="readingOrder {index:2;}">
                    <Coords points="1293,818 1751,818 1751,899 1293,899"/>
                    <TextEquiv>
                        <Unicode>Postremus.</Unicode>
                    </TextEquiv>
                    <TextStyle fontFamily="Times New Roman" fontSize="9.0"/>
                </Word>
                <Word id="w_w2aab1b5b2b5b1ac61" language="English" custom="readingOrder {index:3;}">
                    <Coords points="1813,825 2277,825 2277,908 1813,908"/>
                    <TextEquiv>
                        <Unicode>Novissimus.</Unicode>
                    </TextEquiv>
                    <TextStyle fontFamily="Times New Roman" fontSize="9.0"/>
                </Word>
                <Word id="w_w2aab1b5b2b5b1b1b1" language="English" custom="readingOrder {index:4;}">
                    <Coords points="2333,830 2751,830 2751,911 2333,911"/>
                    <TextEquiv>
                        <Unicode>Extremus</Unicode>
                    </TextEquiv>
                    <TextStyle fontFamily="Times New Roman" fontSize="8.0" bold="true" italic="true"/>
                </Word>
                <TextEquiv>
                    <Unicode>Extremus. Ultimus. Postremus. Novissimus. Extremus</Unicode>
                </TextEquiv>
            </TextLine>
            <TextLine id="tl_6" primaryLanguage="English" custom="readingOrder {index:1;}">
                <Coords points="276,925 2749,925 2749,1055 276,1055"/>
                <Baseline points="276,1008 320,1008 555,1006 744,1029 852,1010 1216,1032 1515,1018 1597,1017 1861,1023 2114,1026 2507,1033 2748,1017"/>
                <Word id="w_w2aab1b5b2b5b3ab1" language="English" custom="readingOrder {index:0;}">
                    <Coords points="276,938 363,938 363,1008 276,1008"/>
                    <TextEquiv>
                        <Unicode>et</Unicode>
                    </TextEquiv>
                    <TextStyle fontFamily="Times New Roman" fontSize="9.0"/>
                </Word>
                <Word id="w_w2aab1b5b2b5b3b1b1" language="English" custom="readingOrder {index:1;}">
                    <Coords points="402,929 720,929 720,1011 402,1011"/>
                    <TextEquiv>
                        <Unicode>ultimus</Unicode>
                    </TextEquiv>
                    <TextStyle fontFamily="Times New Roman" fontSize="8.0" bold="true" italic="true"/>
                </Word>
                <Word id="w_w2aab1b5b2b5b3b2b1" language="English" custom="readingOrder {index:2;}">
                    <Coords points="726,929 744,929 744,1030 726,1030"/>
                    <TextEquiv>
                        <Unicode>,</Unicode>
                    </TextEquiv>
                    <TextStyle fontFamily="Times New Roman" fontSize="9.0"/>
                </Word>
                <Word id="w_w2aab1b5b2b5b3b3b1" language="English" custom="readingOrder {index:3;}">
                    <Coords points="780,930 852,930 852,1010 780,1010"/>
                    <TextEquiv>
                        <Unicode>le</Unicode>
                    </TextEquiv>
                    <TextStyle fontFamily="Times New Roman" fontSize="9.0"/>
                </Word>
                <Word id="w_w2aab1b5b2b5b3b3b7" language="English" custom="readingOrder {index:4;}">
                    <Coords points="878,932 1216,932 1216,1032 878,1032"/>
                    <TextEquiv>
                        <Unicode>dernier,</Unicode>
                    </TextEquiv>
                    <TextStyle fontFamily="Times New Roman" fontSize="9.0"/>
                </Word>
                <Word id="w_w2aab1b5b2b5b3b3c25" language="English" custom="readingOrder {index:5;}">
                    <Coords points="1252,944 1515,944 1515,1038 1252,1038"/>
                    <TextEquiv>
                        <Unicode>quand</Unicode>
                    </TextEquiv>
                    <TextStyle fontFamily="Times New Roman" fontSize="9.0"/>
                </Word>
                <Word id="w_w2aab1b5b2b5b3b3c37" language="English" custom="readingOrder {index:6;}">
                    <Coords points="1542,941 1597,941 1597,1019 1542,1019"/>
                    <TextEquiv>
                        <Unicode>il</Unicode>
                    </TextEquiv>
                    <TextStyle fontFamily="Times New Roman" fontSize="9.0"/>
                </Word>
                <Word id="w_w2aab1b5b2b5b3b3c43" language="English" custom="readingOrder {index:7;}">
                    <Coords points="1626,944 1861,944 1861,1045 1626,1045"/>
                    <TextEquiv>
                        <Unicode>s'agit</Unicode>
                    </TextEquiv>
                    <TextStyle fontFamily="Times New Roman" fontSize="9.0"/>
                </Word>
                <Word id="w_w2aab1b5b2b5b3b3c57" language="English" custom="readingOrder {index:8;}">
                    <Coords points="1882,950 2114,950 2114,1038 1882,1038"/>
                    <TextEquiv>
                        <Unicode>d’une</Unicode>
                    </TextEquiv>
                    <TextStyle fontFamily="Times New Roman" fontSize="9.0"/>
                </Word>
                <Word id="w_w2aab1b5b2b5b3b3c69" language="English" custom="readingOrder {index:9;}">
                    <Coords points="2156,952 2507,952 2507,1050 2156,1050"/>
                    <TextEquiv>
                        <Unicode>quantité</Unicode>
                    </TextEquiv>
                    <TextStyle fontFamily="Times New Roman" fontSize="9.0"/>
                </Word>
                <Word id="w_w2aab1b5b2b5b3b3c87" language="English" custom="readingOrder {index:10;}">
                    <Coords points="2542,954 2748,954 2748,1035 2542,1035"/>
                    <TextEquiv>
                        <Unicode>indi¬</Unicode>
                    </TextEquiv>
                    <TextStyle fontFamily="Times New Roman" fontSize="9.0"/>
                </Word>
                <TextEquiv>
                    <Unicode>et ultimus, le dernier, quand il s'agit d’une quantité indi¬</Unicode>
                </TextEquiv>
            </TextLine>
            <TextLine id="tl_7" primaryLanguage="English" custom="readingOrder {index:2;}">
                <Coords points="271,1045 2748,1045 2748,1179 271,1179"/>
                <Baseline points="271,1130 467,1147 709,1131 1039,1136 1421,1141 1473,1142 1797,1143 2019,1149 2193,1150 2337,1154 2455,1153 2747,1159"/>
                <Word id="w_w2aab1b5b2b5b5ab1" language="English" custom="readingOrder {index:0;}">
                    <Coords points="271,1052 467,1052 467,1147 271,1147"/>
                    <TextEquiv>
                        <Unicode>vise,</Unicode>
                    </TextEquiv>
                    <TextStyle fontFamily="Times New Roman" fontSize="9.0"/>
                </Word>
                <Word id="w_w2aab1b5b2b5b5ac13" language="English" custom="readingOrder {index:1;}">
                    <Coords points="517,1047 709,1047 709,1133 517,1133"/>
                    <TextEquiv>
                        <Unicode>d’un</Unicode>
                    </TextEquiv>
                    <TextStyle fontFamily="Times New Roman" fontSize="9.0"/>
                </Word>
                <Word id="w_w2aab1b5b2b5b5ac23" language="English" custom="readingOrder {index:2;}">
                    <Coords points="761,1078 1039,1078 1039,1159 761,1159"/>
                    <TextEquiv>
                        <Unicode>espace</Unicode>
                    </TextEquiv>
                    <TextStyle fontFamily="Times New Roman" fontSize="9.0"/>
                </Word>
                <Word id="w_w2aab1b5b2b5b5ac37" language="English" custom="readingOrder {index:3;}">
                    <Coords points="1093,1062 1421,1062 1421,1147 1093,1147"/>
                    <TextEquiv>
                        <Unicode>continu</Unicode>
                    </TextEquiv>
                    <TextStyle fontFamily="Times New Roman" fontSize="9.0"/>
                </Word>
                <Word id="w_w2aab1b5b2b5b5ac53" language="English" custom="readingOrder {index:4;}">
                    <Coords points="1457,1088 1473,1088 1473,1142 1457,1142"/>
                    <TextEquiv>
                        <Unicode>:</Unicode>
                    </TextEquiv>
                    <TextStyle fontFamily="Times New Roman" fontSize="9.0"/>
                </Word>
                <Word id="w_w2aab1b5b2b5b5b1b1" language="English" custom="readingOrder {index:5;}">
                    <Coords points="1517,1081 1891,1081 1891,1144 1517,1144"/>
                    <TextEquiv>
                        <Unicode>extremus</Unicode>
                    </TextEquiv>
                    <TextStyle fontFamily="Times New Roman" fontSize="8.0" bold="true" italic="true"/>
                </Word>
                <Word id="w_w2aab1b5b2b5b5b3b1" language="English" custom="readingOrder {index:6;}">
                    <Coords points="1937,1092 2019,1092 2019,1149 1937,1149"/>
                    <TextEquiv>
                        <Unicode>se</Unicode>
                    </TextEquiv>
                    <TextStyle fontFamily="Times New Roman" fontSize="9.0"/>
                </Word>
                <Word id="w_w2aab1b5b2b5b5b3b7" language="English" custom="readingOrder {index:7;}">
                    <Coords points="2075,1072 2193,1072 2193,1150 2075,1150"/>
                    <TextEquiv>
                        <Unicode>dit</Unicode>
                    </TextEquiv>
                    <TextStyle fontFamily="Times New Roman" fontSize="9.0"/>
                </Word>
                <Word id="w_w2aab1b5b2b5b5b3c15" language="English" custom="readingOrder {index:8;}">
                    <Coords points="2239,1077 2337,1077 2337,1154 2239,1154"/>
                    <TextEquiv>
                        <Unicode>de</Unicode>
                    </TextEquiv>
                    <TextStyle fontFamily="Times New Roman" fontSize="9.0"/>
                </Word>
                <Word id="w_w2aab1b5b2b5b5b3c21" language="English" custom="readingOrder {index:9;}">
                    <Coords points="2381,1076 2455,1076 2455,1153 2381,1153"/>
                    <TextEquiv>
                        <Unicode>la</Unicode>
                    </TextEquiv>
                    <TextStyle fontFamily="Times New Roman" fontSize="9.0"/>
                </Word>
                <Word id="w_w2aab1b5b2b5b5b3c27" language="English" custom="readingOrder {index:10;}">
                    <Coords points="2495,1081 2747,1081 2747,1178 2495,1178"/>
                    <TextEquiv>
                        <Unicode>partie</Unicode>
                    </TextEquiv>
                    <TextStyle fontFamily="Times New Roman" fontSize="9.0"/>
                </Word>
                <TextEquiv>
                    <Unicode>vise, d’un espace continu : extremus se dit de la partie</Unicode>
                </TextEquiv>
            </TextLine>
            <TextLine id="tl_8" primaryLanguage="English" custom="readingOrder {index:3;}">
                <Coords points="278,1177 2748,1177 2748,1301 278,1301"/>
                <Baseline points="278,1254 634,1254 878,1255 1210,1262 1344,1261 1618,1267 1986,1285 2182,1270 2666,1279 2748,1281"/>
                <Word id="w_w2aab1b5b2b5b7ab1" language="English" custom="readingOrder {index:0;}">
                    <Coords points="278,1183 634,1183 634,1254 278,1254"/>
                    <TextEquiv>
                        <Unicode>extrême</Unicode>
                    </TextEquiv>
                    <TextStyle fontFamily="Times New Roman" fontSize="9.0"/>
                </Word>
                <Word id="w_w2aab1b5b2b5b7ac17" language="English" custom="readingOrder {index:1;}">
                    <Coords points="688,1181 878,1181 878,1256 688,1256"/>
                    <TextEquiv>
                        <Unicode>d’un</Unicode>
                    </TextEquiv>
                    <TextStyle fontFamily="Times New Roman" fontSize="9.0"/>
                </Word>
                <Word id="w_w2aab1b5b2b5b7ac27" language="English" custom="readingOrder {index:2;}">
                    <Coords points="930,1203 1210,1203 1210,1280 930,1280"/>
                    <TextEquiv>
                        <Unicode>espace</Unicode>
                    </TextEquiv>
                    <TextStyle fontFamily="Times New Roman" fontSize="9.0"/>
                </Word>
                <Word id="w_w2aab1b5b2b5b7ac41" language="English" custom="readingOrder {index:3;}">
                    <Coords points="1242,1206 1344,1206 1344,1261 1242,1261"/>
                    <TextEquiv>
                        <Unicode>ou</Unicode>
                    </TextEquiv>
                    <TextStyle fontFamily="Times New Roman" fontSize="9.0"/>
                </Word>
                <Word id="w_w2aab1b5b2b5b7ac47" language="English" custom="readingOrder {index:4;}">
                    <Coords points="1384,1187 1618,1187 1618,1267 1384,1267"/>
                    <TextEquiv>
                        <Unicode>d’une</Unicode>
                    </TextEquiv>
                    <TextStyle fontFamily="Times New Roman" fontSize="9.0"/>
                </Word>
                <Word id="w_w2aab1b5b2b5b7ac59" language="English" custom="readingOrder {index:5;}">
                    <Coords points="1654,1193 1986,1193 1986,1285 1654,1285"/>
                    <TextEquiv>
                        <Unicode>surface,</Unicode>
                    </TextEquiv>
                    <TextStyle fontFamily="Times New Roman" fontSize="9.0"/>
                </Word>
                <Word id="w_w2aab1b5b2b5b7ac77" language="English" custom="readingOrder {index:6;}">
                    <Coords points="2040,1217 2182,1217 2182,1293 2040,1293"/>
                    <TextEquiv>
                        <Unicode>par</Unicode>
                    </TextEquiv>
                    <TextStyle fontFamily="Times New Roman" fontSize="9.0"/>
                </Word>
                <Word id="w_w2aab1b5b2b5b7ac85" language="English" custom="readingOrder {index:7;}">
                    <Coords points="2224,1201 2666,1201 2666,1298 2224,1298"/>
                    <TextEquiv>
                        <Unicode>opposition</Unicode>
                    </TextEquiv>
                    <TextStyle fontFamily="Times New Roman" fontSize="9.0"/>
                </Word>
                <Word id="w_w2aab1b5b2b5b7ad107" language="English" custom="readingOrder {index:8;}">
                    <Coords points="2704,1205 2748,1205 2748,1281 2704,1281"/>
                    <TextEquiv>
                        <Unicode>à</Unicode>
                    </TextEquiv>
                    <TextStyle fontFamily="Times New Roman" fontSize="9.0"/>
                </Word>
                <TextEquiv>
                    <Unicode>extrême d’un espace ou d’une surface, par opposition à</Unicode>
                </TextEquiv>
                <TextStyle fontFamily="Times New Roman" fontSize="9.0"/>
            </TextLine>
            <TextLine id="tl_9" primaryLanguage="English" custom="readingOrder {index:4;}">
                <Coords points="278,1295 2749,1295 2749,1425 278,1425"/>
                <Baseline points="279,1372 511,1373 697,1377 867,1377 1109,1401 1213,1384 1809,1389 1933,1396 2005,1391 2309,1413 2473,1399 2749,1403"/>
                <Word id="w_w2aab1b5b2b5b9ab1" language="English" custom="readingOrder {index:0;}">
                    <Coords points="279,1297 603,1297 603,1374 279,1374"/>
                    <TextEquiv>
                        <Unicode>intimus</Unicode>
                    </TextEquiv>
                    <TextStyle fontFamily="Times New Roman" fontSize="8.0" bold="true" italic="true"/>
                </Word>
                <Word id="w_w2aab1b5b2b5b9b2b1" language="English" custom="readingOrder {index:1;}">
                    <Coords points="653,1309 733,1309 733,1378 653,1378"/>
                    <TextEquiv>
                        <Unicode>et</Unicode>
                    </TextEquiv>
                    <TextStyle fontFamily="Times New Roman" fontSize="9.0"/>
                </Word>
                <Word id="w_w2aab1b5b2b5b9b3b1" language="English" custom="readingOrder {index:2;}">
                    <Coords points="799,1301 1083,1301 1083,1382 799,1382"/>
                    <TextEquiv>
                        <Unicode>medius</Unicode>
                    </TextEquiv>
                    <TextStyle fontFamily="Times New Roman" fontSize="8.0" bold="true" italic="true"/>
                </Word>
                <Word id="w_w2aab1b5b2b5b9b4b1" language="English" custom="readingOrder {index:3;}">
                    <Coords points="1082,1360 1109,1360 1109,1401 1082,1401"/>
                    <TextEquiv>
                        <Unicode>,</Unicode>
                    </TextEquiv>
                    <TextStyle fontFamily="Times New Roman" fontSize="9.0"/>
                </Word>
                <Word id="w_w2aab1b5b2b5b9b4b5" language="English" custom="readingOrder {index:4;}">
                    <Coords points="1171,1327 1485,1327 1485,1387 1171,1387"/>
                    <TextEquiv>
                        <Unicode>comme</Unicode>
                    </TextEquiv>
                    <TextStyle fontFamily="Times New Roman" fontSize="9.0"/>
                </Word>
                <Word id="w_w2aab1b5b2b5b9b5b1" language="English" custom="readingOrder {index:5;}">
                    <Coords points="1561,1341 1885,1341 1885,1414 1561,1414"/>
                    <TextEquiv>
                        <Unicode>έσχατος;</Unicode>
                    </TextEquiv>
                    <TextStyle fontFamily="Times New Roman" fontSize="6.5" bold="true"/>
                </Word>
                <Word id="w_w2aab1b5b2b5b9b6b1" language="English" custom="readingOrder {index:6;}">
                    <Coords points="1925,1382 1933,1382 1933,1396 1925,1396"/>
                    <TextEquiv>
                        <Unicode>,</Unicode>
                    </TextEquiv>
                    <TextStyle fontFamily="Times New Roman" fontSize="8.0" bold="true"/>
                </Word>
                <Word id="w_w2aab1b5b2b5b9b7b1" language="English" custom="readingOrder {index:7;}">
                    <Coords points="1957,1317 2271,1317 2271,1395 1957,1395"/>
                    <TextEquiv>
                        <Unicode>ultimus</Unicode>
                    </TextEquiv>
                    <TextStyle fontFamily="Times New Roman" fontSize="8.0" bold="true" italic="true"/>
                </Word>
                <Word id="w_w2aab1b5b2b5b9b8b1" language="English" custom="readingOrder {index:8;}">
                    <Coords points="2288,1377 2309,1377 2309,1413 2288,1413"/>
                    <TextEquiv>
                        <Unicode>,</Unicode>
                    </TextEquiv>
                    <TextStyle fontFamily="Times New Roman" fontSize="9.0"/>
                </Word>
                <Word id="w_w2aab1b5b2b5b9b8b5" language="English" custom="readingOrder {index:9;}">
                    <Coords points="2369,1324 2473,1324 2473,1399 2369,1399"/>
                    <TextEquiv>
                        <Unicode>du</Unicode>
                    </TextEquiv>
                    <TextStyle fontFamily="Times New Roman" fontSize="9.0"/>
                </Word>
                <Word id="w_w2aab1b5b2b5b9b8c11" language="English" custom="readingOrder {index:10;}">
                    <Coords points="2526,1324 2749,1324 2749,1424 2526,1424"/>
                    <TextEquiv>
                        <Unicode>point</Unicode>
                    </TextEquiv>
                    <TextStyle fontFamily="Times New Roman" fontSize="9.0"/>
                </Word>
                <TextEquiv>
                    <Unicode>intimus et medius, comme ἔσχατος; ultimus, du point</Unicode>
                </TextEquiv>
            </TextLine>
            <TextLine id="tl_10" primaryLanguage="English" custom="readingOrder {index:5;}">
                <Coords points="279,1421 2740,1421 2740,1547 279,1547"/>
                <Baseline points="280,1498 636,1498 896,1503 1156,1521 1324,1507 1790,1511 1860,1511 2108,1514 2266,1519 2624,1524 2740,1539"/>
                <Word id="w_w2aab1b5b2b5c11ab1" language="English" custom="readingOrder {index:0;}">
                    <Coords points="280,1429 636,1429 636,1508 280,1508"/>
                    <TextEquiv>
                        <Unicode>extrême</Unicode>
                    </TextEquiv>
                    <TextStyle fontFamily="Times New Roman" fontSize="9.0"/>
                </Word>
                <Word id="w_w2aab1b5b2b5c11ac17" language="English" custom="readingOrder {index:1;}">
                    <Coords points="664,1425 896,1425 896,1503 664,1503"/>
                    <TextEquiv>
                        <Unicode>d’une</Unicode>
                    </TextEquiv>
                    <TextStyle fontFamily="Times New Roman" fontSize="9.0"/>
                </Word>
                <Word id="w_w2aab1b5b2b5c11ac29" language="English" custom="readingOrder {index:2;}">
                    <Coords points="920,1427 1156,1427 1156,1526 920,1526"/>
                    <TextEquiv>
                        <Unicode>ligne,</Unicode>
                    </TextEquiv>
                    <TextStyle fontFamily="Times New Roman" fontSize="9.0"/>
                </Word>
                <Word id="w_w2aab1b5b2b5c11ac43" language="English" custom="readingOrder {index:3;}">
                    <Coords points="1185,1452 1324,1452 1324,1530 1185,1530"/>
                    <TextEquiv>
                        <Unicode>par</Unicode>
                    </TextEquiv>
                    <TextStyle fontFamily="Times New Roman" fontSize="9.0"/>
                </Word>
                <Word id="w_w2aab1b5b2b5c11ac51" language="English" custom="readingOrder {index:4;}">
                    <Coords points="1348,1435 1790,1435 1790,1534 1348,1534"/>
                    <TextEquiv>
                        <Unicode>opposition</Unicode>
                    </TextEquiv>
                    <TextStyle fontFamily="Times New Roman" fontSize="9.0"/>
                </Word>
                <Word id="w_w2aab1b5b2b5c11ac73" language="English" custom="readingOrder {index:5;}">
                    <Coords points="1814,1437 1860,1437 1860,1512 1814,1512"/>
                    <TextEquiv>
                        <Unicode>à</Unicode>
                    </TextEquiv>
                    <TextStyle fontFamily="Times New Roman" fontSize="9.0"/>
                </Word>
                <Word id="w_w2aab1b5b2b5c11b1b1" language="English" custom="readingOrder {index:6;}">
                    <Coords points="1890,1438 2198,1438 2198,1524 1890,1524"/>
                    <TextEquiv>
                        <Unicode>citimus</Unicode>
                    </TextEquiv>
                    <TextStyle fontFamily="Times New Roman" fontSize="8.0" bold="true" italic="true"/>
                </Word>
                <Word id="w_w2aab1b5b2b5c11b3b1" language="English" custom="readingOrder {index:7;}">
                    <Coords points="2223,1451 2304,1451 2304,1544 2223,1544"/>
                    <TextEquiv>
                        <Unicode>et</Unicode>
                    </TextEquiv>
                    <TextStyle fontFamily="Times New Roman" fontSize="9.0"/>
                </Word>
                <Word id="w_w2aab1b5b2b5c11b4b1" language="English" custom="readingOrder {index:8;}">
                    <Coords points="2323,1447 2716,1447 2716,1544 2323,1544"/>
                    <TextEquiv>
                        <Unicode>proximus</Unicode>
                    </TextEquiv>
                    <TextStyle fontFamily="Times New Roman" fontSize="8.0" bold="true" italic="true"/>
                </Word>
                <Word id="w_w2aab1b5b2b5c11b5b1" language="English" custom="readingOrder {index:9;}">
                    <Coords points="2719,1505 2740,1505 2740,1539 2719,1539"/>
                    <TextEquiv>
                        <Unicode>,</Unicode>
                    </TextEquiv>
                    <TextStyle fontFamily="Times New Roman" fontSize="8.0" bold="true"/>
                </Word>
                <TextEquiv>
                    <Unicode>extrême d’une ligne, par opposition à citimus et proximus,</Unicode>
                </TextEquiv>
            </TextLine>
            <TextLine id="tl_11" primaryLanguage="English" custom="readingOrder {index:6;}">
                <Coords points="280,1539 2745,1539 2745,1667 280,1667"/>
                <Baseline points="280,1620 327,1620 683,1619 1301,1626 1465,1630 1929,1632 2105,1638 2453,1643 2745,1647"/>
                <Word id="w_w2aab1b5b2b5c13ab1" language="English" custom="readingOrder {index:0;}">
                    <Coords points="280,1548 605,1548 605,1622 280,1622"/>
                    <TextEquiv>
                        <Unicode>comme</Unicode>
                    </TextEquiv>
                    <TextStyle fontFamily="Times New Roman" fontSize="9.0"/>
                </Word>
                <Word id="w_w2aab1b5b2b5c13b1b1" language="English" custom="readingOrder {index:1;}">
                    <Coords points="641,1545 931,1545 931,1631 641,1631"/>
                    <TextEquiv>
                        <Unicode>λοίσθος.</Unicode>
                    </TextEquiv>
                    <TextStyle fontFamily="Times New Roman" fontSize="6.5" bold="true"/>
                </Word>
                <Word id="w_w2aab1b5b2b5c13b2b1" language="English" custom="readingOrder {index:2;}">
                    <Coords points="964,1545 1389,1545 1389,1629 964,1629"/>
                    <TextEquiv>
                        <Unicode>Postremus</Unicode>
                    </TextEquiv>
                    <TextStyle fontFamily="Times New Roman" fontSize="8.0" bold="true" italic="true"/>
                </Word>
                <Word id="w_w2aab1b5b2b5c13b4b1" language="English" custom="readingOrder {index:3;}">
                    <Coords points="1424,1562 1505,1562 1505,1632 1424,1632"/>
                    <TextEquiv>
                        <Unicode>et</Unicode>
                    </TextEquiv>
                    <TextStyle fontFamily="Times New Roman" fontSize="9.0"/>
                </Word>
                <Word id="w_w2aab1b5b2b5c13b5b1" language="English" custom="readingOrder {index:4;}">
                    <Coords points="1530,1556 1995,1556 1995,1653 1530,1653"/>
                    <TextEquiv>
                        <Unicode>novissimus,</Unicode>
                    </TextEquiv>
                    <TextStyle fontFamily="Times New Roman" fontSize="8.0" bold="true" italic="true"/>
                </Word>
                <Word id="w_w2aab1b5b2b5c13b7b1" language="English" custom="readingOrder {index:5;}">
                    <Coords points="2032,1559 2105,1559 2105,1638 2032,1638"/>
                    <TextEquiv>
                        <Unicode>le</Unicode>
                    </TextEquiv>
                    <TextStyle fontFamily="Times New Roman" fontSize="9.0"/>
                </Word>
                <Word id="w_w2aab1b5b2b5c13b7b7" language="English" custom="readingOrder {index:6;}">
                    <Coords points="2138,1564 2453,1564 2453,1643 2138,1643"/>
                    <TextEquiv>
                        <Unicode>dernier</Unicode>
                    </TextEquiv>
                    <TextStyle fontFamily="Times New Roman" fontSize="9.0"/>
                </Word>
                <Word id="w_w2aab1b5b2b5c13b7c23" language="English" custom="readingOrder {index:7;}">
                    <Coords points="2480,1571 2745,1571 2745,1665 2480,1665"/>
                    <TextEquiv>
                        <Unicode>quand</Unicode>
                    </TextEquiv>
                    <TextStyle fontFamily="Times New Roman" fontSize="9.0"/>
                </Word>
                <TextEquiv>
                    <Unicode>comme λοῖσθος. Postremus et novissimus, le dernier quand</Unicode>
                </TextEquiv>
            </TextLine>
            <TextLine id="tl_12" primaryLanguage="English" custom="readingOrder {index:7;}">
                <Coords points="279,1661 2746,1661 2746,1789 279,1789"/>
                <Baseline points="279,1741 342,1740 622,1742 894,1747 1290,1752 1462,1752 1698,1752 1882,1756 2465,1783 2746,1771"/>
                <Word id="w_w2aab1b5b2b5c15ab1" language="English" custom="readingOrder {index:0;}">
                    <Coords points="279,1664 342,1664 342,1741 279,1741"/>
                    <TextEquiv>
                        <Unicode>il</Unicode>
                    </TextEquiv>
                    <TextStyle fontFamily="Times New Roman" fontSize="9.0"/>
                </Word>
                <Word id="w_w2aab1b5b2b5c15ab7" language="English" custom="readingOrder {index:1;}">
                    <Coords points="391,1664 622,1664 622,1766 391,1766"/>
                    <TextEquiv>
                        <Unicode>s’agit</Unicode>
                    </TextEquiv>
                    <TextStyle fontFamily="Times New Roman" fontSize="9.0"/>
                </Word>
                <Word id="w_w2aab1b5b2b5c15ac21" language="English" custom="readingOrder {index:2;}">
                    <Coords points="659,1669 894,1669 894,1748 659,1748"/>
                    <TextEquiv>
                        <Unicode>d’une</Unicode>
                    </TextEquiv>
                    <TextStyle fontFamily="Times New Roman" fontSize="9.0"/>
                </Word>
                <Word id="w_w2aab1b5b2b5c15ac33" language="English" custom="readingOrder {index:3;}">
                    <Coords points="935,1673 1290,1673 1290,1770 935,1770"/>
                    <TextEquiv>
                        <Unicode>quantité</Unicode>
                    </TextEquiv>
                    <TextStyle fontFamily="Times New Roman" fontSize="9.0"/>
                </Word>
                <Word id="w_w2aab1b5b2b5c15ac51" language="English" custom="readingOrder {index:4;}">
                    <Coords points="1327,1676 1462,1676 1462,1777 1327,1777"/>
                    <TextEquiv>
                        <Unicode>qui</Unicode>
                    </TextEquiv>
                    <TextStyle fontFamily="Times New Roman" fontSize="9.0"/>
                </Word>
                <Word id="w_w2aab1b5b2b5c15ac59" language="English" custom="readingOrder {index:5;}">
                    <Coords points="1503,1677 1698,1677 1698,1754 1503,1754"/>
                    <TextEquiv>
                        <Unicode>offre</Unicode>
                    </TextEquiv>
                    <TextStyle fontFamily="Times New Roman" fontSize="9.0"/>
                </Word>
                <Word id="w_w2aab1b5b2b5c15ac71" language="English" custom="readingOrder {index:6;}">
                    <Coords points="1741,1678 1882,1678 1882,1756 1741,1756"/>
                    <TextEquiv>
                        <Unicode>des</Unicode>
                    </TextEquiv>
                    <TextStyle fontFamily="Times New Roman" fontSize="9.0"/>
                </Word>
                <Word id="w_w2aab1b5b2b5c15ac79" language="English" custom="readingOrder {index:7;}">
                    <Coords points="1919,1683 2465,1683 2465,1783 1919,1783"/>
                    <TextEquiv>
                        <Unicode>subdivisions,</Unicode>
                    </TextEquiv>
                    <TextStyle fontFamily="Times New Roman" fontSize="9.0"/>
                </Word>
                <Word id="w_w2aab1b5b2b5c15ad107" language="English" custom="readingOrder {index:8;}">
                    <Coords points="2509,1693 2746,1693 2746,1771 2509,1771"/>
                    <TextEquiv>
                        <Unicode>d’une</Unicode>
                    </TextEquiv>
                    <TextStyle fontFamily="Times New Roman" fontSize="9.0"/>
                </Word>
                <TextEquiv>
                    <Unicode>il s’agit d’une quantité qui offre des subdivisions, d’une</Unicode>
                </TextEquiv>
                <TextStyle fontFamily="Times New Roman" fontSize="9.0"/>
            </TextLine>
            <TextLine id="tl_13" primaryLanguage="English" custom="readingOrder {index:8;}">
                <Coords points="278,1781 2745,1781 2745,1911 278,1911"/>
                <Baseline points="278,1858 489,1861 995,1868 1045,1868 1331,1871 1516,1888 1587,1871 2091,1880 2257,1881 2489,1887 2745,1887"/>
                <Word id="w_w2aab1b5b2b5c17ab1" language="English" custom="readingOrder {index:0;}">
                    <Coords points="278,1782 489,1782 489,1861 278,1861"/>
                    <TextEquiv>
                        <Unicode>série</Unicode>
                    </TextEquiv>
                    <TextStyle fontFamily="Times New Roman" fontSize="9.0"/>
                </Word>
                <Word id="w_w2aab1b5b2b5c17ac13" language="English" custom="readingOrder {index:1;}">
                    <Coords points="522,1788 995,1788 995,1889 522,1889"/>
                    <TextEquiv>
                        <Unicode>numérique</Unicode>
                    </TextEquiv>
                    <TextStyle fontFamily="Times New Roman" fontSize="9.0"/>
                </Word>
                <Word id="w_w2aab1b5b2b5c17ac33" language="English" custom="readingOrder {index:2;}">
                    <Coords points="1028,1816 1045,1816 1045,1892 1028,1892"/>
                    <TextEquiv>
                        <Unicode>:</Unicode>
                    </TextEquiv>
                    <TextStyle fontFamily="Times New Roman" fontSize="9.0"/>
                </Word>
                <Word id="w_w2aab1b5b2b5c17b1b1" language="English" custom="readingOrder {index:3;}">
                    <Coords points="1076,1806 1493,1806 1493,1893 1076,1893"/>
                    <TextEquiv>
                        <Unicode>postremus</Unicode>
                    </TextEquiv>
                    <TextStyle fontFamily="Times New Roman" fontSize="8.0" bold="true" italic="true"/>
                </Word>
                <Word id="w_w2aab1b5b2b5c17b2b1" language="English" custom="readingOrder {index:4;}">
                    <Coords points="1496,1794 1516,1794 1516,1889 1496,1889"/>
                    <TextEquiv>
                        <Unicode>,</Unicode>
                    </TextEquiv>
                    <TextStyle fontFamily="Times New Roman" fontSize="8.0" bold="true"/>
                </Word>
                <Word id="w_w2aab1b5b2b5c17b3b1" language="English" custom="readingOrder {index:5;}">
                    <Coords points="1550,1795 1858,1795 1858,1892 1550,1892"/>
                    <TextEquiv>
                        <Unicode>δστατος,</Unicode>
                    </TextEquiv>
                    <TextStyle fontFamily="Times New Roman" fontSize="6.5" bold="true"/>
                </Word>
                <Word id="w_w2aab1b5b2b5c17b4b1" language="English" custom="readingOrder {index:6;}">
                    <Coords points="1890,1803 2091,1803 2091,1880 1890,1880"/>
                    <TextEquiv>
                        <Unicode>celui</Unicode>
                    </TextEquiv>
                    <TextStyle fontFamily="Times New Roman" fontSize="9.0"/>
                </Word>
                <Word id="w_w2aab1b5b2b5c17b4c13" language="English" custom="readingOrder {index:7;}">
                    <Coords points="2122,1805 2257,1805 2257,1906 2122,1906"/>
                    <TextEquiv>
                        <Unicode>qui</Unicode>
                    </TextEquiv>
                    <TextStyle fontFamily="Times New Roman" fontSize="9.0"/>
                </Word>
                <Word id="w_w2aab1b5b2b5c17b4c21" language="English" custom="readingOrder {index:8;}">
                    <Coords points="2280,1808 2489,1808 2489,1887 2280,1887"/>
                    <TextEquiv>
                        <Unicode>vient</Unicode>
                    </TextEquiv>
                    <TextStyle fontFamily="Times New Roman" fontSize="9.0"/>
                </Word>
                <Word id="w_w2aab1b5b2b5c17b4c33" language="English" custom="readingOrder {index:9;}">
                    <Coords points="2516,1813 2745,1813 2745,1910 2516,1910"/>
                    <TextEquiv>
                        <Unicode>après</Unicode>
                    </TextEquiv>
                    <TextStyle fontFamily="Times New Roman" fontSize="9.0"/>
                </Word>
                <TextEquiv>
                    <Unicode>série numérique : postremus, ὕστατος, celui qui vient après</Unicode>
                </TextEquiv>
            </TextLine>
            <TextLine id="tl_14" primaryLanguage="English" custom="readingOrder {index:9;}">
                <Coords points="277,1903 2744,1903 2744,2035 277,2035"/>
                <Baseline points="277,1977 394,1980 710,1985 948,1987 1134,1991 1376,1995 1630,1997 1850,1999 1994,2003 2084,2003 2418,2008 2528,2009 2743,1993"/>
                <Word id="w_w2aab1b5b2b5c19ab1" language="English" custom="readingOrder {index:0;}">
                    <Coords points="277,1903 394,1903 394,1982 277,1982"/>
                    <TextEquiv>
                        <Unicode>les</Unicode>
                    </TextEquiv>
                    <TextStyle fontFamily="Times New Roman" fontSize="9.0"/>
                </Word>
                <Word id="w_w2aab1b5b2b5c19ab9" language="English" custom="readingOrder {index:1;}">
                    <Coords points="441,1918 710,1918 710,1986 441,1986"/>
                    <TextEquiv>
                        <Unicode>autres</Unicode>
                    </TextEquiv>
                    <TextStyle fontFamily="Times New Roman" fontSize="9.0"/>
                </Word>
                <Word id="w_w2aab1b5b2b5c19ac23" language="English" custom="readingOrder {index:2;}">
                    <Coords points="753,1912 948,1912 948,1988 753,1988"/>
                    <TextEquiv>
                        <Unicode>dans</Unicode>
                    </TextEquiv>
                    <TextStyle fontFamily="Times New Roman" fontSize="9.0"/>
                </Word>
                <Word id="w_w2aab1b5b2b5c19ac33" language="English" custom="readingOrder {index:3;}">
                    <Coords points="979,1936 1134,1936 1134,1991 979,1991"/>
                    <TextEquiv>
                        <Unicode>une</Unicode>
                    </TextEquiv>
                    <TextStyle fontFamily="Times New Roman" fontSize="9.0"/>
                </Word>
                <Word id="w_w2aab1b5b2b5c19ac41" language="English" custom="readingOrder {index:4;}">
                    <Coords points="1173,1914 1376,1914 1376,1995 1173,1995"/>
                    <TextEquiv>
                        <Unicode>série</Unicode>
                    </TextEquiv>
                    <TextStyle fontFamily="Times New Roman" fontSize="9.0"/>
                </Word>
                <Word id="w_w2aab1b5b2b5c19ac53" language="English" custom="readingOrder {index:5;}">
                    <Coords points="1411,1927 1630,1927 1630,1997 1411,1997"/>
                    <TextEquiv>
                        <Unicode>toute</Unicode>
                    </TextEquiv>
                    <TextStyle fontFamily="Times New Roman" fontSize="9.0"/>
                </Word>
                <Word id="w_w2aab1b5b2b5c19ac65" language="English" custom="readingOrder {index:6;}">
                    <Coords points="1665,1922 1850,1922 1850,1999 1665,1999"/>
                    <TextEquiv>
                        <Unicode>faite</Unicode>
                    </TextEquiv>
                    <TextStyle fontFamily="Times New Roman" fontSize="9.0"/>
                </Word>
                <Word id="w_w2aab1b5b2b5c19ac77" language="English" custom="readingOrder {index:7;}">
                    <Coords points="1889,1926 1994,1926 1994,2003 1889,2003"/>
                    <TextEquiv>
                        <Unicode>où</Unicode>
                    </TextEquiv>
                    <TextStyle fontFamily="Times New Roman" fontSize="9.0"/>
                </Word>
                <Word id="w_w2aab1b5b2b5c19ac83" language="English" custom="readingOrder {index:8;}">
                    <Coords points="2029,1925 2084,1925 2084,2003 2029,2003"/>
                    <TextEquiv>
                        <Unicode>il</Unicode>
                    </TextEquiv>
                    <TextStyle fontFamily="Times New Roman" fontSize="9.0"/>
                </Word>
                <Word id="w_w2aab1b5b2b5c19ac89" language="English" custom="readingOrder {index:9;}">
                    <Coords points="2121,1950 2418,1950 2418,2032 2121,2032"/>
                    <TextEquiv>
                        <Unicode>occupe</Unicode>
                    </TextEquiv>
                    <TextStyle fontFamily="Times New Roman" fontSize="9.0"/>
                </Word>
                <Word id="w_w2aab1b5b2b5c19ad103" language="English" custom="readingOrder {index:10;}">
                    <Coords points="2453,1933 2528,1933 2528,2009 2453,2009"/>
                    <TextEquiv>
                        <Unicode>la</Unicode>
                    </TextEquiv>
                    <TextStyle fontFamily="Times New Roman" fontSize="9.0"/>
                </Word>
                <Word id="w_w2aab1b5b2b5c19ad109" language="English" custom="readingOrder {index:11;}">
                    <Coords points="2565,1936 2743,1936 2743,2013 2565,2013"/>
                    <TextEquiv>
                        <Unicode>der¬</Unicode>
                    </TextEquiv>
                    <TextStyle fontFamily="Times New Roman" fontSize="9.0"/>
                </Word>
                <TextEquiv>
                    <Unicode>les autres dans une série toute faite où il occupe la der¬</Unicode>
                </TextEquiv>
                <TextStyle fontFamily="Times New Roman" fontSize="9.0"/>
            </TextLine>
            <TextLine id="tl_15" primaryLanguage="English" custom="readingOrder {index:10;}">
                <Coords points="274,2027 2735,2027 2735,2155 274,2155"/>
                <Baseline points="274,2102 499,2105 798,2130 989,2112 1483,2116 1567,2119 1807,2121 1983,2125 2387,2130 2492,2131 2734,2155"/>
                <Word id="w_w2aab1b5b2b5c21ab1" language="English" custom="readingOrder {index:0;}">
                    <Coords points="274,2030 499,2030 499,2108 274,2108"/>
                    <TextEquiv>
                        <Unicode>nière</Unicode>
                    </TextEquiv>
                    <TextStyle fontFamily="Times New Roman" fontSize="9.0"/>
                </Word>
                <Word id="w_w2aab1b5b2b5c21ac13" language="English" custom="readingOrder {index:1;}">
                    <Coords points="548,2030 798,2030 798,2130 548,2130"/>
                    <TextEquiv>
                        <Unicode>place,</Unicode>
                    </TextEquiv>
                    <TextStyle fontFamily="Times New Roman" fontSize="9.0"/>
                </Word>
                <Word id="w_w2aab1b5b2b5c21ac27" language="English" custom="readingOrder {index:2;}">
                    <Coords points="850,2057 989,2057 989,2133 850,2133"/>
                    <TextEquiv>
                        <Unicode>par</Unicode>
                    </TextEquiv>
                    <TextStyle fontFamily="Times New Roman" fontSize="9.0"/>
                </Word>
                <Word id="w_w2aab1b5b2b5c21ac35" language="English" custom="readingOrder {index:3;}">
                    <Coords points="1028,2038 1483,2038 1483,2139 1028,2139"/>
                    <TextEquiv>
                        <Unicode>opposition</Unicode>
                    </TextEquiv>
                    <TextStyle fontFamily="Times New Roman" fontSize="9.0"/>
                </Word>
                <Word id="w_w2aab1b5b2b5c21ac57" language="English" custom="readingOrder {index:4;}">
                    <Coords points="1520,2042 1567,2042 1567,2119 1520,2119"/>
                    <TextEquiv>
                        <Unicode>à</Unicode>
                    </TextEquiv>
                    <TextStyle fontFamily="Times New Roman" fontSize="9.0"/>
                </Word>
                <Word id="w_w2aab1b5b2b5c21ac61" language="English" custom="readingOrder {index:5;}">
                    <Coords points="1612,2065 1807,2065 1807,2123 1612,2123"/>
                    <TextEquiv>
                        <Unicode>ceux</Unicode>
                    </TextEquiv>
                    <TextStyle fontFamily="Times New Roman" fontSize="9.0"/>
                </Word>
                <Word id="w_w2aab1b5b2b5c21ac71" language="English" custom="readingOrder {index:6;}">
                    <Coords points="1846,2046 1983,2046 1983,2148 1846,2148"/>
                    <TextEquiv>
                        <Unicode>qui</Unicode>
                    </TextEquiv>
                    <TextStyle fontFamily="Times New Roman" fontSize="9.0"/>
                </Word>
                <Word id="w_w2aab1b5b2b5c21ac79" language="English" custom="readingOrder {index:7;}">
                    <Coords points="2034,2049 2387,2049 2387,2130 2034,2130"/>
                    <TextEquiv>
                        <Unicode>tiennent</Unicode>
                    </TextEquiv>
                    <TextStyle fontFamily="Times New Roman" fontSize="9.0"/>
                </Word>
                <Word id="w_w2aab1b5b2b5c21ac97" language="English" custom="readingOrder {index:8;}">
                    <Coords points="2418,2054 2492,2054 2492,2131 2418,2131"/>
                    <TextEquiv>
                        <Unicode>la</Unicode>
                    </TextEquiv>
                    <TextStyle fontFamily="Times New Roman" fontSize="9.0"/>
                </Word>
                <Word id="w_w2aab1b5b2b5c21ad103" language="English" custom="readingOrder {index:9;}">
                    <Coords points="2528,2062 2734,2062 2734,2155 2528,2155"/>
                    <TextEquiv>
                        <Unicode>tête;</Unicode>
                    </TextEquiv>
                    <TextStyle fontFamily="Times New Roman" fontSize="9.0"/>
                </Word>
                <TextEquiv>
                    <Unicode>nière place, par opposition à ceux qui tiennent la tête;</Unicode>
                </TextEquiv>
                <TextStyle fontFamily="Times New Roman" fontSize="9.0"/>
            </TextLine>
            <TextLine id="tl_16" primaryLanguage="English" custom="readingOrder {index:11;}">
                <Coords points="273,2151 2740,2151 2740,2267 273,2267"/>
                <Baseline points="273,2228 323,2228 747,2249 866,2233 1215,2238 1441,2240 1647,2244 1901,2248 2041,2247 2497,2253 2652,2257 2740,2257"/>
                <Word id="w_w2aab1b5b2b5c23ab1" language="English" custom="readingOrder {index:0;}">
                    <Coords points="273,2153 723,2153 723,2229 273,2229"/>
                    <TextEquiv>
                        <Unicode>novissimus</Unicode>
                    </TextEquiv>
                    <TextStyle fontFamily="Times New Roman" fontSize="8.0" bold="true" italic="true"/>
                </Word>
                <Word id="w_w2aab1b5b2b5c23b1b1" language="English" custom="readingOrder {index:1;}">
                    <Coords points="727,2213 747,2213 747,2249 727,2249"/>
                    <TextEquiv>
                        <Unicode>,</Unicode>
                    </TextEquiv>
                    <TextStyle fontFamily="Times New Roman" fontSize="9.0"/>
                </Word>
                <Word id="w_w2aab1b5b2b5c23b1b5" language="English" custom="readingOrder {index:2;}">
                    <Coords points="789,2156 866,2156 866,2233 789,2233"/>
                    <TextEquiv>
                        <Unicode>le</Unicode>
                    </TextEquiv>
                    <TextStyle fontFamily="Times New Roman" fontSize="9.0"/>
                </Word>
                <Word id="w_w2aab1b5b2b5c23b1c11" language="English" custom="readingOrder {index:3;}">
                    <Coords points="901,2157 1215,2157 1215,2238 901,2238"/>
                    <TextEquiv>
                        <Unicode>dernier</Unicode>
                    </TextEquiv>
                    <TextStyle fontFamily="Times New Roman" fontSize="9.0"/>
                </Word>
                <Word id="w_w2aab1b5b2b5c23b1c27" language="English" custom="readingOrder {index:4;}">
                    <Coords points="1251,2162 1441,2162 1441,2240 1251,2240"/>
                    <TextEquiv>
                        <Unicode>dans</Unicode>
                    </TextEquiv>
                    <TextStyle fontFamily="Times New Roman" fontSize="9.0"/>
                </Word>
                <Word id="w_w2aab1b5b2b5c23b1c37" language="English" custom="readingOrder {index:5;}">
                    <Coords points="1495,2187 1647,2187 1647,2244 1495,2244"/>
                    <TextEquiv>
                        <Unicode>une</Unicode>
                    </TextEquiv>
                    <TextStyle fontFamily="Times New Roman" fontSize="9.0"/>
                </Word>
                <Word id="w_w2aab1b5b2b5c23b1c45" language="English" custom="readingOrder {index:6;}">
                    <Coords points="1701,2166 1901,2166 1901,2248 1701,2248"/>
                    <TextEquiv>
                        <Unicode>série</Unicode>
                    </TextEquiv>
                    <TextStyle fontFamily="Times New Roman" fontSize="9.0"/>
                </Word>
                <Word id="w_w2aab1b5b2b5c23b1c57" language="English" custom="readingOrder {index:7;}">
                    <Coords points="1945,2192 2041,2192 2041,2247 1945,2247"/>
                    <TextEquiv>
                        <Unicode>en</Unicode>
                    </TextEquiv>
                    <TextStyle fontFamily="Times New Roman" fontSize="9.0"/>
                </Word>
                <Word id="w_w2aab1b5b2b5c23b1c63" language="English" custom="readingOrder {index:8;}">
                    <Coords points="2077,2173 2497,2173 2497,2255 2077,2255"/>
                    <TextEquiv>
                        <Unicode>formation</Unicode>
                    </TextEquiv>
                    <TextStyle fontFamily="Times New Roman" fontSize="9.0"/>
                </Word>
                <Word id="w_w2aab1b5b2b5c23b1c83" language="English" custom="readingOrder {index:9;}">
                    <Coords points="2547,2182 2652,2182 2652,2257 2547,2257"/>
                    <TextEquiv>
                        <Unicode>où</Unicode>
                    </TextEquiv>
                    <TextStyle fontFamily="Times New Roman" fontSize="9.0"/>
                </Word>
                <Word id="w_w2aab1b5b2b5c23b1c89" language="English" custom="readingOrder {index:10;}">
                    <Coords points="2685,2181 2740,2181 2740,2257 2685,2257"/>
                    <TextEquiv>
                        <Unicode>il</Unicode>
                    </TextEquiv>
                    <TextStyle fontFamily="Times New Roman" fontSize="9.0"/>
                </Word>
                <TextEquiv>
                    <Unicode>novissimus, le dernier dans une série en formation où il</Unicode>
                </TextEquiv>
            </TextLine>
            <TextLine id="tl_17" primaryLanguage="English" custom="readingOrder {index:12;}">
                <Coords points="274,2273 2739,2273 2739,2403 274,2403"/>
                <Baseline points="274,2352 495,2353 894,2357 969,2357 1176,2359 1314,2361 1624,2383 1734,2366 1936,2368 2306,2391 2472,2375 2738,2361"/>
                <Word id="w_w2aab1b5b2b5c25ab1" language="English" custom="readingOrder {index:0;}">
                    <Coords points="274,2274 495,2274 495,2353 274,2353"/>
                    <TextEquiv>
                        <Unicode>vient</Unicode>
                    </TextEquiv>
                    <TextStyle fontFamily="Times New Roman" fontSize="9.0"/>
                </Word>
                <Word id="w_w2aab1b5b2b5c25ac13" language="English" custom="readingOrder {index:1;}">
                    <Coords points="522,2278 894,2278 894,2377 522,2377"/>
                    <TextEquiv>
                        <Unicode>s’ajouter</Unicode>
                    </TextEquiv>
                    <TextStyle fontFamily="Times New Roman" fontSize="9.0"/>
                </Word>
                <Word id="w_w2aab1b5b2b5c25ac33" language="English" custom="readingOrder {index:2;}">
                    <Coords points="922,2281 969,2281 969,2357 922,2357"/>
                    <TextEquiv>
                        <Unicode>à</Unicode>
                    </TextEquiv>
                    <TextStyle fontFamily="Times New Roman" fontSize="9.0"/>
                </Word>
                <Word id="w_w2aab1b5b2b5c25ac37" language="English" custom="readingOrder {index:3;}">
                    <Coords points="1000,2290 1176,2290 1176,2359 1000,2359"/>
                    <TextEquiv>
                        <Unicode>tous</Unicode>
                    </TextEquiv>
                    <TextStyle fontFamily="Times New Roman" fontSize="9.0"/>
                </Word>
                <Word id="w_w2aab1b5b2b5c25ac47" language="English" custom="readingOrder {index:4;}">
                    <Coords points="1200,2284 1314,2284 1314,2362 1200,2362"/>
                    <TextEquiv>
                        <Unicode>les</Unicode>
                    </TextEquiv>
                    <TextStyle fontFamily="Times New Roman" fontSize="9.0"/>
                </Word>
                <Word id="w_w2aab1b5b2b5c25ac55" language="English" custom="readingOrder {index:5;}">
                    <Coords points="1338,2294 1624,2294 1624,2383 1338,2383"/>
                    <TextEquiv>
                        <Unicode>autres,</Unicode>
                    </TextEquiv>
                    <TextStyle fontFamily="Times New Roman" fontSize="9.0"/>
                </Word>
                <Word id="w_w2aab1b5b2b5c25ac71" language="English" custom="readingOrder {index:6;}">
                    <Coords points="1660,2288 1734,2288 1734,2366 1660,2366"/>
                    <TextEquiv>
                        <Unicode>le</Unicode>
                    </TextEquiv>
                    <TextStyle fontFamily="Times New Roman" fontSize="9.0"/>
                </Word>
                <Word id="w_w2aab1b5b2b5c25ac77" language="English" custom="readingOrder {index:7;}">
                    <Coords points="1764,2297 1936,2297 1936,2368 1764,2368"/>
                    <TextEquiv>
                        <Unicode>tout</Unicode>
                    </TextEquiv>
                    <TextStyle fontFamily="Times New Roman" fontSize="9.0"/>
                </Word>
                <Word id="w_w2aab1b5b2b5c25ac87" language="English" custom="readingOrder {index:8;}">
                    <Coords points="1966,2294 2306,2294 2306,2391 1966,2391"/>
                    <TextEquiv>
                        <Unicode>dernier,</Unicode>
                    </TextEquiv>
                    <TextStyle fontFamily="Times New Roman" fontSize="9.0"/>
                </Word>
                <Word id="w_w2aab1b5b2b5c25ad105" language="English" custom="readingOrder {index:9;}">
                    <Coords points="2332,2322 2472,2322 2472,2396 2332,2396"/>
                    <TextEquiv>
                        <Unicode>par</Unicode>
                    </TextEquiv>
                    <TextStyle fontFamily="Times New Roman" fontSize="9.0"/>
                </Word>
                <Word id="w_w2aab1b5b2b5c25ad113" language="English" custom="readingOrder {index:10;}">
                    <Coords points="2494,2323 2738,2323 2738,2403 2494,2403"/>
                    <TextEquiv>
                        <Unicode>oppo¬</Unicode>
                    </TextEquiv>
                    <TextStyle fontFamily="Times New Roman" fontSize="9.0"/>
                </Word>
                <TextEquiv>
                    <Unicode>vient s’ajouter à tous les autres, le tout dernier, par oppo¬</Unicode>
                </TextEquiv>
                <TextStyle fontFamily="Times New Roman" fontSize="9.0"/>
            </TextLine>
            <TextLine id="tl_18" primaryLanguage="English" custom="readingOrder {index:13;}">
                <Coords points="275,2397 2339,2397 2339,2518 275,2518"/>
                <Baseline points="275,2476 525,2477 657,2479 929,2481 1095,2483 1335,2487 1701,2506 1783,2489 2339,2496"/>
                <Word id="w_w2aab1b5b2b5c27ab1" language="English" custom="readingOrder {index:0;}">
                    <Coords points="275,2398 525,2398 525,2477 275,2477"/>
                    <TextEquiv>
                        <Unicode>sition</Unicode>
                    </TextEquiv>
                    <TextStyle fontFamily="Times New Roman" fontSize="9.0"/>
                </Word>
                <Word id="w_w2aab1b5b2b5c27ac15" language="English" custom="readingOrder {index:1;}">
                    <Coords points="559,2422 657,2422 657,2479 559,2479"/>
                    <TextEquiv>
                        <Unicode>au</Unicode>
                    </TextEquiv>
                    <TextStyle fontFamily="Times New Roman" fontSize="9.0"/>
                </Word>
                <Word id="w_w2aab1b5b2b5c27ac21" language="English" custom="readingOrder {index:2;}">
                    <Coords points="693,2404 929,2404 929,2481 693,2481"/>
                    <TextEquiv>
                        <Unicode>néant</Unicode>
                    </TextEquiv>
                    <TextStyle fontFamily="Times New Roman" fontSize="9.0"/>
                </Word>
                <Word id="w_w2aab1b5b2b5c27ac33" language="English" custom="readingOrder {index:3;}">
                    <Coords points="963,2404 1095,2404 1095,2506 963,2506"/>
                    <TextEquiv>
                        <Unicode>qui</Unicode>
                    </TextEquiv>
                    <TextStyle fontFamily="Times New Roman" fontSize="9.0"/>
                </Word>
                <Word id="w_w2aab1b5b2b5c27ac41" language="English" custom="readingOrder {index:4;}">
                    <Coords points="1127,2405 1335,2405 1335,2487 1127,2487"/>
                    <TextEquiv>
                        <Unicode>vient</Unicode>
                    </TextEquiv>
                    <TextStyle fontFamily="Times New Roman" fontSize="9.0"/>
                </Word>
                <Word id="w_w2aab1b5b2b5c27ac53" language="English" custom="readingOrder {index:5;}">
                    <Coords points="1371,2413 1701,2413 1701,2506 1371,2506"/>
                    <TextEquiv>
                        <Unicode>ensuite,</Unicode>
                    </TextEquiv>
                    <TextStyle fontFamily="Times New Roman" fontSize="9.0"/>
                </Word>
                <Word id="w_w2aab1b5b2b5c27ac71" language="English" custom="readingOrder {index:6;}">
                    <Coords points="1741,2434 2051,2434 2051,2495 1741,2495"/>
                    <TextEquiv>
                        <Unicode>comme</Unicode>
                    </TextEquiv>
                    <TextStyle fontFamily="Times New Roman" fontSize="9.0"/>
                </Word>
                <Word id="w_w2aab1b5b2b5c27b1b1" language="English" custom="readingOrder {index:7;}">
                    <Coords points="2087,2414 2339,2414 2339,2504 2087,2504"/>
                    <TextEquiv>
                        <Unicode>νεάτος.</Unicode>
                    </TextEquiv>
                    <TextStyle fontFamily="Times New Roman" fontSize="6.5" bold="true"/>
                </Word>
                <TextEquiv>
                    <Unicode>sition au néant qui vient ensuite, comme νέατος.</Unicode>
                </TextEquiv>
            </TextLine>
            <TextEquiv>
                <Unicode>Extremus. Ultimus. Postremus. Novissimus. Extremus
et ultimus, le dernier, quand il s'agit d’une quantité indi¬
vise, d’un espace continu : extremus se dit de la partie
extrême d’un espace ou d’une surface, par opposition à
intimus et medius, comme ἔσχατος; ultimus, du point
extrême d’une ligne, par opposition à citimus et proximus,
comme λοῖσθος. Postremus et novissimus, le dernier quand
il s’agit d’une quantité qui offre des subdivisions, d’une
série numérique : postremus, ὕστατος, celui qui vient après
les autres dans une série toute faite où il occupe la der¬
nière place, par opposition à ceux qui tiennent la tête;
novissimus, le dernier dans une série en formation où il
vient s’ajouter à tous les autres, le tout dernier, par oppo¬
sition au néant qui vient ensuite, comme νέατος.</Unicode>
            </TextEquiv>
        </TextRegion>
        <TextRegion type="paragraph" id="r_3_4" custom="readingOrder {index:5;}">
            <Coords points="274,2562 1013,2562 1013,2661 274,2661"/>
            <TextLine id="tl_19" primaryLanguage="English" custom="readingOrder {index:0;}">
                <Coords points="275,2563 1012,2563 1012,2660 275,2660"/>
                <Baseline points="275,2638 478,2635 674,2637 1012,2642"/>
                <Word id="w_w2aab1b5b2b7b1ab1" language="English" custom="readingOrder {index:0;}">
                    <Coords points="275,2569 590,2569 590,2656 275,2656"/>
                    <TextEquiv>
                        <Unicode>Exuvim,</Unicode>
                    </TextEquiv>
                    <TextStyle fontFamily="Times New Roman" fontSize="6.5" bold="true"/>
                </Word>
                <Word id="w_w2aab1b5b2b7b1b1b1" language="English" custom="readingOrder {index:1;}">
                    <Coords points="629,2567 700,2567 700,2639 629,2639"/>
                    <TextEquiv>
                        <Unicode>y.</Unicode>
                    </TextEquiv>
                    <TextStyle fontFamily="Times New Roman" fontSize="7.0" bold="true" italic="true"/>
                </Word>
                <Word id="w_w2aab1b5b2b7b1b2b1" language="English" custom="readingOrder {index:2;}">
                    <Coords points="717,2567 1012,2567 1012,2642 717,2642"/>
                    <TextEquiv>
                        <Unicode>Praeda.</Unicode>
                    </TextEquiv>
                    <TextStyle fontFamily="Times New Roman" fontSize="7.0" bold="true" italic="true"/>
                </Word>
                <TextEquiv>
                    <Unicode>Exuviæ, y. Praeda.</Unicode>
                </TextEquiv>
            </TextLine>
            <TextEquiv>
                <Unicode>Exuviæ, y. Praeda.</Unicode>
            </TextEquiv>
        </TextRegion>
        <TextRegion type="paragraph" id="r_4_1" custom="readingOrder {index:6;}">
            <Coords points="1481,2859 1570,2859 1570,2974 1481,2974"/>
            <TextLine id="tl_20" primaryLanguage="English" custom="readingOrder {index:0;}">
                <Coords points="1482,2860 1569,2860 1569,2973 1482,2973"/>
                <Baseline points="1482,2973 1569,2973"/>
                <Word id="w_w2aab1b7b2b1b1ab1" language="English" custom="readingOrder {index:0;}">
                    <Coords points="1482,2860 1569,2860 1569,2973 1482,2973"/>
                    <TextEquiv>
                        <Unicode>F</Unicode>
                    </TextEquiv>
                    <TextStyle fontFamily="Times New Roman" fontSize="14.0" bold="true"/>
                </Word>
                <TextEquiv>
                    <Unicode>F</Unicode>
                </TextEquiv>
                <TextStyle fontFamily="Times New Roman" fontSize="14.0" bold="true"/>
            </TextLine>
            <TextEquiv>
                <Unicode>F</Unicode>
            </TextEquiv>
        </TextRegion>
        <TextRegion type="paragraph" id="r_4_2" custom="readingOrder {index:7;}">
            <Coords points="265,3155 2741,3155 2741,3894 265,3894"/>
            <TextLine id="tl_21" primaryLanguage="English" custom="readingOrder {index:0;}">
                <Coords points="378,3156 2733,3156 2733,3273 378,3273"/>
                <Baseline points="378,3239 664,3239 1008,3242 1212,3244 1568,3243 1714,3264 2098,3250 2331,3254 2436,3257 2733,3257"/>
                <Word id="w_w2aab1b7b2b3b1ab1" language="English" custom="readingOrder {index:0;}">
                    <Coords points="378,3164 664,3164 664,3241 378,3241"/>
                    <TextEquiv>
                        <Unicode>Faber.</Unicode>
                    </TextEquiv>
                    <TextStyle fontFamily="Times New Roman" fontSize="9.0"/>
                </Word>
                <Word id="w_w2aab1b7b2b3b1ac15" language="English" custom="readingOrder {index:1;}">
                    <Coords points="710,3163 1008,3163 1008,3242 710,3242"/>
                    <TextEquiv>
                        <Unicode>Opifex.</Unicode>
                    </TextEquiv>
                    <TextStyle fontFamily="Times New Roman" fontSize="9.0"/>
                </Word>
                <Word id="w_w2aab1b7b2b3b1ac31" language="English" custom="readingOrder {index:2;}">
                    <Coords points="1048,3164 1408,3164 1408,3245 1048,3245"/>
                    <TextEquiv>
                        <Unicode>Artifex.</Unicode>
                    </TextEquiv>
                    <TextStyle fontFamily="Times New Roman" fontSize="9.0"/>
                </Word>
                <Word id="w_w2aab1b7b2b3b1b1b1" language="English" custom="readingOrder {index:3;}">
                    <Coords points="1454,3166 1695,3166 1695,3245 1454,3245"/>
                    <TextEquiv>
                        <Unicode>Fabri</Unicode>
                    </TextEquiv>
                    <TextStyle fontFamily="Times New Roman" fontSize="8.0" bold="true" italic="true"/>
                </Word>
                <Word id="w_w2aab1b7b2b3b1b2b1" language="English" custom="readingOrder {index:4;}">
                    <Coords points="1696,3190 1714,3190 1714,3265 1696,3265"/>
                    <TextEquiv>
                        <Unicode>,</Unicode>
                    </TextEquiv>
                    <TextStyle fontFamily="Times New Roman" fontSize="9.0"/>
                </Word>
                <Word id="w_w2aab1b7b2b3b1b3b1" language="English" custom="readingOrder {index:5;}">
                    <Coords points="1754,3172 2098,3172 2098,3251 1754,3251"/>
                    <TextEquiv>
                        <Unicode>ouvriers</Unicode>
                    </TextEquiv>
                    <TextStyle fontFamily="Times New Roman" fontSize="9.0"/>
                </Word>
                <Word id="w_w2aab1b7b2b3b1b3c19" language="English" custom="readingOrder {index:6;}">
                    <Coords points="2134,3176 2331,3176 2331,3254 2134,3254"/>
                    <TextEquiv>
                        <Unicode>dont</Unicode>
                    </TextEquiv>
                    <TextStyle fontFamily="Times New Roman" fontSize="9.0"/>
                </Word>
                <Word id="w_w2aab1b7b2b3b1b3c29" language="English" custom="readingOrder {index:7;}">
                    <Coords points="2362,3178 2436,3178 2436,3257 2362,3257"/>
                    <TextEquiv>
                        <Unicode>le</Unicode>
                    </TextEquiv>
                    <TextStyle fontFamily="Times New Roman" fontSize="9.0"/>
                </Word>
                <Word id="w_w2aab1b7b2b3b1b3c35" language="English" custom="readingOrder {index:8;}">
                    <Coords points="2464,3181 2733,3181 2733,3260 2464,3260"/>
                    <TextEquiv>
                        <Unicode>travail</Unicode>
                    </TextEquiv>
                    <TextStyle fontFamily="Times New Roman" fontSize="9.0"/>
                </Word>
                <TextEquiv>
                    <Unicode>Faber. Opifex. Artifex. Fabri, ouvriers dont le travail</Unicode>
                </TextEquiv>
            </TextLine>
            <TextLine id="tl_22" primaryLanguage="English" custom="readingOrder {index:1;}">
                <Coords points="269,3281 2740,3281 2740,3405 269,3405"/>
                <Baseline points="269,3366 625,3362 775,3362 981,3364 1363,3367 1501,3368 1791,3371 2301,3393 2739,3363"/>
                <Word id="w_w2aab1b7b2b3b3ab1" language="English" custom="readingOrder {index:0;}">
                    <Coords points="269,3285 625,3285 625,3366 269,3366"/>
                    <TextEquiv>
                        <Unicode>consiste</Unicode>
                    </TextEquiv>
                    <TextStyle fontFamily="Times New Roman" fontSize="9.0"/>
                </Word>
                <Word id="w_w2aab1b7b2b3b3ac19" language="English" custom="readingOrder {index:1;}">
                    <Coords points="675,3309 775,3309 775,3363 675,3363"/>
                    <TextEquiv>
                        <Unicode>en</Unicode>
                    </TextEquiv>
                    <TextStyle fontFamily="Times New Roman" fontSize="9.0"/>
                </Word>
                <Word id="w_w2aab1b7b2b3b3ac25" language="English" custom="readingOrder {index:2;}">
                    <Coords points="825,3311 981,3311 981,3365 825,3365"/>
                    <TextEquiv>
                        <Unicode>une</Unicode>
                    </TextEquiv>
                    <TextStyle fontFamily="Times New Roman" fontSize="9.0"/>
                </Word>
                <Word id="w_w2aab1b7b2b3b3ac33" language="English" custom="readingOrder {index:3;}">
                    <Coords points="1021,3288 1363,3288 1363,3387 1021,3387"/>
                    <TextEquiv>
                        <Unicode>dépense</Unicode>
                    </TextEquiv>
                    <TextStyle fontFamily="Times New Roman" fontSize="9.0"/>
                </Word>
                <Word id="w_w2aab1b7b2b3b3ac49" language="English" custom="readingOrder {index:4;}">
                    <Coords points="1401,3291 1501,3291 1501,3368 1401,3368"/>
                    <TextEquiv>
                        <Unicode>de</Unicode>
                    </TextEquiv>
                    <TextStyle fontFamily="Times New Roman" fontSize="9.0"/>
                </Word>
                <Word id="w_w2aab1b7b2b3b3ac55" language="English" custom="readingOrder {index:5;}">
                    <Coords points="1537,3293 1791,3293 1791,3371 1537,3371"/>
                    <TextEquiv>
                        <Unicode>forces</Unicode>
                    </TextEquiv>
                    <TextStyle fontFamily="Times New Roman" fontSize="9.0"/>
                </Word>
                <Word id="w_w2aab1b7b2b3b3ac69" language="English" custom="readingOrder {index:6;}">
                    <Coords points="1847,3296 2301,3296 2301,3397 1847,3397"/>
                    <TextEquiv>
                        <Unicode>physiques,</Unicode>
                    </TextEquiv>
                    <TextStyle fontFamily="Times New Roman" fontSize="9.0"/>
                </Word>
                <Word id="w_w2aab1b7b2b3b3ac91" language="English" custom="readingOrder {index:7;}">
                    <Coords points="2353,3302 2739,3302 2739,3404 2353,3404"/>
                    <TextEquiv>
                        <Unicode>charpen¬</Unicode>
                    </TextEquiv>
                    <TextStyle fontFamily="Times New Roman" fontSize="9.0"/>
                </Word>
                <TextEquiv>
                    <Unicode>consiste en une dépense de forces physiques, charpen¬</Unicode>
                </TextEquiv>
                <TextStyle fontFamily="Times New Roman" fontSize="9.0"/>
            </TextLine>
            <TextLine id="tl_23" primaryLanguage="English" custom="readingOrder {index:2;}">
                <Coords points="266,3399 2738,3399 2738,3529 266,3529"/>
                <Baseline points="266,3488 468,3485 576,3484 634,3483 1208,3516 1620,3489 1902,3510 2262,3499 2422,3501 2542,3504 2738,3483"/>
                <Word id="w_w2aab1b7b2b3b5ab1" language="English" custom="readingOrder {index:0;}">
                    <Coords points="266,3410 468,3410 468,3488 266,3488"/>
                    <TextEquiv>
                        <Unicode>tiers</Unicode>
                    </TextEquiv>
                    <TextStyle fontFamily="Times New Roman" fontSize="9.0"/>
                </Word>
                <Word id="w_w2aab1b7b2b3b5ac13" language="English" custom="readingOrder {index:1;}">
                    <Coords points="498,3418 576,3418 576,3484 498,3484"/>
                    <TextEquiv>
                        <Unicode>et</Unicode>
                    </TextEquiv>
                    <TextStyle fontFamily="Times New Roman" fontSize="9.0"/>
                </Word>
                <Word id="w_w2aab1b7b2b3b5ac19" language="English" custom="readingOrder {index:2;}">
                    <Coords points="598,3408 1030,3408 1030,3514 598,3514"/>
                    <TextEquiv>
                        <Unicode>forgerons,</Unicode>
                    </TextEquiv>
                    <TextStyle fontFamily="Times New Roman" fontSize="9.0"/>
                </Word>
                <Word id="w_w2aab1b7b2b3b5b1b1" language="English" custom="readingOrder {index:3;}">
                    <Coords points="1058,3408 1542,3408 1542,3516 1058,3516"/>
                    <TextEquiv>
                        <Unicode>χειρώναχτες;</Unicode>
                    </TextEquiv>
                    <TextStyle fontFamily="Times New Roman" fontSize="6.5" bold="true"/>
                </Word>
                <Word id="w_w2aab1b7b2b3b5b2b1" language="English" custom="readingOrder {index:4;}">
                    <Coords points="1580,3412 1878,3412 1878,3516 1580,3516"/>
                    <TextEquiv>
                        <Unicode>opifices</Unicode>
                    </TextEquiv>
                    <TextStyle fontFamily="Times New Roman" fontSize="8.0" bold="true" italic="true"/>
                </Word>
                <Word id="w_w2aab1b7b2b3b5b3b1" language="English" custom="readingOrder {index:5;}">
                    <Coords points="1884,3474 1902,3474 1902,3510 1884,3510"/>
                    <TextEquiv>
                        <Unicode>,</Unicode>
                    </TextEquiv>
                    <TextStyle fontFamily="Times New Roman" fontSize="9.0"/>
                </Word>
                <Word id="w_w2aab1b7b2b3b5b3b5" language="English" custom="readingOrder {index:6;}">
                    <Coords points="1934,3421 2262,3421 2262,3499 1934,3499"/>
                    <TextEquiv>
                        <Unicode>artisans</Unicode>
                    </TextEquiv>
                    <TextStyle fontFamily="Times New Roman" fontSize="9.0"/>
                </Word>
                <Word id="w_w2aab1b7b2b3b5b3c23" language="English" custom="readingOrder {index:7;}">
                    <Coords points="2285,3426 2422,3426 2422,3526 2285,3526"/>
                    <TextEquiv>
                        <Unicode>qui</Unicode>
                    </TextEquiv>
                    <TextStyle fontFamily="Times New Roman" fontSize="9.0"/>
                </Word>
                <Word id="w_w2aab1b7b2b3b5b3c31" language="English" custom="readingOrder {index:8;}">
                    <Coords points="2446,3449 2542,3449 2542,3504 2446,3504"/>
                    <TextEquiv>
                        <Unicode>ne</Unicode>
                    </TextEquiv>
                    <TextStyle fontFamily="Times New Roman" fontSize="9.0"/>
                </Word>
                <Word id="w_w2aab1b7b2b3b5b3c37" language="English" custom="readingOrder {index:9;}">
                    <Coords points="2568,3448 2738,3448 2738,3503 2568,3503"/>
                    <TextEquiv>
                        <Unicode>sau¬</Unicode>
                    </TextEquiv>
                    <TextStyle fontFamily="Times New Roman" fontSize="9.0"/>
                </Word>
                <TextEquiv>
                    <Unicode>tiers et forgerons, χειρώναχτες; orifices, artisans qui ne sau¬</Unicode>
                </TextEquiv>
            </TextLine>
            <TextLine id="tl_24" primaryLanguage="English" custom="readingOrder {index:3;}">
                <Coords points="266,3523 2729,3523 2729,3649 266,3649"/>
                <Baseline points="267,3612 537,3608 671,3609 993,3610 1441,3612 1965,3616 2099,3620 2729,3643"/>
                <Word id="w_w2aab1b7b2b3b7ab1" language="English" custom="readingOrder {index:0;}">
                    <Coords points="267,3530 537,3530 537,3612 267,3612"/>
                    <TextEquiv>
                        <Unicode>raient</Unicode>
                    </TextEquiv>
                    <TextStyle fontFamily="Times New Roman" fontSize="9.0"/>
                </Word>
                <Word id="w_w2aab1b7b2b3b7ac15" language="English" custom="readingOrder {index:1;}">
                    <Coords points="585,3554 671,3554 671,3609 585,3609"/>
                    <TextEquiv>
                        <Unicode>se</Unicode>
                    </TextEquiv>
                    <TextStyle fontFamily="Times New Roman" fontSize="9.0"/>
                </Word>
                <Word id="w_w2aab1b7b2b3b7ac21" language="English" custom="readingOrder {index:2;}">
                    <Coords points="722,3552 993,3552 993,3632 722,3632"/>
                    <TextEquiv>
                        <Unicode>passer</Unicode>
                    </TextEquiv>
                    <TextStyle fontFamily="Times New Roman" fontSize="9.0"/>
                </Word>
                <Word id="w_w2aab1b7b2b3b7ac35" language="English" custom="readingOrder {index:3;}">
                    <Coords points="1045,3538 1441,3538 1441,3615 1045,3615"/>
                    <TextEquiv>
                        <Unicode>d’adresse</Unicode>
                    </TextEquiv>
                    <TextStyle fontFamily="Times New Roman" fontSize="9.0"/>
                </Word>
                <Word id="w_w2aab1b7b2b3b7ac55" language="English" custom="readingOrder {index:4;}">
                    <Coords points="1499,3537 1965,3537 1965,3640 1499,3640"/>
                    <TextEquiv>
                        <Unicode>mécanique</Unicode>
                    </TextEquiv>
                    <TextStyle fontFamily="Times New Roman" fontSize="9.0"/>
                </Word>
                <Word id="w_w2aab1b7b2b3b7ac75" language="English" custom="readingOrder {index:5;}">
                    <Coords points="2019,3549 2099,3549 2099,3620 2019,3620"/>
                    <TextEquiv>
                        <Unicode>et</Unicode>
                    </TextEquiv>
                    <TextStyle fontFamily="Times New Roman" fontSize="9.0"/>
                </Word>
                <Word id="w_w2aab1b7b2b3b7ac81" language="English" custom="readingOrder {index:6;}">
                    <Coords points="2143,3548 2729,3548 2729,3646 2143,3646"/>
                    <TextEquiv>
                        <Unicode>d’application,</Unicode>
                    </TextEquiv>
                    <TextStyle fontFamily="Times New Roman" fontSize="9.0"/>
                </Word>
                <TextEquiv>
                    <Unicode>raient se passer d’adresse mécanique et d’application,</Unicode>
                </TextEquiv>
                <TextStyle fontFamily="Times New Roman" fontSize="9.0"/>
            </TextLine>
            <TextLine id="tl_25" primaryLanguage="English" custom="readingOrder {index:4;}">
                <Coords points="267,3645 2734,3645 2734,3779 267,3779"/>
                <Baseline points="267,3758 534,3732 640,3749 714,3727 1020,3750 1374,3735 1548,3733 1752,3735 2064,3741 2416,3749 2520,3747 2734,3731"/>
                <Word id="w_w2aab1b7b2b3b9ab1" language="English" custom="readingOrder {index:0;}">
                    <Coords points="267,3654 598,3654 598,3758 267,3758"/>
                    <TextEquiv>
                        <Unicode>βάναυσοι</Unicode>
                    </TextEquiv>
                    <TextStyle fontFamily="Times New Roman" fontSize="6.5" bold="true"/>
                </Word>
                <Word id="w_w2aab1b7b2b3b9b1b1" language="English" custom="readingOrder {index:1;}">
                    <Coords points="619,3677 640,3677 640,3749 619,3749"/>
                    <TextEquiv>
                        <Unicode>;</Unicode>
                    </TextEquiv>
                    <TextStyle fontFamily="Times New Roman" fontSize="9.0"/>
                </Word>
                <Word id="w_w2aab1b7b2b3b9b2b1" language="English" custom="readingOrder {index:2;}">
                    <Coords points="670,3654 994,3654 994,3757 670,3757"/>
                    <TextEquiv>
                        <Unicode>artifices</Unicode>
                    </TextEquiv>
                    <TextStyle fontFamily="Times New Roman" fontSize="8.0" bold="true" italic="true"/>
                </Word>
                <Word id="w_w2aab1b7b2b3b9b3b1" language="English" custom="readingOrder {index:3;}">
                    <Coords points="999,3712 1020,3712 1020,3750 999,3750"/>
                    <TextEquiv>
                        <Unicode>,</Unicode>
                    </TextEquiv>
                    <TextStyle fontFamily="Times New Roman" fontSize="9.0"/>
                </Word>
                <Word id="w_w2aab1b7b2b3b9b3b5" language="English" custom="readingOrder {index:4;}">
                    <Coords points="1064,3656 1374,3656 1374,3737 1064,3737"/>
                    <TextEquiv>
                        <Unicode>artistes</Unicode>
                    </TextEquiv>
                    <TextStyle fontFamily="Times New Roman" fontSize="9.0"/>
                </Word>
                <Word id="w_w2aab1b7b2b3b9b3c23" language="English" custom="readingOrder {index:5;}">
                    <Coords points="1407,3659 1548,3659 1548,3754 1407,3754"/>
                    <TextEquiv>
                        <Unicode>qui</Unicode>
                    </TextEquiv>
                    <TextStyle fontFamily="Times New Roman" fontSize="9.0"/>
                </Word>
                <Word id="w_w2aab1b7b2b3b9b3c31" language="English" custom="readingOrder {index:6;}">
                    <Coords points="1584,3657 1752,3657 1752,3736 1584,3736"/>
                    <TextEquiv>
                        <Unicode>fout</Unicode>
                    </TextEquiv>
                    <TextStyle fontFamily="Times New Roman" fontSize="9.0"/>
                </Word>
                <Word id="w_w2aab1b7b2b3b9b3c41" language="English" custom="readingOrder {index:7;}">
                    <Coords points="1777,3683 2064,3683 2064,3757 1777,3757"/>
                    <TextEquiv>
                        <Unicode>preuve</Unicode>
                    </TextEquiv>
                    <TextStyle fontFamily="Times New Roman" fontSize="9.0"/>
                </Word>
                <Word id="w_w2aab1b7b2b3b9b3c55" language="English" custom="readingOrder {index:8;}">
                    <Coords points="2090,3668 2416,3668 2416,3768 2090,3768"/>
                    <TextEquiv>
                        <Unicode>d’esprit</Unicode>
                    </TextEquiv>
                    <TextStyle fontFamily="Times New Roman" fontSize="9.0"/>
                </Word>
                <Word id="w_w2aab1b7b2b3b9b3c73" language="English" custom="readingOrder {index:9;}">
                    <Coords points="2442,3677 2520,3677 2520,3747 2442,3747"/>
                    <TextEquiv>
                        <Unicode>et</Unicode>
                    </TextEquiv>
                    <TextStyle fontFamily="Times New Roman" fontSize="9.0"/>
                </Word>
                <Word id="w_w2aab1b7b2b3b9b3c79" language="English" custom="readingOrder {index:10;}">
                    <Coords points="2544,3672 2734,3672 2734,3749 2544,3749"/>
                    <TextEquiv>
                        <Unicode>d’in¬</Unicode>
                    </TextEquiv>
                    <TextStyle fontFamily="Times New Roman" fontSize="9.0"/>
                </Word>
                <TextEquiv>
                    <Unicode>βάναυσοι ; artifices, artistes qui fout preuve d’esprit et d’in¬</Unicode>
                </TextEquiv>
            </TextLine>
            <TextLine id="tl_26" primaryLanguage="English" custom="readingOrder {index:5;}">
                <Coords points="266,3769 2199,3769 2199,3893 266,3893"/>
                <Baseline points="266,3858 595,3854 889,3855 1119,3857 1291,3858 1637,3858 2199,3869"/>
                <Word id="w_w2aab1b7b2b3c11ab1" language="English" custom="readingOrder {index:0;}">
                    <Coords points="266,3777 595,3777 595,3858 266,3858"/>
                    <TextEquiv>
                        <Unicode>vention</Unicode>
                    </TextEquiv>
                    <TextStyle fontFamily="Times New Roman" fontSize="9.0"/>
                </Word>
                <Word id="w_w2aab1b7b2b3c11ac17" language="English" custom="readingOrder {index:1;}">
                    <Coords points="624,3783 889,3783 889,3856 624,3856"/>
                    <TextEquiv>
                        <Unicode>même</Unicode>
                    </TextEquiv>
                    <TextStyle fontFamily="Times New Roman" fontSize="9.0"/>
                </Word>
                <Word id="w_w2aab1b7b2b3c11ac27" language="English" custom="readingOrder {index:2;}">
                    <Coords points="930,3781 1119,3781 1119,3857 930,3857"/>
                    <TextEquiv>
                        <Unicode>dans</Unicode>
                    </TextEquiv>
                    <TextStyle fontFamily="Times New Roman" fontSize="9.0"/>
                </Word>
                <Word id="w_w2aab1b7b2b3c11ac37" language="English" custom="readingOrder {index:3;}">
                    <Coords points="1150,3781 1291,3781 1291,3858 1150,3858"/>
                    <TextEquiv>
                        <Unicode>des</Unicode>
                    </TextEquiv>
                    <TextStyle fontFamily="Times New Roman" fontSize="9.0"/>
                </Word>
                <Word id="w_w2aab1b7b2b3c11ac45" language="English" custom="readingOrder {index:4;}">
                    <Coords points="1322,3793 1637,3793 1637,3860 1322,3860"/>
                    <TextEquiv>
                        <Unicode>travaux</Unicode>
                    </TextEquiv>
                    <TextStyle fontFamily="Times New Roman" fontSize="9.0"/>
                </Word>
                <Word id="w_w2aab1b7b2b3c11ac61" language="English" custom="readingOrder {index:5;}">
                    <Coords points="1664,3783 2199,3783 2199,3891 1664,3891"/>
                    <TextEquiv>
                        <Unicode>mécaniques.</Unicode>
                    </TextEquiv>
                    <TextStyle fontFamily="Times New Roman" fontSize="9.0"/>
                </Word>
                <TextEquiv>
                    <Unicode>vention même dans des travaux mécaniques.</Unicode>
                </TextEquiv>
                <TextStyle fontFamily="Times New Roman" fontSize="9.0"/>
            </TextLine>
            <TextEquiv>
                <Unicode>Faber. Opifex. Artifex. Fabri, ouvriers dont le travail
consiste en une dépense de forces physiques, charpen¬
tiers et forgerons, χειρώναχτες; orifices, artisans qui ne sau¬
raient se passer d’adresse mécanique et d’application,
βάναυσοι ; artifices, artistes qui fout preuve d’esprit et d’in¬
vention même dans des travaux mécaniques.</Unicode>
            </TextEquiv>
        </TextRegion>
        <TextRegion type="paragraph" id="r_4_3" custom="readingOrder {index:8;}">
            <Coords points="268,3934 1475,3934 1475,4039 268,4039"/>
            <TextLine id="tl_27" primaryLanguage="English" custom="readingOrder {index:0;}">
                <Coords points="269,3935 1474,3935 1474,4038 269,4038"/>
                <Baseline points="269,4014 599,4012 731,4013 963,4013 1103,4017 1473,4020"/>
                <Word id="w_w2aab1b7b2b5b1ab1" language="English" custom="readingOrder {index:0;}">
                    <Coords points="269,3943 653,3943 653,4031 269,4031"/>
                    <TextEquiv>
                        <Unicode>Fabulari,</Unicode>
                    </TextEquiv>
                    <TextStyle fontFamily="Times New Roman" fontSize="6.5" bold="true"/>
                </Word>
                <Word id="w_w2aab1b7b2b5b1b2b1" language="English" custom="readingOrder {index:1;}">
                    <Coords points="691,3944 761,3944 761,4014 691,4014"/>
                    <TextEquiv>
                        <Unicode>v.</Unicode>
                    </TextEquiv>
                    <TextStyle fontFamily="Times New Roman" fontSize="6.5" bold="true"/>
                </Word>
                <Word id="w_w2aab1b7b2b5b1b3b1" language="English" custom="readingOrder {index:2;}">
                    <Coords points="795,3944 1033,3944 1033,4015 795,4015"/>
                    <TextEquiv>
                        <Unicode>Dicere</Unicode>
                    </TextEquiv>
                    <TextStyle fontFamily="Times New Roman" fontSize="7.0" bold="true" italic="true"/>
                </Word>
                <Word id="w_w2aab1b7b2b5b1b5b1" language="English" custom="readingOrder {index:3;}">
                    <Coords points="1063,3943 1138,3943 1138,4017 1063,4017"/>
                    <TextEquiv>
                        <Unicode>et</Unicode>
                    </TextEquiv>
                    <TextStyle fontFamily="Times New Roman" fontSize="6.5" bold="true"/>
                </Word>
                <Word id="w_w2aab1b7b2b5b1b6b1" language="English" custom="readingOrder {index:4;}">
                    <Coords points="1173,3943 1473,3943 1473,4020 1173,4020"/>
                    <TextEquiv>
                        <Unicode>Garrire.</Unicode>
                    </TextEquiv>
                    <TextStyle fontFamily="Times New Roman" fontSize="7.0" bold="true" italic="true"/>
                </Word>
                <TextEquiv>
                    <Unicode>Fabulari, v. Dicere et Garrire.</Unicode>
                </TextEquiv>
            </TextLine>
            <TextEquiv>
                <Unicode>Fabulari, v. Dicere et Garrire.</Unicode>
            </TextEquiv>
        </TextRegion>
        <TextRegion type="paragraph" id="r_4_4" custom="readingOrder {index:9;}">
            <Coords points="267,4046 2284,4046 2284,4162 267,4162"/>
            <TextLine id="tl_28" primaryLanguage="English" custom="readingOrder {index:0;}">
                <Coords points="268,4047 2283,4047 2283,4161 268,4161"/>
                <Baseline points="268,4124 545,4124 648,4123 672,4125 880,4123 1634,4134 1904,4132 2282,4137"/>
                <Word id="w_w2aab1b7b2b7b1ab1" language="English" custom="readingOrder {index:0;}">
                    <Coords points="268,4057 570,4057 570,4146 268,4146"/>
                    <TextEquiv>
                        <Unicode>Facere,</Unicode>
                    </TextEquiv>
                    <TextStyle fontFamily="Times New Roman" fontSize="6.5" bold="true"/>
                </Word>
                <Word id="w_w2aab1b7b2b7b1b1b1" language="English" custom="readingOrder {index:1;}">
                    <Coords points="606,4076 648,4076 648,4123 606,4123"/>
                    <TextEquiv>
                        <Unicode>y</Unicode>
                    </TextEquiv>
                    <TextStyle fontFamily="Times New Roman" fontSize="7.0" bold="true" italic="true"/>
                </Word>
                <Word id="w_w2aab1b7b2b7b1b2b1" language="English" custom="readingOrder {index:2;}">
                    <Coords points="650,4057 672,4057 672,4125 650,4125"/>
                    <TextEquiv>
                        <Unicode>.</Unicode>
                    </TextEquiv>
                    <TextStyle fontFamily="Times New Roman" fontSize="6.5" bold="true" italic="true"/>
                </Word>
                <Word id="w_w2aab1b7b2b7b1b3b1" language="English" custom="readingOrder {index:3;}">
                    <Coords points="706,4057 936,4057 936,4146 706,4146"/>
                    <TextEquiv>
                        <Unicode>Agere.</Unicode>
                    </TextEquiv>
                    <TextStyle fontFamily="Times New Roman" fontSize="7.0" bold="true" italic="true"/>
                </Word>
                <Word id="w_w2aab1b7b2b7b1b5b1" language="English" custom="readingOrder {index:4;}">
                    <Coords points="1500,4062 1828,4062 1828,4151 1500,4151"/>
                    <TextEquiv>
                        <Unicode>Facetiæ,</Unicode>
                    </TextEquiv>
                    <TextStyle fontFamily="Times New Roman" fontSize="6.5" bold="true"/>
                </Word>
                <Word id="w_w2aab1b7b2b7b1b6b3" language="English" custom="readingOrder {index:5;}">
                    <Coords points="1862,4064 1928,4064 1928,4134 1862,4134"/>
                    <TextEquiv>
                        <Unicode>v.</Unicode>
                    </TextEquiv>
                    <TextStyle fontFamily="Times New Roman" fontSize="6.5" bold="true"/>
                </Word>
                <Word id="w_w2aab1b7b2b7b1b7b1" language="English" custom="readingOrder {index:6;}">
                    <Coords points="1966,4064 2282,4064 2282,4154 1966,4154"/>
                    <TextEquiv>
                        <Unicode>Lepidus.</Unicode>
                    </TextEquiv>
                    <TextStyle fontFamily="Times New Roman" fontSize="7.0" bold="true" italic="true"/>
                </Word>
                <TextEquiv>
                    <Unicode>Facere, v. Agere. Facetiæ, v. Lepidus.</Unicode>
                </TextEquiv>
            </TextLine>
            <TextEquiv>
                <Unicode>Facere, v. Agere. Facetiæ, v. Lepidus.</Unicode>
            </TextEquiv>
        </TextRegion>
        <TextRegion type="paragraph" id="r_4_5" custom="readingOrder {index:10;}">
            <Coords points="268,4201 2735,4201 2735,4574 268,4574"/>
            <TextLine id="tl_29" primaryLanguage="English" custom="readingOrder {index:0;}">
                <Coords points="372,4202 2731,4202 2731,4325 372,4325"/>
                <Baseline points="373,4287 531,4290 793,4286 1229,4290 1349,4291 1793,4291 1929,4294 2161,4296 2337,4300 2619,4302 2731,4303"/>
                <Word id="w_w2aab1b7b2b9b1ab1" language="English" custom="readingOrder {index:0;}">
                    <Coords points="373,4211 671,4211 671,4290 373,4290"/>
                    <TextEquiv>
                        <Unicode>Facies.</Unicode>
                    </TextEquiv>
                    <TextStyle fontFamily="Times New Roman" fontSize="9.0"/>
                </Word>
                <Word id="w_w2aab1b7b2b9b1b1b1" language="English" custom="readingOrder {index:1;}">
                    <Coords points="733,4209 857,4209 857,4291 733,4291"/>
                    <TextEquiv>
                        <Unicode>Os.</Unicode>
                    </TextEquiv>
                    <TextStyle fontFamily="Times New Roman" fontSize="9.0"/>
                </Word>
                <Word id="w_w2aab1b7b2b9b1b2b1" language="English" custom="readingOrder {index:2;}">
                    <Coords points="915,4209 1229,4209 1229,4290 915,4290"/>
                    <TextEquiv>
                        <Unicode>Vultus.</Unicode>
                    </TextEquiv>
                    <TextStyle fontFamily="Times New Roman" fontSize="9.0"/>
                </Word>
                <Word id="w_w2aab1b7b2b9b1b2c17" language="English" custom="readingOrder {index:3;}">
                    <Coords points="1291,4214 1539,4214 1539,4295 1291,4295"/>
                    <TextEquiv>
                        <Unicode>Oculi.</Unicode>
                    </TextEquiv>
                    <TextStyle fontFamily="Times New Roman" fontSize="9.0"/>
                </Word>
                <Word id="w_w2aab1b7b2b9b1b3b1" language="English" custom="readingOrder {index:4;}">
                    <Coords points="1605,4217 1861,4217 1861,4295 1605,4295"/>
                    <TextEquiv>
                        <Unicode>Faciès</Unicode>
                    </TextEquiv>
                    <TextStyle fontFamily="Times New Roman" fontSize="8.0" bold="true" italic="true"/>
                </Word>
                <Word id="w_w2aab1b7b2b9b1b5b1" language="English" custom="readingOrder {index:5;}">
                    <Coords points="1889,4228 1965,4228 1965,4297 1889,4297"/>
                    <TextEquiv>
                        <Unicode>et</Unicode>
                    </TextEquiv>
                    <TextStyle fontFamily="Times New Roman" fontSize="9.0"/>
                </Word>
                <Word id="w_w2aab1b7b2b9b1b6b1" language="English" custom="readingOrder {index:6;}">
                    <Coords points="1995,4218 2221,4218 2221,4315 1995,4315"/>
                    <TextEquiv>
                        <Unicode>oculi,</Unicode>
                    </TextEquiv>
                    <TextStyle fontFamily="Times New Roman" fontSize="8.0" bold="true" italic="true"/>
                </Word>
                <Word id="w_w2aab1b7b2b9b1b8b1" language="English" custom="readingOrder {index:7;}">
                    <Coords points="2261,4221 2337,4221 2337,4300 2261,4300"/>
                    <TextEquiv>
                        <Unicode>le</Unicode>
                    </TextEquiv>
                    <TextStyle fontFamily="Times New Roman" fontSize="9.0"/>
                </Word>
                <Word id="w_w2aab1b7b2b9b1b8b7" language="English" custom="readingOrder {index:8;}">
                    <Coords points="2363,4222 2619,4222 2619,4324 2363,4324"/>
                    <TextEquiv>
                        <Unicode>visage</Unicode>
                    </TextEquiv>
                    <TextStyle fontFamily="Times New Roman" fontSize="9.0"/>
                </Word>
                <Word id="w_w2aab1b7b2b9b1b8c21" language="English" custom="readingOrder {index:9;}">
                    <Coords points="2655,4233 2731,4233 2731,4303 2655,4303"/>
                    <TextEquiv>
                        <Unicode>et</Unicode>
                    </TextEquiv>
                    <TextStyle fontFamily="Times New Roman" fontSize="9.0"/>
                </Word>
                <TextEquiv>
                    <Unicode>Facies. Os. Vultus. Oculi. Facies et oculi, le visage et</Unicode>
                </TextEquiv>
            </TextLine>
            <TextLine id="tl_30" primaryLanguage="English" custom="readingOrder {index:1;}">
                <Coords points="269,4323 2734,4323 2734,4455 269,4455"/>
                <Baseline points="269,4410 392,4408 682,4431 840,4412 1068,4412 1554,4431 1918,4416 2194,4419 2594,4422 2734,4421"/>
                <Word id="w_w2aab1b7b2b9b3ab1" language="English" custom="readingOrder {index:0;}">
                    <Coords points="269,4333 392,4333 392,4410 269,4410"/>
                    <TextEquiv>
                        <Unicode>les</Unicode>
                    </TextEquiv>
                    <TextStyle fontFamily="Times New Roman" fontSize="9.0"/>
                </Word>
                <Word id="w_w2aab1b7b2b9b3ab9" language="English" custom="readingOrder {index:1;}">
                    <Coords points="451,4357 682,4357 682,4435 451,4435"/>
                    <TextEquiv>
                        <Unicode>yeux,</Unicode>
                    </TextEquiv>
                    <TextStyle fontFamily="Times New Roman" fontSize="9.0"/>
                </Word>
                <Word id="w_w2aab1b7b2b9b3ac21" language="English" custom="readingOrder {index:2;}">
                    <Coords points="741,4358 840,4358 840,4412 741,4412"/>
                    <TextEquiv>
                        <Unicode>au</Unicode>
                    </TextEquiv>
                    <TextStyle fontFamily="Times New Roman" fontSize="9.0"/>
                </Word>
                <Word id="w_w2aab1b7b2b9b3ac27" language="English" custom="readingOrder {index:3;}">
                    <Coords points="889,4357 1068,4357 1068,4412 889,4412"/>
                    <TextEquiv>
                        <Unicode>sens</Unicode>
                    </TextEquiv>
                    <TextStyle fontFamily="Times New Roman" fontSize="9.0"/>
                </Word>
                <Word id="w_w2aab1b7b2b9b3ac37" language="English" custom="readingOrder {index:4;}">
                    <Coords points="1119,4337 1554,4337 1554,4436 1119,4436"/>
                    <TextEquiv>
                        <Unicode>physique,</Unicode>
                    </TextEquiv>
                    <TextStyle fontFamily="Times New Roman" fontSize="9.0"/>
                </Word>
                <Word id="w_w2aab1b7b2b9b3ac57" language="English" custom="readingOrder {index:5;}">
                    <Coords points="1607,4360 1918,4360 1918,4417 1607,4417"/>
                    <TextEquiv>
                        <Unicode>comme</Unicode>
                    </TextEquiv>
                    <TextStyle fontFamily="Times New Roman" fontSize="9.0"/>
                </Word>
                <Word id="w_w2aab1b7b2b9b3ac69" language="English" custom="readingOrder {index:6;}">
                    <Coords points="1973,4340 2194,4340 2194,4419 1973,4419"/>
                    <TextEquiv>
                        <Unicode>traits</Unicode>
                    </TextEquiv>
                    <TextStyle fontFamily="Times New Roman" fontSize="9.0"/>
                </Word>
                <Word id="w_w2aab1b7b2b9b3ac83" language="English" custom="readingOrder {index:7;}">
                    <Coords points="2251,4346 2594,4346 2594,4423 2251,4423"/>
                    <TextEquiv>
                        <Unicode>naturels</Unicode>
                    </TextEquiv>
                    <TextStyle fontFamily="Times New Roman" fontSize="9.0"/>
                </Word>
                <Word id="w_w2aab1b7b2b9b3ad101" language="English" custom="readingOrder {index:8;}">
                    <Coords points="2657,4353 2734,4353 2734,4423 2657,4423"/>
                    <TextEquiv>
                        <Unicode>et</Unicode>
                    </TextEquiv>
                    <TextStyle fontFamily="Times New Roman" fontSize="9.0"/>
                </Word>
                <TextEquiv>
                    <Unicode>les yeux, au sens physique, comme traits naturels et</Unicode>
                </TextEquiv>
                <TextStyle fontFamily="Times New Roman" fontSize="9.0"/>
            </TextLine>
            <TextLine id="tl_31" primaryLanguage="English" custom="readingOrder {index:2;}">
                <Coords points="270,4447 2733,4447 2733,4573 270,4573"/>
                <Baseline points="270,4534 593,4534 911,4535 1045,4534 1157,4535 1283,4536 1447,4536 1559,4537 1791,4537 2349,4544 2475,4541 2733,4541"/>
                <Word id="w_w2aab1b7b2b9b5ab1" language="English" custom="readingOrder {index:0;}">
                    <Coords points="270,4477 593,4477 593,4535 270,4535"/>
                    <TextEquiv>
                        <Unicode>comme</Unicode>
                    </TextEquiv>
                    <TextStyle fontFamily="Times New Roman" fontSize="9.0"/>
                </Word>
                <Word id="w_w2aab1b7b2b9b5ac13" language="English" custom="readingOrder {index:1;}">
                    <Coords points="626,4479 911,4479 911,4556 626,4556"/>
                    <TextEquiv>
                        <Unicode>organe</Unicode>
                    </TextEquiv>
                    <TextStyle fontFamily="Times New Roman" fontSize="9.0"/>
                </Word>
                <Word id="w_w2aab1b7b2b9b5ac27" language="English" custom="readingOrder {index:2;}">
                    <Coords points="948,4459 1045,4459 1045,4534 948,4534"/>
                    <TextEquiv>
                        <Unicode>de</Unicode>
                    </TextEquiv>
                    <TextStyle fontFamily="Times New Roman" fontSize="9.0"/>
                </Word>
                <Word id="w_w2aab1b7b2b9b5ac33" language="English" custom="readingOrder {index:3;}">
                    <Coords points="1080,4459 1157,4459 1157,4535 1080,4535"/>
                    <TextEquiv>
                        <Unicode>la</Unicode>
                    </TextEquiv>
                    <TextStyle fontFamily="Times New Roman" fontSize="9.0"/>
                </Word>
                <Word id="w_w2aab1b7b2b9b5ac39" language="English" custom="readingOrder {index:4;}">
                    <Coords points="1186,4482 1369,4482 1369,4555 1186,4555"/>
                    <TextEquiv>
                        <Unicode>vue;</Unicode>
                    </TextEquiv>
                    <TextStyle fontFamily="Times New Roman" fontSize="9.0"/>
                </Word>
                <Word id="w_w2aab1b7b2b9b5b1b1" language="English" custom="readingOrder {index:5;}">
                    <Coords points="1404,4485 1481,4485 1481,4536 1404,4536"/>
                    <TextEquiv>
                        <Unicode>os</Unicode>
                    </TextEquiv>
                    <TextStyle fontFamily="Times New Roman" fontSize="8.0" bold="true" italic="true"/>
                </Word>
                <Word id="w_w2aab1b7b2b9b5b3b1" language="English" custom="readingOrder {index:6;}">
                    <Coords points="1516,4471 1597,4471 1597,4539 1516,4539"/>
                    <TextEquiv>
                        <Unicode>et</Unicode>
                    </TextEquiv>
                    <TextStyle fontFamily="Times New Roman" fontSize="9.0"/>
                </Word>
                <Word id="w_w2aab1b7b2b9b5b4b1" language="English" custom="readingOrder {index:7;}">
                    <Coords points="1624,4464 1877,4464 1877,4538 1624,4538"/>
                    <TextEquiv>
                        <Unicode>vultus</Unicode>
                    </TextEquiv>
                    <TextStyle fontFamily="Times New Roman" fontSize="8.0" bold="true" italic="true"/>
                </Word>
                <Word id="w_w2aab1b7b2b9b5b6b1" language="English" custom="readingOrder {index:8;}">
                    <Coords points="1910,4464 2349,4464 2349,4561 1910,4561"/>
                    <TextEquiv>
                        <Unicode>expriment</Unicode>
                    </TextEquiv>
                    <TextStyle fontFamily="Times New Roman" fontSize="9.0"/>
                </Word>
                <Word id="w_w2aab1b7b2b9b5b6c21" language="English" custom="readingOrder {index:9;}">
                    <Coords points="2378,4488 2475,4488 2475,4543 2378,4543"/>
                    <TextEquiv>
                        <Unicode>en</Unicode>
                    </TextEquiv>
                    <TextStyle fontFamily="Times New Roman" fontSize="9.0"/>
                </Word>
                <Word id="w_w2aab1b7b2b9b5b6c27" language="English" custom="readingOrder {index:10;}">
                    <Coords points="2508,4474 2733,4474 2733,4545 2508,4545"/>
                    <TextEquiv>
                        <Unicode>outre</Unicode>
                    </TextEquiv>
                    <TextStyle fontFamily="Times New Roman" fontSize="9.0"/>
                </Word>
                <TextEquiv>
                    <Unicode>comme organe de la vue; os et vultus expriment en outre</Unicode>
                </TextEquiv>
            </TextLine>
            <TextEquiv>
                <Unicode>Facies. Os. Vultus. Oculi. Facies et oculi, le visage et
les yeux, au sens physique, comme traits naturels et
comme organe de la vue; os et vultus expriment en outre</Unicode>
            </TextEquiv>
        </TextRegion>
        <TextRegion type="paragraph" id="r_5_1" custom="readingOrder {index:11;}">
            <Coords points="1135,4692 1734,4692 1734,4821 1135,4821"/>
            <TextLine id="tl_32" primaryLanguage="English" custom="readingOrder {index:0;}">
                <Coords points="1136,4693 1733,4693 1733,4820 1136,4820"/>
                <Baseline points="1136,4783 1308,4785 1370,4793 1463,4782 1653,4820 1733,4782"/>
                <Word id="w_w2aab1b9b2b1b1ab1" language="English" custom="readingOrder {index:0;}">
                    <Coords points="1136,4746 1308,4746 1308,4794 1136,4794"/>
                    <TextEquiv>
                        <Unicode>Digitized</Unicode>
                    </TextEquiv>
                    <TextStyle fontFamily="Times New Roman" fontSize="4.5" bold="true"/>
                </Word>
                <Word id="w_w2aab1b9b2b1b1ac21" language="English" custom="readingOrder {index:1;}">
                    <Coords points="1324,4747 1370,4747 1370,4793 1324,4793"/>
                    <TextEquiv>
                        <Unicode>by</Unicode>
                    </TextEquiv>
                    <TextStyle fontFamily="Times New Roman" fontSize="4.5" bold="true"/>
                </Word>
                <Word id="w_w2aab1b9b2b1b1ac27" language="English" custom="readingOrder {index:2;}">
                    <Coords points="1382,4697 1463,4697 1463,4782 1382,4782"/>
                    <TextEquiv>
                        <Unicode>G</Unicode>
                    </TextEquiv>
                    <TextStyle fontFamily="Times New Roman" fontSize="4.5" bold="true"/>
                </Word>
                <Word id="w_w2aab1b9b2b1b1ac31" language="English" custom="readingOrder {index:3;}">
                    <Coords points="1472,4727 1653,4727 1653,4820 1472,4820"/>
                    <TextEquiv>
                        <Unicode>OO^</Unicode>
                    </TextEquiv>
                    <TextStyle fontFamily="Times New Roman" fontSize="4.5" bold="true"/>
                </Word>
                <Word id="w_w2aab1b9b2b1b1ac39" language="English" custom="readingOrder {index:4;}">
                    <Coords points="1658,4698 1733,4698 1733,4782 1658,4782"/>
                    <TextEquiv>
                        <Unicode>IC</Unicode>
                    </TextEquiv>
                    <TextStyle fontFamily="Times New Roman" fontSize="4.5" bold="true"/>
                </Word>
                <TextEquiv>
                    <Unicode>Digitized by Google</Unicode>
                </TextEquiv>
                <TextStyle fontFamily="Times New Roman" fontSize="4.5" bold="true"/>
            </TextLine>
            <TextEquiv>
                <Unicode>Digitized by Google</Unicode>
            </TextEquiv>
        </TextRegion>
    </Page>
</PcGts>
