2900 4920
937 391 1035 445 DE
1089 385 1519 445 SYNONYMIE
1575 387 1873 447 LATINE.

2525 375 2677 447 259

201 563 541 621 comme
577 553 907 645 στΜίργδν,
951 561 1239 643 σφριγάν
1261 549 1281 635 ;
1327 549 1603 615 tumere
1607 597 1629 633 ,
1665 541 2011 617 contient
2051 537 2277 617 l’idée
2307 541 2415 615 du
2453 541 2687 617 néant

203 675 283 745 et
307 669 429 743 du
459 665 641 743 vide
657 663 1017 761 déguisés
1043 685 1225 739 sous
1251 661 1627 759 l’enflure,
1659 685 1971 739 comme
2001 663 2184 738 ο
2184 664 2217 739 ο
2239 663 2351 737 On
2379 661 2687 761 appelle

201 787 321 865 les
373 785 631 863 voiles
669 781 975 883 turgida
1005 785 1325 883 lorsque
1359 781 1429 859 le
1465 791 1645 861 vent
1675 785 1809 883 qui
1847 783 1961 861 les
1995 789 2253 883 gonfle
2291 793 2409 861 est
2439 785 2687 861 consi¬

201 909 407 987 déré
451 929 767 985 comme
821 929 927 981 un
983 927 1215 1003 corps
1255 903 1447 995 réel,
1491 905 1817 1003 capable
1857 931 1955 983 en
1989 909 2171 985 effet
2209 909 2305 985 de
2341 907 2453 983 les
2487 929 2691 983 rem¬

205 1031 397 1129 plir,
437 1039 523 1107 et
555 1025 847 1107 tumida
855 1085 875 1121 ,
925 1025 1325 1127 lorsqu’on
1357 1045 1455 1101 ne
1489 1035 1667 1105 veut
1703 1027 1869 1103 voir
1893 1029 2089 1105 dans
2117 1027 2191 1105 le
2219 1033 2479 1105 môme
2511 1035 2693 1107 vent

205 1175 371 1253 que
413 1155 521 1229 de
557 1151 749 1245 l’air,
791 1177 901 1229 un
931 1151 1047 1229 air
1069 1149 1205 1249 qui
1239 1153 1439 1227 n’est
1471 1147 1637 1227 rien
1673 1159 1755 1229 et
1789 1151 1923 1251 qui
1971 1153 2221 1251 paraît
2251 1151 2693 1229 seulement

213 1271 565 1371 remplir
597 1271 709 1347 les
749 1271 1015 1349 voiles.

207 1442 445 1513 Tu
445 1442 473 1531 Tu
507 1441 569 1509 v.
605 1441 823 1511 Rami.
1463 1439 1733 1527 Turpis,
1781 1437 1847 1505 v.
1889 1437 2099 1507 Teter.

309 1601 601 1677 Totus.
663 1597 1019 1675 Securus.
1077 1595 1531 1671 Incuriosus.
1591 1593 1661 1673 1.
1721 1593 1953 1671 Tutus
2001 1617 2083 1671 se
2133 1603 2499 1695 rapporte
2531 1597 2577 1673 à
2613 1597 2683 1673 la

213 1717 505 1799 réalité
545 1719 643 1795 de
681 1719 753 1793 la
783 1717 1025 1795 chose
1057 1723 1137 1793 et
1167 1717 1517 1793 s’entend
1555 1717 1651 1793 de
1689 1715 1893 1793 celui
1927 1715 2061 1819 qui
2111 1725 2227 1793 est
2265 1739 2363 1793 en
2401 1719 2687 1811 sûreté,

215 1863 547 1921 comme
597 1839 931 1947 ασφαλές;
991 1863 1283 1917 securus
1331 1861 1411 1915 se
1477 1849 1841 1939 rapporte
1895 1841 1941 1917 à
1987 1841 2061 1917 la
2103 1841 2557 1941 persuasion
2595 1845 2695 1919 de

217 1963 539 2063 l’esprit
567 1973 645 2041 et
681 1965 1031 2039 s’entend
1063 1963 1161 2037 de
1193 1961 1397 2037 celui
1431 1961 1559 2059 qui
1591 1985 1673 2039 se
1695 1961 1895 2039 croit
1917 1985 2015 2039 en
2047 1965 2331 2041 sûreté.
2363 1967 2477 2041 Au
2511 1987 2687 2041 sens

217 2085 591 2181 réfléchi,
635 2097 833 2161 tutus
867 2083 1115 2161 arrive
1141 2083 1187 2161 à
1217 2083 1613 2181 exprimer
1653 2081 1887 2161 l’idée
1923 2085 2025 2161 de
2071 2085 2579 2185 prévoyance,
2617 2095 2697 2165 et

217 2231 529 2285 securus
597 2205 795 2283 celle
877 2205 1557 2305 d’imprévoyance
1641 2225 1787 2303 par
1857 2207 2429 2303 euphémisme.
2513 2209 2687 2285 Sen.

219 2331 377 2427 Ep.
449 2329 573 2405 97.
635 2329 827 2403 Tuta
885 2327 1181 2407 scelera
1227 2349 1397 2425 esse
1449 2337 1809 2425 possunt,
1859 2351 2109 2405 secura
2149 2351 2303 2427 non
2337 2337 2693 2427 possunt.

223 2451 335 2529 Le
383 2449 637 2527 crime
689 2457 877 2547 peut
923 2453 1089 2527 être
1139 2473 1235 2527 en
1279 2451 1567 2545 sûreté,
1611 2449 1807 2527 mais
1843 2447 1897 2527 il
1937 2475 2035 2529 ne
2065 2453 2397 2551 possède
2421 2451 2697 2551 jamais

227 2573 305 2651 la
331 2573 701 2651 sécurité.
729 2575 1531 2671 Cependant,comme
1557 2571 1609 2647 il
1633 2573 1953 2651 n’existe
1979 2575 2197 2675 point
2223 2577 2319 2651 de
2347 2573 2699 2651 substan¬

229 2697 331 2773 tif
377 2695 529 2777 tiré
567 2697 665 2775 de
703 2707 931 2789 tutus,
987 2697 1343 2771 secw'ilas
1385 2719 1471 2773 se
1529 2699 1777 2795 prend
1815 2721 2023 2773 aussi
2059 2721 2201 2797 par
2245 2697 2695 2777 catachrèse

235 2819 439 2895 dans
471 2815 543 2895 le
581 2839 761 2893 sens
799 2817 897 2891 de
923 2817 1209 2895 sûreté.

337 2939 419 3017 2.
477 2939 825 3033 Securus,
861 2941 1215 3015 securitas
1251 2937 1697 3037 expriment
1735 2937 2127 3017 l’absence
2161 2939 2701 3041 d’inquiétude

237 3071 317 3139 et
365 3063 467 3139 de
507 3061 765 3139 soucis
803 3083 1113 3141 comme
1153 3085 1259 3139 un
1319 3063 1475 3141 état
1529 3063 1627 3139 de
1685 3061 1943 3157 l’âme,
1981 3065 2173 3139 c’est
2221 3061 2297 3139 la
2333 3063 2691 3155 sécurité,

239 3183 621 3287 αμέριμνος,
681 3207 819 3281 par
875 3183 1317 3285 opposition
1355 3185 1401 3261 à
1429 3183 1849 3271 sollicitus;
1889 3185 2329 3281 incuriosus,
2373 3185 2691 3279 incuria,

243 3305 691 3407 expriment
733 3305 809 3383 le
843 3329 1181 3405 manque
1219 3309 1317 3381 de
1357 3307 1523 3383 soin
1567 3315 1641 3385 et
1675 3307 2161 3401 d’attention,
2213 3331 2313 3385 au
2345 3307 2567 3407 point
2603 3311 2699 3383 de

243 3451 391 3505 vue
425 3425 813 3527 pratique,
853 3445 1163 3503 comme
1201 3425 1665 3521 insouciant,
1707 3425 2055 3531 όλίγωρος,
2083 3451 2227 3527 par
2255 3429 2701 3527 opposition

243 3551 289 3627 à
317 3573 529 3625 cura.
573 3549 745 3627 Sen.
789 3549 931 3645 Ep.
977 3549 1147 3627 100.
1191 3547 1571 3627 Fabianus
1609 3571 1763 3627 non
1803 3559 1967 3631 erat
1997 3551 2375 3651 negligens
2413 3553 2493 3629 in
2531 3575 2705 3629 ora¬

243 3671 491 3763 tione,
525 3671 659 3745 sed
693 3693 1013 3745 securus.
1051 3669 1113 3745 Il
1145 3695 1193 3769 y
1223 3669 1423 3747 avait
1447 3673 1639 3747 dans
1671 3671 1781 3749 les
1811 3673 2165 3749 discours
2197 3675 2295 3749 de
2317 3673 2701 3751 Fabianus

245 3817 359 3871 un
387 3793 505 3869 air
519 3791 601 3891 je
643 3813 739 3869 ne
771 3791 889 3869 dis
927 3815 1065 3891 pas
1097 3793 1193 3869 de
1233 3791 1717 3891 négligence,
1755 3795 1953 3871 mais
1981 3797 2497 3875 d’assurance.

1423 4049 1521 4163 ü

259 4297 473 4381 Ubkr,
505 4293 573 4363 v.
625 4289 1015 4361 Fœcundus.

357 4461 581 4539 Udus.
639 4455 939 4535 Uvidus.
997 4455 1357 4533 Humidüs.
1417 4459 1769 4539 Aquosus.
1829 4453 2197 4529 Madidus.
2257 4449 2327 4531 1.
2381 4449 2705 4529 Uvidum
