2922 4991
1031 391 1127 445 DB
1183 389 1615 447 SYNONYMIE
1671 389 1961 447 LATINE.

2563 377 2719 447 213

1438 674 1538 818 Q

365 961 763 1049 Quærere.
849 961 1245 1037 Scrutari.
1317 965 1627 1039 Rimari.
1705 963 2219 1039 Investigare.
2297 965 2711 1041 Indagare.

263 1079 337 1173 i.
401 1079 771 1175 QuœTere,
809 1083 1219 1179 chercher,
1255 1105 1351 1159 en
1381 1081 1729 1181 général,
1759 1105 1865 1159 on
1891 1083 2227 1179 éprouve
2263 1081 2337 1157 le
2377 1081 2587 1159 désir
2613 1105 2721 1161 ou

257 1203 333 1281 le
361 1201 641 1281 besoih
667 1205 763 1279 de
789 1213 1101 1281 trouver
1125 1227 1145 1297 ;
1187 1203 1543 1295 scrutari,
1577 1203 1881 1297 rimari,
1917 1203 2365 1303 investigare
2387 1205 2465 1281 et
2501 1203 2719 1281 inda¬

259 1351 443 1427 gare
483 1327 839 1425 ajoutent
887 1327 933 1405 à
973 1349 1063 1405 ce
1121 1349 1297 1403 sens
1333 1343 1491 1403 une
1525 1327 1701 1405 idée
1757 1325 2195 1405 accessoire
2241 1327 2341 1403 de
2377 1327 2605 1427 peine
2643 1335 2721 1405 et

261 1451 363 1529 de
399 1451 813 1529 difficulté.

359 1571 433 1649 2.
491 1571 849 1649 Scrutari
883 1581 963 1649 et
985 1571 1261 1649 rimari
1265 1627 1285 1667 ,
1311 1593 1393 1649 se
1419 1579 1701 1651 mettre
1735 1571 1779 1649 à
1807 1573 1877 1649 la
1905 1571 2329 1651 recherche
2361 1573 2549 1647 d’un
2577 1571 2717 1649 ob¬

247 1693 371 1793 jet
391 1693 635 1771 caché
679 1717 699 1771 :
735 1693 1095 1787 sCrutari,
1133 1715 1231 1771 en
1255 1695 1613 1771 fouillant
1641 1695 1741 1769 de
1765 1699 1941 1769 tous
1973 1693 2087 1771 les
2119 1695 2361 1787 côtés,
2401 1715 2505 1769 on
2541 1691 2721 1767 s’in¬

263 1815 557 1893 téresse
599 1815 643 1893 à
675 1815 747 1893 la
775 1817 1267 1909 découverte,
1295 1837 1399 1895 on
1425 1841 1509 1895 se
1529 1815 1945 1917 passionne
1973 1841 1991 1913 ;
2035 1817 2341 1909 rimari,
2373 1837 2471 1893 en
2497 1837 2721 1891 creu¬

261 1947 439 2017 sant
485 1957 691 2037 pour
743 1939 1123 2037 déterrer,
1165 1941 1235 2017 la
1271 1941 1741 2019 découverte
1771 1939 1993 2039 exige
2027 1941 2169 2015 des
2205 1939 2473 2017 efforts
2503 1945 2579 2013 et
2615 1939 2717 2013 de

257 2061 337 2141 la
375 2057 739 2163 sagacité.
773 2063 1237 2163 Investigare
1263 2065 1343 2141 et
1369 2063 1755 2163 indagare,
1785 2085 1869 2141 se
1897 2071 2179 2141 mettre
2215 2061 2259 2139 à
2297 2063 2369 2139 la
2401 2061 2717 2139 recher¬

261 2185 413 2261 che
457 2187 643 2261 d’un
695 2185 913 2283 objet
945 2185 1251 2285 éloigné
1293 2185 1311 2261 :
1351 2185 1819 2287 investigare,
1861 2187 1907 2265 à
1961 2185 2041 2263 la
2089 2185 2321 2281 façon
2353 2185 2459 2261 du
2495 2183 2719 2261 chas¬

257 2331 447 2385 seur
479 2309 609 2403 qui
657 2307 811 2385 suit
841 2331 941 2385 en
977 2309 1533 2385 connaissance
1561 2311 1659 2385 de
1685 2331 1917 2387 cause
1949 2309 2025 2387 la
2049 2309 2249 2409 piste
2281 2331 2383 2385 ou
2409 2307 2479 2383 la
2505 2315 2715 2385 trace

255 2427 533 2507 visible
567 2431 673 2505 du
703 2429 989 2529 gibier;
1041 2429 1395 2529 indagare
1401 2489 1421 2527 ,
1461 2431 1509 2507 à
1543 2431 1617 2509 la
1671 2433 1901 2527 façon
1953 2433 2055 2507 du
2087 2431 2347 2507 limier
2379 2429 2515 2529 qui
2549 2427 2705 2505 suit

255 2547 567 2629 l’odeur
603 2553 837 2651 guidé
867 2575 1009 2653 par
1043 2577 1185 2631 son
1221 2553 1565 2633 instinct.
1609 2559 1835 2635 Curt.
1877 2557 2005 2649 IX,
2043 2559 2167 2647 40,
2223 2555 2347 2631 14.
2389 2555 2711 2631 Famem

259 2675 547 2751 sentire
581 2685 1013 2775 coeperunt,
1055 2677 1361 2755 radices
1397 2679 1837 2777 palmarum
1871 2675 2167 2777 ubique
2199 2679 2583 2753 rimantes.
2613 2675 2713 2753 Iis

259 2797 771 2897 éprouvèrent
801 2797 913 2875 les
945 2801 1305 2879 atteintes
1339 2801 1439 2877 de
1469 2801 1539 2877 la
1565 2801 1751 2877 faim
1783 2811 1861 2879 et
1885 2801 1981 2877 ils
2005 2799 2507 2879 cherchaient
2539 2821 2713 2897 par¬

257 2927 453 3015 tout,
491 2941 695 3017 pour
731 2921 843 2997 les
881 2923 1255 3017 déterrer,
1289 2923 1427 2999 des
1461 2923 1763 3001 racines
1795 2923 1895 3001 de
1929 2923 2317 3023 palmiste.
2373 2925 2715 3021 Compa¬

261 3063 391 3117 rez
421 3063 605 3121 avec
641 3045 765 3139 IX,
801 3047 875 3139 9,
913 3043 985 3123 5.
1017 3043 1365 3121 Scrutati
1393 3045 1657 3123 omnia
1689 3045 1997 3145 tuguria
2029 3047 2347 3123 tandem
2377 3045 2709 3125 latentes

257 3187 647 3267 reperere.
693 3161 761 3247 À
801 3171 1011 3247 force
1047 3171 1145 3247 de
1183 3169 1495 3247 fouiller
1541 3177 1797 3247 toutes
1841 3169 1959 3247 les
2001 3169 2357 3263 cabanes,
2403 3169 2497 3245 ils
2535 3169 2711 3243 fini¬

255 3299 435 3367 rent
465 3313 605 3389 par
631 3291 745 3367 les
791 3303 1101 3369 trouver
1131 3297 1323 3369 dans
1361 3293 1531 3371 leur
1567 3293 1947 3369 cachette.
1991 3291 2173 3369 Tac.
2209 3291 2413 3369 Ann.
2457 3291 2585 3385 VI,
2627 3295 2701 3369 3.

263 3413 569 3489 Rimans
607 3423 901 3493 secreta
951 3417 1331 3493 omnium.
1389 3417 1799 3493 Déterrant
1833 3415 1945 3491 les
1981 3421 2273 3491 secrets
2305 3415 2405 3491 de
2437 3423 2607 3491 tout
2639 3415 2711 3489 le

255 3537 577 3615 monde.
615 3541 709 3613 Et
737 3541 893 3629 XII,
951 3541 1073 3617 52.
1125 3539 1355 3629 Quasi
1401 3539 1637 3615 finem
1693 3535 2067 3637 principis
2115 3557 2257 3633 per
2295 3535 2707 3611 Chaldæos

251 3673 739 3737 scrutaretur.
779 3661 1061 3739 Furius
1097 3661 1653 3739 Scribonianus
1707 3671 1823 3739 est
1877 3659 2075 3737 exilé
2123 3679 2305 3735 sous
2361 3661 2707 3757 prétexte

255 3781 447 3883 qu’il
471 3783 667 3861 avait
699 3807 795 3861 eu
821 3785 893 3861 la
921 3783 1287 3863 curiosité
1311 3787 1411 3861 de
1435 3785 1859 3861 s’adresser
1879 3805 2027 3859 aux
2049 3781 2485 3859 Chaldéens
2513 3803 2713 3879 pour

257 3903 671 3983 découvrir
705 3909 961 4007 quand
1005 3917 1081 3985 et
1111 3919 1511 3985 comment
1547 3905 2019 4005 l’empereur
2051 3903 2453 3981 mourrait.
2491 3901 2547 3979 11
2583 3905 2707 4001 n’y

253 4027 457 4105 avait
489 4051 625 4127 pas
649 4029 1119 4111 d’obstacles
1153 4031 1199 4107 à
1235 4039 1707 4107 surmonter.

255 4195 601 4275 Qcæstus,
645 4193 705 4267 v.
731 4193 1045 4267 Lucrum.
1485 4195 1745 4283 Quare,
1781 4191 1847 4265 v.
1877 4191 2045 4265 Cur.

257 4307 429 4397 Que,
473 4307 539 4377 v.
577 4307 701 4377 Et.

365 4465 721 4555 Questus.
789 4463 1255 4553 Quiritatio.
1317 4459 1811 4553 Querimonia.
1875 4459 2253 4553 Querela.
2295 4459 2605 4553 Questus
2631 4461 2705 4531 et
