2922 5050
223 449 373 517 226

1291 455 1591 513 MANUEL

217 613 355 689 lité
387 611 905 711 quelconque,
945 613 1059 689 les
1089 607 1443 709 champs.
1481 607 1691 685 Cels.
1745 609 1943 683 Med.
1991 613 2063 683 \.
2115 607 2405 681 Sanum
2439 627 2663 705 opor¬

213 741 419 811 tet...
469 735 707 811 modo
737 733 909 809 rwni
951 757 1145 827 esse,
1193 735 1431 809 modo
1463 729 1541 807 in
1573 729 1799 825 urbe,
1859 729 2305 829 sæpiusque
2345 729 2431 805 in
2461 753 2663 829 agro.

211 857 271 933 Il
303 859 495 949 faut,
543 875 739 957 pour
777 879 859 933 se
897 865 1169 955 porter
1213 853 1423 947 bien,
1469 855 1675 931 vivre
1717 859 1969 929 tantôt
2011 853 2051 929 à
2095 853 2163 929 la
2205 873 2659 951 campagne,

211 981 463 1057 tantôt
495 977 541 1053 à
573 979 649 1055 la
683 977 889 1073 ville,
923 987 1231 1055 surtout
1257 1001 1405 1053 aux
1437 975 1785 1075 champs.

313 1099 393 1177 2.
447 1099 829 1191 Rusticus,
875 1107 1209 1205 αγροίκος,
1257 1097 1461 1179 celui
1497 1097 1633 1199 qui
1669 1097 1935 1175 habite
1963 1097 2033 1175 le
2057 1097 2337 1197 village
2355 1123 2377 1193 ;
2421 1121 2667 1199 agres-

217 1215 347 1315 th,
395 1221 653 1323 άγριος,
705 1223 913 1301 celui
959 1223 1095 1321 qui
1147 1245 1193 1299 a
1233 1219 1507 1321 grandi
1555 1241 1705 1295 aux
1759 1219 2111 1317 champs,
2171 1243 2269 1297 en
2311 1243 2665 1319 sauvage,

211 1333 753 1443 comme/mis
789 1371 815 1421 :
853 1345 923 1421 le
953 1353 1201 1421 terme
1231 1351 1351 1421 est
1375 1343 1825 1439 cependant
1849 1341 2021 1439 plus
2049 1343 2289 1437 doux,
2317 1343 2453 1441 car
2475 1343 2675 1441 férus

219 1467 575 1563 exprime
593 1467 1113 1545 directement
1143 1465 1221 1543 la
1255 1463 1701 1561 sauvagerie
1733 1485 2045 1541 comme
2073 1459 2357 1545 faisant
2383 1465 2459 1543 le
2489 1467 2671 1545 fond

219 1591 325 1665 du
357 1591 779 1683 caractère,
825 1599 897 1667 et
931 1589 1241 1691 agrestis
1279 1611 1375 1665 en
1413 1587 1761 1687 rappelle
1795 1585 2229 1667 seulement
2273 1589 2507 1669 l’idée
2539 1613 2675 1689 par

221 1715 291 1791 la
325 1711 807 1811 désignation
851 1713 955 1789 du
997 1713 1259 1811 séjour
1287 1731 1389 1789 ou
1429 1711 1527 1787 de
1561 1709 1937 1807 l’origine.

319 1839 391 1913 3.
453 1837 1011 1931 Transportant
1071 1855 1201 1911 ces
1249 1841 1541 1909 termes
1601 1855 1751 1907 aux
1805 1833 2135 1931 qualités
2195 1835 2293 1911 de
2349 1835 2675 1935 l’esprit,

219 1955 547 2033 rusticus
577 1955 897 2053 désigne
925 1953 1179 2051 plutôt
1215 1955 1283 2029 la
1315 1953 1779 2051 grossièreté
1813 1953 2403 2051 intellectuelle;
2433 1983 2681 2057 agres¬

225 2085 327 2155 tis
335 2137 353 2173 ,
419 2079 491 2153 la
561 2077 1031 2177 grossièreté
1095 2077 1419 2155 morale.
1499 2077 1851 2153 Rusticus
1923 2079 2303 2173 s’entend,
2367 2101 2679 2159 comme

221 2199 703 2299 champêtre,
751 2201 849 2277 de
889 2199 959 2277 la
995 2199 1337 2277 timidité
1375 2207 1453 2277 et
1489 2201 1587 2275 de
1643 2199 1717 2275 la
1769 2197 2233 2297 simplicité;
2275 2199 2329 2277 il
2365 2223 2453 2279 se
2487 2223 2669 2301 rap¬

223 2325 515 2423 proche
553 2325 745 2401 dans
783 2323 859 2401 le
897 2323 1059 2399 bon
1093 2345 1275 2401 sens
1327 2323 1427 2399 de
1473 2321 1961 2399 l’innocence
2015 2331 2089 2401 et
2125 2323 2319 2399 dans
2355 2321 2429 2401 le
2467 2345 2685 2401 mau¬

217 2447 377 2523 vais
417 2447 517 2523 de
553 2445 627 2523 la
661 2445 1085 2543 gaucherie
1121 2471 1139 2541 ;
1171 2451 1487 2545 agrestis
1541 2467 1897 2547 marque,
1933 2467 2245 2523 comme
2293 2447 2677 2547 rustique,

223 2567 725 2647 l’effronterie
759 2577 835 2647 et
869 2567 941 2645 la
971 2567 1327 2645 bassesse
1349 2593 1369 2661 ;
1403 2567 1459 2643 il
1485 2589 1585 2645 ne
1619 2589 1699 2645 se
1725 2569 1979 2665 prend
1997 2567 2279 2667 jamais
2303 2569 2683 2647 en’bonné

225 2699 423 2789 part,
473 2691 527 2769 il
577 2695 887 2769 confine
919 2689 965 2767 à
995 2689 1069 2791 la
1103 2691 1405 2791 feritas.
1457 2691 1561 2767 Le
1601 2689 1927 2767 rusticus
1977 2691 2299 2789 (opposé
2335 2691 2681 2791 urbanus)

225 2833 323 2889 ne
361 2811 615 2891 blesse
651 2835 805 2913 que
869 2813 983 2889 les
1029 2811 1537 2891 conventions
1577 2813 1681 2887 du
1721 2813 2217 2891 savoir-vivre
2251 2813 2269 2907 ;
2323 2813 2373 2889 V
2375 2815 2687 2915 agrestis

223 2935 551 3037 (opposé
579 2935 969 3037 humanus)
1009 2937 1271 3013 blesse
1307 2935 1421 3011 les
1447 2933 1595 3009 lois
1623 2935 2049 3013 naturelles
2077 2939 2177 3013 de
2207 2935 2283 3013 la
2311 2937 2681 3017 décence.

329 3061 403 3135 4.
463 3059 735 3147 Quand
775 3059 1105 3137 Cicéron
1131 3067 1315 3137 veut
1339 3055 1671 3135 adoucir
1695 3081 1979 3137 encore
2017 3055 2249 3139 l’idée
2291 3061 2687 3159 exprimée

229 3205 371 3283 par
417 3185 741 3259 rusticus
773 3191 851 3261 et
889 3187 1247 3283 prévenir
1305 3193 1521 3263 toute
1589 3181 2059 3281 équivoque,
2097 3181 2153 3259 il
2211 3183 2555 3281 emploie
2591 3185 2687 3261 de

231 3307 685 3407 préférence
743 3309 1183 3385 rusticanus.
1257 3307 1613 3385 Rusticus
1657 3305 1985 3405 désigne
2029 3305 2237 3381 alors
2281 3305 2353 3381 le
2399 3329 2687 3407 paysan

229 3429 367 3527 qui
401 3435 585 3521 naît,
617 3429 738 3507 vitet
738 3429 839 3507 vitet
869 3437 1127 3507 meurt
1157 3453 1257 3507 au
1275 3429 1595 3529 village;
1639 3429 2059 3505 rusticanus
2065 3485 2081 3521 ,
2111 3429 2181 3505 le
2207 3429 2505 3507 citadin
2541 3451 2689 3529 que

233 3553 347 3627 les
385 3547 963 3629 circonstances
1001 3577 1049 3651 y
1085 3551 1519 3651 relèguent.
1537 3555 1669 3629 On
1711 3561 1901 3651 peut
1949 3573 2227 3651 ranger
2273 3551 2529 3649 parmi
2561 3573 2689 3629 ces

235 3673 585 3751 derniers
619 3673 731 3751 leà
763 3673 1291 3773 provinciaux,
1333 3677 1733 3777 municipes
1739 3733 1759 3771 ,
1797 3697 1891 3753 en
1917 3675 2211 3773 qualité
2247 3677 2349 3751 de
2377 3675 2693 3751 rustico¬

231 3821 399 3871 rum
431 3795 739 3875 similes.

1417 4039 1491 4153 8

331 4285 647 4361 Sabulo.
711 4287 1061 4367 Harena.
1125 4291 1451 4369 Sabura.
1513 4291 1801 4369 Sabulo
1805 4351 1825 4389 ,
1871 4299 1949 4371 et
1995 4293 2187 4369 dans
2221 4291 2445 4369 Pline
2491 4289 2699 4367 sabu¬

239 4401 425 4489 lum,
445 4401 519 4477 le
551 4403 767 4481 sable
789 4411 1197 4491 considéré
1225 4437 1535 4493 comme
1555 4439 1709 4491 une
1733 4415 2025 4513 espèce'de
2025 4415 2137 4513 espèce'de
2157 4421 2367 4493 terre
2387 4413 2695 4515 légère;

241 4513 513 4589 harena
519 4541 539 4611 ,
585 4541 835 4613 arena,
869 4549 1179 4609 comme
1203 4557 1359 4613 une
1385 4545 1591 4615 terre
1623 4537 1885 4631 sèche,
1921 4541 2345 4637 pierreuse,
2381 4557 2697 4615 comme
