2900 4920
197 371 351 439 252

1263 381 1561 441 MANUEL

197 535 627 621 Supplicare,
665 533 739 603 v.
787 533 1055 621 Rogare.
1413 531 1791 619 Supremus,
1821 533 1887 605 v.
1919 533 2265 605 Summus.

193 643 569 731 Surculus,
607 639 671 711 y.
711 639 939 711 Rami.
1421 643 1819 731 Surripere,
1843 645 1913 715 v.
1939 645 2237 717 Demere.

293 821 457 899 Sus.
527 821 853 897 Verrès.
935 821 1247 899 Scrofa.
1321 821 1627 899 Porcus.
1707 821 1883 917 Sus,
1957 831 2207 901 terme
2291 825 2667 923 général,

195 963 381 1017 nom
439 943 543 1017 du
591 941 893 1021 cochon
945 963 1045 1019 en
1093 941 1417 1021 histoire
1457 943 1857 1037 naturelle,
1903 933 1977 1031 Sç
1999 971 2017 1037 ;
2063 971 2333 1043 verres,
2371 947 2669 1047 scrofa,

187 1085 479 1163 porcus,
523 1071 809 1141 termes
837 1063 1325 1141 d’économie
1355 1061 1609 1141 rurale
1651 1089 1669 1141 :
1715 1089 1985 1159 verres,
2029 1075 2285 1145 verrat
2307 1091 2327 1159 ;
2373 1069 2637 1169 scrofa
2643 1129 2665 1163 ,

195 1183 431 1285 truie;
475 1207 769 1285 porcus,
813 1183 1051 1281 jeune
1107 1205 1293 1285 porc
1345 1207 1449 1261 ou
1509 1193 1751 1281 goret.
1803 1187 1907 1263 Le
1943 1195 2107 1265 mot
2137 1211 2259 1263 sus
2299 1187 2679 1267 contient

197 1329 349 1385 une
395 1305 571 1385 idée
627 1305 1063 1385 accessoire
1117 1307 1213 1385 de
1269 1307 1829 1405 malpropreté;
1889 1309 1961 1385 le
2013 1319 2179 1413 mot
2223 1335 2501 1413 porcus
2507 1371 2527 1407 ,
2559 1315 2673 1391 de

193 1429 485 1529 graisse
517 1439 595 1507 et
631 1429 1259 1527 d’embonpoint.

199 1615 581 1703 Suscipere,
611 1617 677 1689 v.
725 1617 1025 1687 Sumere.
1431 1617 1819 1705 Suspicere,
1849 1619 1915 1689 v.
1965 1619 2221 1689 Vereri.

299 1799 735 1873 Suspirare.
767 1793 1109 1873 Gemere.
1151 1793 1579 1893 Suspirare,
1611 1795 1997 1893 soupirer,
2033 1797 2389 1875 s’entend
2421 1801 2671 1875 d’une

199 1923 621 2023 aspiration
665 1925 1047 2021 profonde
1087 1927 1163 1999 et
1199 1923 1433 1999 d’une
1469 1923 1667 1999 forte
1715 1923 2179 2021 expiration,
2231 1925 2277 2003 à
2325 1925 2401 2003 la
2455 1925 2667 2005 suite

201 2049 385 2123 d’un
435 2053 869 2123 serrement
903 2047 1001 2121 de
1039 2067 1293 2145 cœur;
1331 2067 1639 2145 gemere,
1671 2043 1949 2143 gémir,
1995 2043 2187 2123 tient
2233 2045 2409 2143 plus
2447 2049 2547 2123 de
2587 2047 2665 2125 la

203 2167 535 2261 volonté,
577 2189 677 2241 on
715 2167 973 2243 donne
1025 2167 1125 2243 de
1171 2165 1339 2241 l’air
1387 2165 1437 2241 à
1469 2189 1623 2243 une
1663 2165 1995 2265 poitrine
2037 2169 2487 2265 oppressée.
2527 2171 2659 2247 Un

207 2289 497 2389 soupir,
545 2287 951 2391 suspirium
995 2287 1341 2387 exprime
1375 2287 1447 2365 la
1475 2293 1713 2383 gêne;
1755 2311 1857 2365 un
1885 2289 2479 2391 gémissement,
2529 2315 2661 2391 ge¬

203 2411 455 2505 mitus,
495 2411 569 2489 la
605 2411 961 2489 douleur.
1007 2411 1161 2489 Cic.
1219 2413 1373 2489 Att.
1425 2413 1515 2505 II,
1557 2413 1681 2487 21.
1727 2411 1921 2489 Cum
1957 2409 2091 2487 diu
2141 2413 2449 2491 occulte
2491 2437 2659 2491 sus-

199 2535 565 2637 pirassent
571 2555 591 2633 ,
653 2541 925 2633 postea
963 2533 1127 2633 jam
1175 2555 1481 2633 gemere,
1537 2533 1633 2609 ad
1689 2537 2123 2609 extremum
2189 2557 2373 2611 vero
2437 2535 2655 2637 loqui

205 2681 479 2737 omnes
519 2667 595 2737 et
653 2657 989 2735 clamare
1041 2663 1471 2755 cœperunt.
1527 2659 1585 2731 A
1645 2657 1781 2733 des
1841 2657 2147 2755 soupirs
2199 2657 2653 2759 longtemps

203 2781 529 2861 étouffés
561 2781 985 2857 succèdent
1013 2779 1125 2855 les
1155 2777 1779 2877 gémissements,
1817 2777 1991 2877 puis
2023 2781 2257 2873 enfin,
2309 2803 2419 2857 un
2467 2805 2655 2859 con¬

201 2915 371 2983 cert
409 2905 507 2981 de
537 2901 869 3001 plaintes
905 2909 981 2979 et
1017 2903 1115 2979 de
1153 2901 1331 2977 cris.

201 3089 601 3175 Sustinere,
637 3091 1101 3177 Sustentare,
1137 3085 1209 3157 v.
1237 3085 1469 3157 Ferre.

1383 3379 1471 3493 T

201 3697 549 3779 Taberna,
593 3691 657 3761 v.
687 3691 1179 3759 Deversorium.
1437 3683 1747 3769 Tabule,
1787 3683 1853 3753 v.
1887 3683 2093 3753 Axes.

201 3807 495 3891 Tacere,
529 3803 985 3887 Taciturnus,
1001 3797 1067 3869 v.
1097 3797 1337 3869 Silere.

199 3915 427 4001 Tæda,
455 3915 519 3981 v.
549 3915 717 3981 Fax.
1427 3907 1691 3989 Tædet,
1731 3899 1793 3969 v.
1831 3899 2053 3987 Piget.

201 4027 465 4109 Tæter,
497 4027 561 4095 v.
603 4027 815 4095 Teter.
1427 4017 1681 4099 Talea,
1715 4011 1783 4083 v.
1819 4011 2051 4079 Rami.

197 4137 435 4225 Talio,
475 4135 541 4205 v.
591 4135 929 4203 Vindicta.
1423 4127 1769 4209 Tardare,
1807 4119 1877 4191 v.
1915 4119 2217 4193 Manere.

301 4315 623 4387 Tardus.
689 4309 1005 4389 Lentus.
1075 4309 1397 4405 Tardus,
1449 4325 1771 4405 marque
1813 4305 1889 4379 la
1931 4301 2239 4379 lenteur
2271 4299 2409 4401 qui
2457 4307 2653 4401 perd

207 4431 311 4505 du
339 4439 595 4523 temps
629 4453 765 4527 par
811 4433 1261 4529 opposition
1313 4433 1359 4511 à
1409 4429 1647 4517 citus;
1697 4425 1963 4521 lentus,
2003 4423 2201 4501 celle
2237 4423 2367 4523 qui
2403 4431 2653 4521 prend
