2480 3188
717 1828 32 36 11

296 1939 512 31 Pablo PICASSO : voir n° 216.

179 2081 1084 40 *16. Auguste RENOIR (1841-1919). L.A.S., Vendredi soir [27

272 2131 991 41 novembre 1896], à Teodor de WYZEWA ; 1 page obi. in-

276 2181 987 40 12 (carte postale), adresse au verso (encadrée avec portrait

273 2231 990 41 photographique). 600/700

296 2291 782 37 « Jean viendra aussi déjeuner au Caboulot demain »...

183 2378 1078 43 17. Louise-Élisabeth VIGÉE-LEBRUN (1756-1842). L.A.,

273 2435 988 41 Paris vendredi [1829] ; 2 pages in-12 sur papier vert.

1127 2486 136 29 400/500

296 2545 967 36 « Je suis à Paris dans le château du Coq venes me voir s’il vous

273 2590 990 37 est possible, très amable, je retournes dimanche à Lucienne, et

273 2635 989 37 desire avoir vos avis sur l’arrangement de mes tableaux. Je suis

272 2680 991 37 vraiment comme à la campagne, venes je vous prie entre une ou

273 2725 990 36 2 ou 3 h, car le soir vous ne pouries pas voir mon salon &c et la

272 2769 991 38 vue de tant de jardins, c’est une vraie feerie. Je n’ose esperer votre

273 2815 990 37 chere Julliete, c’est si loin ! A mon retour je veux que vous venies

273 2860 990 36 ensemble planter la crémayère cela portera bonheur à moi, et à mon

273 2905 851 27 chateau »... Elle donne son adresse « rue St Lazare n° 75 ».

1782 1827 37 37 17

1790 3013 27 23 16

2365 3070 19 28 7

2396 211 27 180 Beaux-Arts
