2480 3188
308 213 1994 36 et détaillée portant sur les conditions techniques et financières de l’opération. « Je ferais avec plaisir un frontispice pour le petit volume

308 259 1994 37 de poèmes érotiques de Georges BATAILLE »... Lundi [printemps]. Il a reçu le manuscrit et les deux planches de bois pour le volume de

308 305 1994 36 BATAILLE, et réclame des précisions sur ce qui est voulu... 31 mai. Explications sur son renoncement à illustrer La Sorcière et le Bataille

308 350 1994 36 pour les Editions des Quatre Vents, et confidences sur le « combat brutal » avec sa femme pour leurs deux petites filles : « Je vis comme

308 396 1993 37 un automate loin de ce qui est “moi”. Ma vie, devant le cataclysme à prévoir (cette vache travaille avec tous les ressorts de l’infâmie,

308 442 1994 36 de la traîtrise, de la dénonciation, de la calomnie etc.) n’est plus une vie »... Il propose néanmoins des compromis pour La Touche de

308 487 1994 37 BATAILLE... 10 juin. Il parle de la collection « L’Age d’or », et félicite Parisot des Poésies complètes de JARRY, puis résume les accords

308 533 1994 36 trouvés pour La Sorcière... 12 juin. Nouvelle mise au point de ses conditions pour La Sorcière, après rencontre de Gaston Bonheur. «J’ai

308 576 1994 39 récemment effectué une vente très importante de tableaux et de dessins. À côté des prix obtenus (tableaux 45 000 pièce, dessins de

311 624 1990 37 10 000 à 30 000), les 40 000 frcs pour La Sorcière sont plus que modestes, étant donné, en plus, que ces dessins ont un sujet prescrit,

308 667 1993 40 et demandent par conséquent un travail particulier »... 17 juillet. Interrogations sur le volume qu’il illustrera pour les Éditions Fontaine :

309 716 1993 36 Swinburne, K.P. Moritz, Cardan, Sade ; sur ses propres Jeux de la Poupée avec textes d’Eluard, et sur Y Anatomie... 24 juillet. Il donne

309 761 1993 37 son adresse pour quelques semaines à Revel (Haute-Garonne)... Carcassonne 26 juillet. Il reçoit ses lettres par l’intermédiaire de Joe

308 807 1994 37 BOUSQUET. « LJ'abandonnons pas l’idée, de vous prie, de demander des textes aux écrivains en question. Moi je pense que PAULHAN ne

308 852 1994 37 marchera pas et que la poésie d’ARP – tant que nous la connaissons - comporte un élément d’humour qui au fond est diamétralement

308 898 1995 36 opposé à ma manière de concevoir un monument à la Mineure et, en somme, à l’érotique. MICHAUX, BATAILLE etc. seraient parfaitement

308 944 776 36 en mesure de faire quelque chose de sensationnel »...

231 1039 2072 41 6. Hans BELLMER. 4 L.A.S., [1945], à son ami l’éditeur Henri PARISOT ; 9 pages in-4 remplies d’une petite écriture sur

308 1090 1994 40 papier fin rose. 2 500/3 000

331 1151 971 31 INTÉRESSANTE CORRESPONDANCE SUR LE PROJET DES JEUX DE LA POUPÉE.

336 1196 1966 37 Vendredi. Il lui envoie des négatifs et des photos, mais le prie d’attendre un peu pour la photo dans l’escalier. Il remercie de l’envoi

308 1241 1994 37 de livres : Le Grand Jeu, les deux Manifestes par BRETON, les Malheurs de la vertu, Ubu Roi, etc. et des « deux photos excellentes d’après

308 1287 1994 37 mes dessins ». Il donne des instructions pour les reproductions et le brochage : « il est bon que vous avez les agrandissements (24 x 30)

308 1333 1995 37 de Breton, ils peuvent du moins servir à Caillet comme modèle ». Il serait bon de demander aussi l’avis de Robert Valançay. Quant à

307 1378 1995 37 André Breton « il ne semble pas voir l’apparition de Minotaure et en général le message surréaliste de Minotaure sous une lumière très

308 1424 1993 37 optimiste ». Il est question d’un article de Breton sur lui, mais il n’ose lui parler d’un second recueil. « André Breton me dit ajuste titre,

308 1470 1994 36 qu’il est absolument essentiel d’exposer en mars une poupée réelle et non son image ». Il n’aura pas « le temps d’écrire un texte pour le

309 1515 1697 37 second recueil qui, à la rigueur, pourrait être fabriqué par moi-même comme la première édition allemande »... Etc.

333 1561 1969 36 Sur le choix du format, du papier, de la reliure, et de la couverture. Il faut « 1) Relier le livre dans un papier précieux et caractéristique

309 1607 1992 37 [...] 2°) Imprimer une enveloppe “de défense” qui portera le titre, etc., et dont l’aspect typographique serait assez conventionnel [...]

308 1653 1994 36 trouver des lettres d’impression caractéristiques pour le mot « Poupée » qui devrait être imprimé en rose cru ». S’il est absent des

311 1698 1992 37 Cahiers d’Art, il ne peut se le reprocher qu’à lui-même ; en effet il a cherché à écrire une lettre circonstanciée à André Breton au sujet

308 1741 1994 40 de son discours au Congrès des Écrivains, mais son français insuffisant l’en a empêché, et il n’a fait que le remercier poliment. Il a reçu

309 1787 1993 39 L’Immaculée Conception « avec une dédicace très touchante et amicale d’André Breton et de Paul Éluard, je reconnais plutôt une certaine

309 1835 1993 37 sympathie de la part d’André Breton qui m’est autant plus valeureux que je n’ai rien fait pour la provoquer ». Il évoque les tableaux de

305 1881 1997 36 Jérôme BOSCH, dont il ne connaît que des reproductions, et les relations de Parisot avec Mario PRASSINOS. En post-scriptum, il lui conte

308 1926 1994 37 la visite matinale de la « Sœur Anna du Service public pour les maladies pulmonaires », alors qu’il avait fait des photos la veille et tout

308 1969 1993 40 laissé en désordre : « ma demeure ressemblait à l’atelier du vieux et honorable Landru »... Il va envoyer des épreuves à Éluard et Valançay.

328 2018 1974 36 Jeudi. Sur le prix des photos et les frais d’impression ; la reliure « doit avoir quelque chose de précieux ou d’individuel. La couverture

308 2063 1994 37 projetée par Mr Guy LÉVIS-MANO - relativement bon marché - ne correspondrait pas suffisamment au caractère de l’édition ». Il envisage

308 2109 1995 37 d’accepter l’offre de Jeanne BUCHER, mais cela dépendra des conditions financières : « dans le cas le plus défavorable, je ferais imprimer

308 2152 1995 39 le texte à Berlin »...La traduction lui pose des problèmes et il soumet des idées de titres pour les photos : « (LE) PAYS SAGE (DU) À

307 2201 1995 36 VER AU LAIT » ou « L’AN DE MAIN(S) »..., et recopie « un vrai poème », dont « le vers à quatre semblait doué d’une vraie stupeurté

307 2246 1995 37 fascinante et engageante à des permutations à l’infini (“Automatisme de la variante”) ». Mais il n’est pas sûr de son français et demande

309 2289 1765 39 l’avis de Parisot avant d’en parler à Paul Éluard. « Le titre Rose ou Verte la Nuit semble pour le moment le plus beau »...

332 2337 1969 37 Mercredi soir. « La traduction de mon préface pour la Poupée est devenue, selon moi, excellente » et il l’a envoyée à Robert VALANÇAY ;

308 2383 1994 37 11 regrette de n’avoir pu contacter Zervos des Cahiers d Art qui « disposent des chances de vente et de réclame sans doute plus étendues

308 2429 1994 37 que Madame Bûcher ». Il regrette le délai : « retarder l’apparition de ce livre, c’est la rendre stérile : au printemps on se désintéresse des

308 2474 1994 37 poupées ». Il insiste sur le brochage : « de la soie verte de corset serait l’idéal », mais il faudrait aussi une enveloppe pour la protéger de

308 2520 1994 37 la poussière. Il s’inquiète de la parution du Minotaure et envisage, avec l’autorisation de Gisèle PRASSINOS, de donner à Skira le texte

308 2566 1994 36 qu’elle a écrit sur lui. Il s’étonne qu’Alberto GIACOMETTI ne soit pas « représenté aux Quatre Chemins et dans le fascicule surréaliste des

311 2612 1170 36 Cahiers d’Art. Je me reproche pendant toute l’année de ne lui avoir pas écrit »...

235 2707 2067 40 7. Hans BELLMER. L.A.S., Toulouse 22 janvier 1948, [à Joe BOUSQUET] ; 1 page in-4 sur papier rose pâle. 500/600

332 2767 1970 37 « Quand réunirez-vous tous vos comptes-rendus des interférences du “physique” et du “psychique” dont vous êtes seul à être médium

308 2812 1994 37 et observateur à la fois. [...] Faut-il vous dire combien compterait pour ma vie - imaginaire -le fait que vous reprendriez vos textes ou

308 2854 1997 41 notes à mon sujet ! Que puis-je faire pour rendre cette idée plus tentante ? ». À propos de SADE : « à l’aide du récent numéro des Cahiers

310 2904 1992 37 du Sud (Sade) j’ai pu me rendre très nettement compte en quelle mesure les “réadaptateurs” de Sade se cassent les dents pour se le

308 2949 1994 38 rendre digeste »...Sa situation matérielle est désastreuse ; il n’a plus rien à manger : « Il n’y a que les femmes celles du “monde” qui

96 3070 20 28 4
