2480 3188
216 208 2084 46 11. Jules CHÉRET (1836-1932). Dessin original signé du monogramme «JCh. », Pierrot Sceptique, [1881] ; mine de plomb,

308 264 1994 39 plume, encre de Chine et aquarelle sur papier bleuté, 15,7 x 10 cm, contrecollé. 400/500

331 318 1972 42 MAQUETTE DE COUVERTURE pour Pierrot Sceptique, pantomime par Léon HENNIQUE et J.-K. HUYSMANS (Édouard Rouveyre, 1881). On

305 368 1998 36 JOINT 4 ÉPREUVES LITHOGRAPHIQUES : deux états de la couverture et frontispice, et les deux illustrations, une avec les deux têtes pour

309 414 279 36 servir de vignettes.

216 508 2084 40 12. Jean-Dominique INGRES (1780-1867). L.A.S., Paris 28 avril 1849, au pianiste Camille Stamaty ; 1 page et demie in-12.

2168 559 134 29 500/600

332 617 1971 37 Il regrette de n’avoir pu aller l’entendre la veille, « mais je suis rentré si fatigué de mon atelier où un travail long et pénible me retient

308 662 1323 37 très tard tous les jours et dont je sors exténué qu’il m’a été impossible de sortir le soir »...

333 707 1969 37 [Ingres connaît depuis son enfance le pianiste et compositeur Camille-Marie Stamaty (1811-1870), qui figure, âgé de sept ans, sur le

308 752 1428 37 célèbre dessin représentant la famille Stamaty ; sa sœur aînée Pauline-Atala fut l’élève d’Ingres.]

216 847 2086 40 13. Jean-Dominique INGRES. 2 L.A.S., [Paris 1850], au pianiste Camille STAMATY ; 1 page in-8 chaque (petit deuil), une

308 897 1994 30 adresse. 800/1 000

332 956 1971 37 Mercredi 6 mars [1850]. Il ne peut venir à son concert ce soir : « un rhume très violent qui me donne la fièvre me force à garder ma

308 1001 1054 32 chambre et le lit » ; il l’assure de son attachement et de son admiration.

332 1046 1971 37 21 mai [1850]. Il regrette de « devoir reporter une si agréable partie de famille qui m’est si chère, mais je ne puis décliner une invitation

308 1091 1142 37 chez M. Reiset ». Il prie de l’excuser auprès de sa femme et de sa petite fille...

216 1186 2086 40 14. Jean-Dominique INGRES. L.A.S., lundi, au pianiste Camille STAMATY ; 1 page petit in-8. 500/700

332 1245 1970 37 Il regrette le « contretemps qui me prive de vous entendre mardi ; soirée double dont il m’est impossible de me dégager » ; il lui adresse

309 1291 1218 31 ses amitiés et son admiration : « Tout à vous de cœur ami, charmant Cassandrius ».

332 1336 1880 36 ON JOINT une L.S. au même, où Ingres dit ne pouvoir sortir : je garde la chambre pour soigner mes yeux malades »... (1 p. in-8).

1262 1947 1038 40 15. Jean-Dominique INGRES. L.A.S., Paris 17 avril [1852],

1353 1997 949 41 au pianiste Camille STAMATY ; 1 page in-8. 1 000/1 200

1378 2057 924 37 SUR LA MUSIQUE ET SUR SON REMARIAGE [Ingres épouse le 15 avril

1355 2102 666 36 1852, en deuxièmes noces, Delphine Ramel].

1377 2147 925 37 « Il y a un an que je n’entends plus de musique, souvent malade

1353 2192 950 36 et puis détourné par d’incessantes préoccupations nottament

1353 2237 950 37 celle de mon mariage dont j’ai l’honneur de vous faire part et

1353 2282 949 37 qui vient de s’accomplir sous les plus heureux auspices jeudi

1353 2327 949 37 dernier ». Il regrette « de ne pas profiter, dans ce moment de

1353 2372 950 37 l’offre obligeante de vos billets. La Musique, j’espère, aura sa

1353 2417 949 37 revanche un jour pour me dédommager des privations que je

1354 2462 948 37 m’impose aujourd’hui d’entendre et d’admirer celle que vous

1353 2507 568 36 faites avec une si haute perfection ! »...

97 3069 19 30 6
