2480 3188
524 1347 33 24 20

1645 1348 32 23 25

273 1465 1988 37 des pieds », il s’extasie au spectacle de la mer : « la mer, ma mer chérie, est toujours là, et tu sais si je l’aime. C’est bête comme chou,

273 1509 1990 38 mais je reste là des heures à regarder, comme en extase. Cette immensité me fait faire mille réflexions, ces levers de soleils, ces couchers

272 1555 1991 37 avec ces tons dorés, violets, ces petites barques au loin, ces majestueux et prudhommesques vapeurs qui viennent du Havre et vont soit

273 1600 1990 36 à Southampton, soit dans la mer du Nord, cette mer qui a tous les tons de la palette, du plus clair au plus sombre, avec des diaphanéités

272 1644 1989 37 inouïes, des reflets incomparables, des verts émeraude à faire envie à ta sœur, des expressions vagues de bleu à désespérer Lamartine,

273 1689 1988 38 et des moutonnements sur les rocs à inspirer des vers d’un km. à Hugo ; avec des frissons, des spasmes, des soupirs à étouffer Musset,

272 1734 1991 37 avec des aiguilles, des coins inconnus, des phosphorescences, des reflets métalliques à faire pâmer Monet ou à esquinter la verve voulue

273 1780 1990 37 de Baudelaire, que te dirai-je ! Toute cette poésie, toute cette peinture, toute cette harmonie, ce bruit haletant et cadencé de la vague qui

273 1825 1988 37 meurt et qui contient depuis Beethoven jusqu’à Shakespeare en passant par Michel-Ange, tout ça me transporte, me paralyse, m’énerve,

272 1870 1991 37 me comble, me crible de joies ». Il a gravi une valleuse, mais renoncé à celle de Bénouville avec ses 365 marches et l’a admirée d’en

272 1915 1991 37 bas. Après un déjeuner d’œufs dans une auberge, et l’inévitable trou normand, retour par la route d’Etretat. Le lendemain, excursion

273 1960 1989 36 en carriole à Gonneville : « Nous prenons la route du Havre, avec du lin à droite et du colza à gauche, avec les coquelicots et bluets

273 2005 1990 36 de rigueur, le tout couronné par les 6 fils télégraphiques de la route départementale, sur lesquels les moineaux, chardonnerets, buses

273 2050 1988 36 et autres mouettes viennent de temps en temps danser une saltarelle ou chercher un point d’appui pour voir tomber leur petit caca.

273 2095 1991 36 Ça monte tout le temps ; il est vrai que ça descendra en revenant, mais c’est embêtant quand ça monte, d’autant que ce cheval [...] a

273 2139 1988 38 des jambes en coton et ne prend le trot – et quel trot ! – qu’à la condition de lui enfoncer la jambe dans le derrière, pantalon compris,

269 2184 1993 38 jusqu’à mi-cuisse ; et il s’y habitue ! si bien qu’il faut changer de temps en temps de jambe, sans quoi ça ne lui ferait plus aucun effet ;

269 2229 1993 38 je crois même que ça lui ferait plaisir. Nous ne pouvons cependant pas déraciner un chêne séculaire pour le lui introduire où vous

273 2275 1990 37 savez ». Déjeuner à l’auberge d’AUBOURG, « qui est une autorité dans le pays et que touristes et excursionnistes connaissent tous. Ce

272 2319 1991 38 bonhomme, un enfant du pays, a collectionné un vrai musée de vieilles et remarquables faïences, vieux meubles, armes, etc., le tout

272 2364 1990 38 trouvé dans le pays. Il en a pour beaucoup d’argent et, maintes fois, il en a refusé la vente aux Offenbach, Albert Wolff, de Neuville,

273 2407 1990 40 Dupray, Détaillé etc. »... Bain de mer à Bruneval : « Édouard et moi enlevons jusqu’au dernier rempart de la pudeur – j’ai nommé le gilet

273 2454 1990 38 de flanelle – et deux Adonis se jettent à l’eau. Bain exquis, bain rêvé ! Ce que cela me fait de bien, c’est pas dieu possible ! Nous sortons

273 2500 1990 37 de là roses comme les joues de notre Marcel, car la mer aime à voir circuler le sang de ceux qui s’y plongent, et après nous être séchés au

273 2545 1990 37 soleil et avoir enlevé soigneusement les petits grains de galets qui ont la manie de venir se réfugier entre les doigts de pieds du pauvre

273 2587 1989 39 monde, nous avons revêtu depuis la chaussette jusqu’à la cravate »... Retour à Étretat, « cahin-caha ; ce pauvre cheval n’en peut plus »...

273 2635 1990 37 Le lendemain, il ajoute le récit de la halte à Saint-Jouin, à l’hôtel de « la Belle Ernestine [...] plus belle du tout, la belle Ernestine ; elle

273 2679 1989 38 a, comme presque toutes les femmes d’ici, un râtelier » ; digression sur les râteliers... « Cette grosse femme a eu son heure de célébrité.

272 2724 1989 38 Alph. Karr, Alex. Dumas père, Monselet, des peintres, des musiciens ont fait, il y a quelque 15 ans, une certaine renommée à sa vertu,

273 2770 1989 37 car elle était sage à son hôtel, car elle cuisinait bien. [...] elle a collectionné une quantité d’albums fort curieux sur lesquels tout-Paris

273 2815 1991 36 moderne a laissé un mot d’esprit ou une bêtise, un dessin, un croquis, un compliment en vers à Ernestine, enfin tout ce qui peut passer

273 2857 1989 39 par la cervelle ! J’ai écrit un fragment de L’Etoile en mettant au-dessous : “Extrait de L’Etoile, le plus grand succès des Bouffes-Parisiens”,

273 2904 1012 38 puis j’ai signé ; les Offenbach seront épatés quand ils verront ça ! »...

299 2950 871 36 Correspondance (78-5). Ancienne collection Francis POULENC.

2364 3069 19 30 9

2396 211 36 337 Musique et Spectacle
