2480 3188
227 197 2051 41 31. Henri RIVIÈRE (1864-1951) peintre et graveur. 3 L.A.S., 1894-1897 et s.d., au Docteur David Louis PELET ; 4 pages et demie in-8, en-têtes

310 248 1968 36 illustrés de La Vie drôle et Théâtre du Chat Noir, enveloppes. 200/250

344 310 1934 36 Loguivy 18 juin [1894] : « J’espère que vous êtes toujours aussi brillant et que vous continuez à faire des affaires épatantes »... [Paris

308 355 1970 36 6 mai 1897] : « Nous partons dans 8 jours pour la Bretagne et je voudrais bien avoir une passe. (...) Il y aura une belle gravure pour le

309 401 1898 35 père Pelet s’il me fait avoir ma passe »... Paris mercredi, demande d'une passe « Paris à Brest avec arrêts au Mans et à Brieuc »...

222 483 2056 36 32. Rodolphe SALIS (1851-1897) humoriste, créateur du cabaret du Chat Noir. 7 L.A.S., 1 L.S. et une note a.s., Paris 1882-1894 ; 9 pages in-4

309 529 1969 35 ou in-8 à en-tête Le Chat Noir, plusieurs avec vignette (une lettre réparée au scotch). 300/400

345 591 1934 35 11 novembre 1882, à un confrère : « Le Cabaretier du Chat noir et directeur en même temps de la très mirifique gazette littéraire et

308 636 1970 36 fumiste » remercie d’un article... 16 août 1884, promettant de publier Couchant d’automne et Mireille... 23 octobre 1887, à M. Lebègue :

308 681 1970 36 « Et cette vieille goguette ? En avez-vous parlé à vos chansonniers?»... 26 avril 1889, priant un Maître d’assister à une Soirée Parisienne...

307 727 1971 35 22 mai 1889, envoi d’une chronique à paraître dans Le Chat Noir, s’opposant à la fermeture de l’Exposition le soir... 14 avril 1891, à son

309 772 1968 36 vieux Laribat : « Je suis assigné en police correctionnelle par ce Kcul de PELADAN »... [1891] : « L’encombrant et ridicule Peladan dont on

308 817 1970 36 se rappelle la musique contre la tyrannie militaire [...], le Sar timbanque aérolithe assigne le gentilhomme cabaretier Rodolphe Salis

309 863 1969 35 devant la neuvième chambre correctionnelle pour l’avoir cité dans son journal Le Chat Noir et l’avoir qualifié de Derrière éprouvé »...

309 908 1969 36 6 novembre 1894, remerciant pour des lignes charmantes sur la réouverture du Chat Noir... ON JOINT une sommation à comparaître

308 953 1208 36 devant le tribunal à la requête de Joséphin PÉLADAN, et une lettre écrite pour Salis.

223 1036 2055 36 33. Rodolphe SALIS. 26 L.A.S., Château de Naintré 1891-1897, à David PELET, agent général de la publicité au Chat Noir ; 48 pages formats

309 1081 1969 36 divers avec vignette de son château, enveloppes. 400/500

346 1143 1933 36 Instructions de tout ordre : « Pensez donc à un artificier puis à Thibouville pour les baguettes de tambours »... « Veuillez aller

308 1189 1971 35 demander à Me Reboul si l’affaire PELADAN est classé »... « Faites le service à La Vie joyeuse »... « Priez donc Auriol de m’écrire relativement

308 1234 1972 36 au journal »... « Broquet est cause d’une grosse perte de temps et d’une belle dépense d’installations »... « Faites un service très régulier

308 1279 1970 36 du Chat noir à M. J. Grand-Carteret »... « Je suis très satisfait d’apprendre que les journaux aient annoncé notre reprise théâtrale »...

308 1325 1970 35 « Qu’est-ce que cette fumisterie de programme ? qu’est-ce que ces annonces ? qu’y a-t-il de vrai ? »... Etc. ON JOINT 10 L.A.S. de

309 1370 1969 36 Gabrielle Salis au même, un télégramme, un brouillon de réponse, et 4 cartons d’annonce ou d’invitation du Chat Noir ; plus 3 lettres

308 1416 641 35 adr. à Pelet par D. Bonnaud et Deschaumes.

220 1498 2009 36 34. Rodolphe SALIS. 3 L.A.S. et 1 P.A.S., 1895-1896, à Georges MONTORGUEIL ; 4 pages in-8, 3 à en-tête et vignette Théâtre du Chat Noir.

2145 1546 133 25 200/300

345 1605 1933 36 9 décembre 1895 : « Vous êtes depuis si longtemps notre ami que rien de ce qui vous arrive ne peut que nous toucher profondément »...

307 1651 1971 35 25 avril 1896, priant de glisser une allusion ou bien deux aux visites impériales à son théâtre (les grands ducs de Russie, prince de

308 1696 1970 36 Galles, etc.), pour appâter les immortels snobs : te Chat Noir est « le rendez-vous des têtes couronnées avec en moins Pangloss

308 1741 1970 36 comme chez Voltaire – et chez Anatole France »... 22 décembre 1896, pour faire passer un écho « vraiment rigolo et qui vis-à-vis de

308 1787 1970 36 quelques snobs peut augmenter mon prestige – cet écho n’a rien de commercial. Il peut trouver grâce devant l’administration »...

308 1832 521 36 Annonce de spectacle à Bruxelles...

344 1877 1934 36 ON JOINT 9 L.A.S. de Gabrielle SALIS, dont plusieurs évoquant les affaires ou des souvenirs du Chat Noir, 1897-1904, à G. Montorgueil ;

309 1923 1496 35 plus un faire-part ; et une l.a.s. d'Henri JOUARD, « dessinateur et régisseur de l’ancien Chat noir » (1898).

222 2006 2056 35 35. Léon Fourneau, dit XANROF (1867-1953). 20 L.A.S., la plupart à Georges MONTORGUEIL ; 37 pages formats divers, qqs en-têtes Gil Blas,

308 2051 1970 36 Société des Auteurs et Compositeurs dramatiques ou Les Amis des Travailleurs intellectuels. 150/200

345 2113 1933 35 Remerciements à un confrère pour ses chansons... Rendez-vous à une interprète pour causer d’une saynète... Recommandation

309 2158 1969 36 de Mme Carrière, qui a remporté un vif succès à la Société des Concerts du Conservatoire... Vers sur un congrès de chansonniers...

310 2203 1967 36 Envois de livres, invitations, remerciements pour des articles... ON JOINT une photographie (Collection Félix Potin), un faire-part de son

309 2249 436 35 mariage et divers documents.

1141 2331 198 19 *****

203 2483 2075 35 f 36. Ernest CHAUSSON (1855-1899). L.A.S., San Domenico di Fiesole mardi soir, à M. FARIA ; 3 pages in-12, vignette. 150/200

343 2545 1936 35 « Je savais déjà, par Crickboom, que la Société Catalane avait cessé d’exister. Sans doute vous avez eu de sérieuses raisons pour

309 2590 1969 36 prendre cette décision. Pour moi qui ai connu son hospitalité généreuse, l’extrême amabilité de son Président et de ses membres de

308 2635 1970 36 son Comité, je ne puis voir la Société Catalane disparaître sans un peu de regret. Les efforts artistiques que vous avez faits ont déjà

310 2681 1451 35 produit ses résultats. Votre oeuvre a été utile et mérite les remerciments de tous les musiciens »...

206 2763 2072 36 f 37. Luigi CHERUBINI (1760-1842). L.S. comme directeur du Conservatoire, Paris 8 octobre 1840, à Charles de RÉMUSAT, ministre de l'Intérieur ;

308 2809 1970 35 1 page in-fol., en-tête Conservatoire de Musique et de Déclamation. 120/150

345 2871 1933 35 L’élève Marie MAS a cessé de faire partie de la classe de M. BAILLOT : « ayant concouru consécutivement 3 fois, sans avoir obtenu

309 2916 1969 36 un Premier Prix, il ne pouvait, aux termes des règlemens, suivre plus longtemps les cours du Conservatoire ». Cette mesure « ne peut

308 2961 1327 36 qu’être favorable aux progrès des études en excitant davantage l’émulation des élèves »...

2329 3079 14 24 7
