<?xml version="1.0" encoding="UTF-8"?>
<alto xmlns:xsi="http://www.w3.org/2001/XMLSchema-instance"
      xmlns="http://www.loc.gov/standards/alto/ns-v2#"
      xmlns:page="http://schema.primaresearch.org/PAGE/gts/pagecontent/2013-07-15"
      xsi:schemaLocation="http://www.loc.gov/standards/alto/ns-v2# http://www.loc.gov/standards/alto/alto.xsd">
   <Description>
      <MeasurementUnit>pixel</MeasurementUnit>
      <OCRProcessing ID="IdOcr">
         <ocrProcessingStep>
            <processingDateTime>2020-10-31T11:52:25.568+01:00</processingDateTime>
            <processingSoftware>
               <softwareCreator>READ COOP</softwareCreator>
               <softwareName>Transkribus</softwareName>
            </processingSoftware>
         </ocrProcessingStep>
      </OCRProcessing>
   </Description>
   <Layout>
      <Page ID="Page1" PHYSICAL_IMG_NR="1" HEIGHT="3188" WIDTH="2480">
         <TopMargin HEIGHT="476" WIDTH="2480" VPOS="0" HPOS="0"/>
         <LeftMargin HEIGHT="2633" WIDTH="196" VPOS="476" HPOS="0"/>
         <RightMargin HEIGHT="2633" WIDTH="125" VPOS="476" HPOS="2355"/>
         <BottomMargin HEIGHT="79" WIDTH="2480" VPOS="3109" HPOS="0"/>
         <PrintSpace HEIGHT="2633" WIDTH="2159" VPOS="476" HPOS="196">
            <TextBlock ID="r_1_1" HEIGHT="86" WIDTH="2060" VPOS="481" HPOS="219">
               <Shape>
                  <Polygon POINTS="219,481 2279,481 2279,567 219,567"/>
               </Shape>
               <TextLine ID="tl_1"
                         BASELINE="518"
                         HEIGHT="36"
                         WIDTH="2058"
                         VPOS="482"
                         HPOS="220">
                  <String ID="string_tl_1"
                          HEIGHT="36"
                          WIDTH="2058"
                          VPOS="482"
                          HPOS="220"
                          CONTENT="75. Jules MASSENET (1842-1912). MANUSCRIT MUSICAL autographe, Le Détour du chemin ; 3 pages in-fol. (taches, fentes aux plis, petites"/>
               </TextLine>
               <TextLine ID="tl_2"
                         BASELINE="566"
                         HEIGHT="36"
                         WIDTH="1970"
                         VPOS="530"
                         HPOS="308">
                  <String ID="string_tl_2"
                          HEIGHT="36"
                          WIDTH="1970"
                          VPOS="530"
                          HPOS="308"
                          CONTENT="déchir., réparations). 500/600"/>
               </TextLine>
            </TextBlock>
            <TextBlock ID="r_1_2" HEIGHT="86" WIDTH="1971" VPOS="593" HPOS="309">
               <Shape>
                  <Polygon POINTS="309,593 2280,593 2280,679 309,679"/>
               </Shape>
               <TextLine ID="tl_3"
                         BASELINE="630"
                         HEIGHT="36"
                         WIDTH="1934"
                         VPOS="594"
                         HPOS="345">
                  <String ID="string_tl_3"
                          HEIGHT="36"
                          WIDTH="1934"
                          VPOS="594"
                          HPOS="345"
                          CONTENT="Mélodie pour chant et piano, sur une poésie d’Arthur BERNÈDE, dédicacée à Mme Paul de LACROIX. « Le détour du chemin, c’est"/>
               </TextLine>
               <TextLine ID="tl_4"
                         BASELINE="678"
                         HEIGHT="36"
                         WIDTH="905"
                         VPOS="642"
                         HPOS="310">
                  <String ID="string_tl_4"
                          HEIGHT="36"
                          WIDTH="905"
                          VPOS="642"
                          HPOS="310"
                          CONTENT="l'inconnu »... Assez lent, en do à 9/8, elle compte 33 mesures."/>
               </TextLine>
            </TextBlock>
            <TextBlock ID="r_1_3" HEIGHT="38" WIDTH="1936" VPOS="689" HPOS="343">
               <Shape>
                  <Polygon POINTS="343,689 2279,689 2279,727 343,727"/>
               </Shape>
               <TextLine ID="tl_5"
                         BASELINE="726"
                         HEIGHT="36"
                         WIDTH="1934"
                         VPOS="690"
                         HPOS="344">
                  <String ID="string_tl_5"
                          HEIGHT="36"
                          WIDTH="1934"
                          VPOS="690"
                          HPOS="344"
                          CONTENT="On joint son Pie Jesu (Paris, Heugel &amp; Lie, 1893) pour chant, orgue et violoncelle, avec ENVOI autogr. signé au dédicataire N. AUGUEZ :"/>
               </TextLine>
            </TextBlock>
            <TextBlock ID="r_1_4" HEIGHT="38" WIDTH="1972" VPOS="737" HPOS="306">
               <Shape>
                  <Polygon POINTS="306,737 2278,737 2278,775 306,775"/>
               </Shape>
               <TextLine ID="tl_6"
                         BASELINE="774"
                         HEIGHT="36"
                         WIDTH="1970"
                         VPOS="738"
                         HPOS="307">
                  <String ID="string_tl_6"
                          HEIGHT="36"
                          WIDTH="1970"
                          VPOS="738"
                          HPOS="307"
                          CONTENT="« à vous, mon cher Auguez – (voir page I) J’ai tenu ma promesse en écrivant ce morceau – votre cordialement affectionné Massenet."/>
               </TextLine>
            </TextBlock>
            <TextBlock ID="r_1_5" HEIGHT="27" WIDTH="174" VPOS="787" HPOS="306">
               <Shape>
                  <Polygon POINTS="306,787 480,787 480,814 306,814"/>
               </Shape>
               <TextLine ID="tl_7"
                         BASELINE="813"
                         HEIGHT="25"
                         WIDTH="172"
                         VPOS="788"
                         HPOS="307">
                  <String ID="string_tl_7"
                          HEIGHT="25"
                          WIDTH="172"
                          VPOS="788"
                          HPOS="307"
                          CONTENT="1894 Paris »."/>
               </TextLine>
            </TextBlock>
            <TextBlock ID="r_1_6" HEIGHT="38" WIDTH="2078" VPOS="903" HPOS="201">
               <Shape>
                  <Polygon POINTS="201,903 2279,903 2279,941 201,941"/>
               </Shape>
               <TextLine ID="tl_8"
                         BASELINE="940"
                         HEIGHT="36"
                         WIDTH="2076"
                         VPOS="904"
                         HPOS="202">
                  <String ID="string_tl_8"
                          HEIGHT="36"
                          WIDTH="2076"
                          VPOS="904"
                          HPOS="202"
                          CONTENT="f 76. Jules MASSENET. 2 L.A.S. et une carte postale autogr., 1885-1904 ; 4 pages in-8 ou in-12. 100/150"/>
               </TextLine>
            </TextBlock>
            <TextBlock ID="r_1_7" HEIGHT="133" WIDTH="1972" VPOS="968" HPOS="307">
               <Shape>
                  <Polygon POINTS="307,968 2279,968 2279,1101 307,1101"/>
               </Shape>
               <TextLine ID="tl_9"
                         BASELINE="1005"
                         HEIGHT="36"
                         WIDTH="1936"
                         VPOS="969"
                         HPOS="342">
                  <String ID="string_tl_9"
                          HEIGHT="36"
                          WIDTH="1936"
                          VPOS="969"
                          HPOS="342"
                          CONTENT="3 janvier 1885, à une dame : « Je vous jure que nous ne mourrons ni l'un ni l’autre sans que ce morceau ait été écrit, exécuté, et..."/>
               </TextLine>
               <TextLine ID="tl_10"
                         BASELINE="1052"
                         HEIGHT="35"
                         WIDTH="1969"
                         VPOS="1017"
                         HPOS="309">
                  <String ID="string_tl_10"
                          HEIGHT="35"
                          WIDTH="1969"
                          VPOS="1017"
                          HPOS="309"
                          CONTENT="applaudi bien grâce à votre splendide talent »... 19 octobre 1901 : « Toujours si heureux d’être présent à votre souvenir &amp; à celui de"/>
               </TextLine>
               <TextLine ID="tl_11"
                         BASELINE="1100"
                         HEIGHT="36"
                         WIDTH="1190"
                         VPOS="1064"
                         HPOS="308">
                  <String ID="string_tl_11"
                          HEIGHT="36"
                          WIDTH="1190"
                          VPOS="1064"
                          HPOS="308"
                          CONTENT="votre famille »... 29 décembre 1904, dédicace sur carte postale avec son portrait."/>
               </TextLine>
            </TextBlock>
            <TextBlock ID="r_1_8" HEIGHT="38" WIDTH="2059" VPOS="1182" HPOS="221">
               <Shape>
                  <Polygon POINTS="221,1182 2280,1182 2280,1220 221,1220"/>
               </Shape>
               <TextLine ID="tl_12"
                         BASELINE="1219"
                         HEIGHT="36"
                         WIDTH="2057"
                         VPOS="1183"
                         HPOS="222">
                  <String ID="string_tl_12"
                          HEIGHT="36"
                          WIDTH="2057"
                          VPOS="1183"
                          HPOS="222"
                          CONTENT="77. Jules MASSENET. Eve, Mystère en 3 parties (Au Ménestrel, Heugel &amp; Lie, [1882]) ; petit in-fol., couv. conservées, rel. demi-basane noir"/>
               </TextLine>
            </TextBlock>
            <TextBlock ID="r_1_9" HEIGHT="38" WIDTH="1971" VPOS="1230" HPOS="308">
               <Shape>
                  <Polygon POINTS="308,1230 2279,1230 2279,1268 308,1268"/>
               </Shape>
               <TextLine ID="tl_13"
                         BASELINE="1267"
                         HEIGHT="36"
                         WIDTH="1969"
                         VPOS="1231"
                         HPOS="309">
                  <String ID="string_tl_13"
                          HEIGHT="36"
                          WIDTH="1969"
                          VPOS="1231"
                          HPOS="309"
                          CONTENT="(qqs rouss.). 200/300"/>
               </TextLine>
            </TextBlock>
            <TextBlock ID="r_1_10" HEIGHT="42" WIDTH="1888" VPOS="1290" HPOS="344">
               <Shape>
                  <Polygon POINTS="344,1290 2232,1290 2232,1332 344,1332"/>
               </Shape>
               <TextLine ID="tl_14"
                         BASELINE="1331"
                         HEIGHT="40"
                         WIDTH="1886"
                         VPOS="1291"
                         HPOS="345">
                  <String ID="string_tl_14"
                          HEIGHT="40"
                          WIDTH="1886"
                          VPOS="1291"
                          HPOS="345"
                          CONTENT="ÉDITION ORIGINALE de la partition pour chant et piano, de ce mystère créé le 18 mars 1875 sous la direction de Charles Lamoureux."/>
               </TextLine>
            </TextBlock>
            <TextBlock ID="r_1_11" HEIGHT="78" WIDTH="1973" VPOS="1342" HPOS="307">
               <Shape>
                  <Polygon POINTS="307,1342 2280,1342 2280,1420 307,1420"/>
               </Shape>
               <TextLine ID="tl_15"
                         BASELINE="1379"
                         HEIGHT="36"
                         WIDTH="1935"
                         VPOS="1343"
                         HPOS="344">
                  <String ID="string_tl_15"
                          HEIGHT="36"
                          WIDTH="1935"
                          VPOS="1343"
                          HPOS="344"
                          CONTENT="Sur la couverture, ENVOI autographe signé de Massenet à Mlles Despagnet avec CITATION MUSICALE (3 mesures) de l’air : « au premier"/>
               </TextLine>
               <TextLine ID="tl_16"
                         BASELINE="1419"
                         HEIGHT="28"
                         WIDTH="233"
                         VPOS="1391"
                         HPOS="308">
                  <String ID="string_tl_16"
                          HEIGHT="28"
                          WIDTH="233"
                          VPOS="1391"
                          HPOS="308"
                          CONTENT="sourire d’Eve »..."/>
               </TextLine>
            </TextBlock>
            <TextBlock ID="r_1_12" HEIGHT="37" WIDTH="1957" VPOS="1509" HPOS="218">
               <Shape>
                  <Polygon POINTS="218,1509 2175,1509 2175,1546 218,1546"/>
               </Shape>
               <TextLine ID="tl_17"
                         BASELINE="1545"
                         HEIGHT="35"
                         WIDTH="1955"
                         VPOS="1510"
                         HPOS="219">
                  <String ID="string_tl_17"
                          HEIGHT="35"
                          WIDTH="1955"
                          VPOS="1510"
                          HPOS="219"
                          CONTENT="78. Henri MATISSE (1869-1954). LA.5., [Nice] 27 juin 1941, à Henry de MONTHERLANT ; 1 page obi. in-8, adresse au dos (carte postale)."/>
               </TextLine>
            </TextBlock>
            <TextBlock ID="r_1_13" HEIGHT="27" WIDTH="134" VPOS="1559" HPOS="2145">
               <Shape>
                  <Polygon POINTS="2145,1559 2279,1559 2279,1586 2145,1586"/>
               </Shape>
               <TextLine ID="tl_18"
                         BASELINE="1585"
                         HEIGHT="25"
                         WIDTH="132"
                         VPOS="1560"
                         HPOS="2146">
                  <String ID="string_tl_18"
                          HEIGHT="25"
                          WIDTH="132"
                          VPOS="1560"
                          HPOS="2146"
                          CONTENT="500/600"/>
               </TextLine>
            </TextBlock>
            <TextBlock ID="r_1_14"
                       HEIGHT="277"
                       WIDTH="1972"
                       VPOS="1621"
                       HPOS="307">
               <Shape>
                  <Polygon POINTS="307,1621 2279,1621 2279,1898 307,1898"/>
               </Shape>
               <TextLine ID="tl_19"
                         BASELINE="1658"
                         HEIGHT="36"
                         WIDTH="1935"
                         VPOS="1622"
                         HPOS="343">
                  <String ID="string_tl_19"
                          HEIGHT="36"
                          WIDTH="1935"
                          VPOS="1622"
                          HPOS="343"
                          CONTENT="« Cher ami, sans nouvelles de vous, j’étais un peu inquiet [...] Malgré le froid que vous avez dû subir, en somme vous vous êtes"/>
               </TextLine>
               <TextLine ID="tl_20"
                         BASELINE="1705"
                         HEIGHT="40"
                         WIDTH="1968"
                         VPOS="1665"
                         HPOS="310">
                  <String ID="string_tl_20"
                          HEIGHT="40"
                          WIDTH="1968"
                          VPOS="1665"
                          HPOS="310"
                          CONTENT="bien porté depuis votre retour. À Lyon dans l’hôtel sans feu j'étais mieux qu’à la clinique avec 22° constants »... Matisse a arrangé sa"/>
               </TextLine>
               <TextLine ID="tl_21"
                         BASELINE="1753"
                         HEIGHT="35"
                         WIDTH="1969"
                         VPOS="1718"
                         HPOS="308">
                  <String ID="string_tl_21"
                          HEIGHT="35"
                          WIDTH="1969"
                          VPOS="1718"
                          HPOS="308"
                          CONTENT="convalescence de façon à ce qu’elle soit aussi légère que possible : « Je me lève à midi et je fais une séance de 3 heures l'après-midi"/>
               </TextLine>
               <TextLine ID="tl_22"
                         BASELINE="1801"
                         HEIGHT="36"
                         WIDTH="1969"
                         VPOS="1765"
                         HPOS="309">
                  <String ID="string_tl_22"
                          HEIGHT="36"
                          WIDTH="1969"
                          VPOS="1765"
                          HPOS="309"
                          CONTENT="moi aussi. Je me suis bien trouvé de mon épreuve de Lyon - je suis plus homme. Cependant il y a 10 jours j’ai été violenté par une"/>
               </TextLine>
               <TextLine ID="tl_23"
                         BASELINE="1849"
                         HEIGHT="36"
                         WIDTH="1970"
                         VPOS="1813"
                         HPOS="308">
                  <String ID="string_tl_23"
                          HEIGHT="36"
                          WIDTH="1970"
                          VPOS="1813"
                          HPOS="308"
                          CONTENT="douleur énorme qui faisait croire à une attaque au foie. C'était au poumon en réalité. [...] Je suis remis, mais il y avait de quoi faire une"/>
               </TextLine>
               <TextLine ID="tl_24"
                         BASELINE="1897"
                         HEIGHT="36"
                         WIDTH="1297"
                         VPOS="1861"
                         HPOS="309">
                  <String ID="string_tl_24"
                          HEIGHT="36"
                          WIDTH="1297"
                          VPOS="1861"
                          HPOS="309"
                          CONTENT="belle maladie, à laquelle je me suis opposé [...]. C’est fini et je travaille depuis 2 jours »..."/>
               </TextLine>
            </TextBlock>
            <TextBlock ID="r_1_15" HEIGHT="38" WIDTH="2060" VPOS="1979" HPOS="219">
               <Shape>
                  <Polygon POINTS="219,1979 2279,1979 2279,2017 219,2017"/>
               </Shape>
               <TextLine ID="tl_25"
                         BASELINE="2016"
                         HEIGHT="36"
                         WIDTH="2058"
                         VPOS="1980"
                         HPOS="220">
                  <String ID="string_tl_25"
                          HEIGHT="36"
                          WIDTH="2058"
                          VPOS="1980"
                          HPOS="220"
                          CONTENT="79. Henri MATISSE. L.A.S., [Nice] 15 octobre 1942, à Henry de MONTHERLANT ; 1 page obi. in-8, adresse au dos (carte postale). 400/500"/>
               </TextLine>
            </TextBlock>
            <TextBlock ID="r_1_16"
                       HEIGHT="181"
                       WIDTH="1972"
                       VPOS="2043"
                       HPOS="307">
               <Shape>
                  <Polygon POINTS="307,2043 2279,2043 2279,2224 307,2224"/>
               </Shape>
               <TextLine ID="tl_26"
                         BASELINE="2080"
                         HEIGHT="36"
                         WIDTH="1935"
                         VPOS="2044"
                         HPOS="343">
                  <String ID="string_tl_26"
                          HEIGHT="36"
                          WIDTH="1935"
                          VPOS="2044"
                          HPOS="343"
                          CONTENT="« Je comprends ce que vous m’écrivez au sujet des éditions dont vous êtes séparé. Je voudrais cependant leur écrire. Comme ils"/>
               </TextLine>
               <TextLine ID="tl_27"
                         BASELINE="2128"
                         HEIGHT="36"
                         WIDTH="1969"
                         VPOS="2092"
                         HPOS="309">
                  <String ID="string_tl_27"
                          HEIGHT="36"
                          WIDTH="1969"
                          VPOS="2092"
                          HPOS="309"
                          CONTENT="m’ont envoyé 4 expi. sans un mot, je ne connais pas leur adresse, soyez donc assez gentil pour me la faire parvenir. Soyez en bonne"/>
               </TextLine>
               <TextLine ID="tl_28"
                         BASELINE="2176"
                         HEIGHT="36"
                         WIDTH="1970"
                         VPOS="2140"
                         HPOS="308">
                  <String ID="string_tl_28"
                          HEIGHT="36"
                          WIDTH="1970"
                          VPOS="2140"
                          HPOS="308"
                          CONTENT="santé, ménagez-vous. Moi je suis très patraque : la vésicule biliaire s’est mise de la partie. Malgré tout le centre est bon et je travaille"/>
               </TextLine>
               <TextLine ID="tl_29"
                         BASELINE="2223"
                         HEIGHT="35"
                         WIDTH="1118"
                         VPOS="2188"
                         HPOS="309">
                  <String ID="string_tl_29"
                          HEIGHT="35"
                          WIDTH="1118"
                          VPOS="2188"
                          HPOS="309"
                          CONTENT="bien - heureusement. Quand aurai-je le grand plaisir de vous voir par ici »..."/>
               </TextLine>
            </TextBlock>
            <TextBlock ID="r_1_17" HEIGHT="43" WIDTH="2065" VPOS="2300" HPOS="214">
               <Shape>
                  <Polygon POINTS="214,2300 2279,2300 2279,2343 214,2343"/>
               </Shape>
               <TextLine ID="tl_30"
                         BASELINE="2342"
                         HEIGHT="41"
                         WIDTH="2063"
                         VPOS="2301"
                         HPOS="215">
                  <String ID="string_tl_30"
                          HEIGHT="41"
                          WIDTH="2063"
                          VPOS="2301"
                          HPOS="215"
                          CONTENT="80. [Théâtre MONTANSIER], Paul d’ORLÉANS. MANUSCRIT autographe signé, Entre cour et jardin, [vers 1945] ; cahier petit in-4 de 77 pages,"/>
               </TextLine>
            </TextBlock>
            <TextBlock ID="r_1_18" HEIGHT="28" WIDTH="1972" VPOS="2355" HPOS="307">
               <Shape>
                  <Polygon POINTS="307,2355 2279,2355 2279,2383 307,2383"/>
               </Shape>
               <TextLine ID="tl_31"
                         BASELINE="2382"
                         HEIGHT="26"
                         WIDTH="1970"
                         VPOS="2356"
                         HPOS="308">
                  <String ID="string_tl_31"
                          HEIGHT="26"
                          WIDTH="1970"
                          VPOS="2356"
                          HPOS="308"
                          CONTENT="couv. cartonnée. 100/150"/>
               </TextLine>
            </TextBlock>
            <TextBlock ID="r_1_19"
                       HEIGHT="182"
                       WIDTH="1973"
                       VPOS="2418"
                       HPOS="307">
               <Shape>
                  <Polygon POINTS="307,2418 2280,2418 2280,2600 307,2600"/>
               </Shape>
               <TextLine ID="tl_32"
                         BASELINE="2454"
                         HEIGHT="35"
                         WIDTH="1933"
                         VPOS="2419"
                         HPOS="346">
                  <String ID="string_tl_32"
                          HEIGHT="35"
                          WIDTH="1933"
                          VPOS="2419"
                          HPOS="346"
                          CONTENT="Intéressant manuscrit de souvenirs sur le THÉÂTRE MONTANSIER DE VERSAILLES de Versailles depuis son inauguration par le Président Albert Lebrun et"/>
               </TextLine>
               <TextLine ID="tl_33"
                         BASELINE="2502"
                         HEIGHT="36"
                         WIDTH="1968"
                         VPOS="2466"
                         HPOS="309">
                  <String ID="string_tl_33"
                          HEIGHT="36"
                          WIDTH="1968"
                          VPOS="2466"
                          HPOS="309"
                          CONTENT="pendant l’Occupation allemande, avec d'intéressants souvenirs sur les acteurs qui y défilèrent : Edwige FEUILLÈRE et Pierre-Richard"/>
               </TextLine>
               <TextLine ID="tl_34"
                         BASELINE="2549"
                         HEIGHT="35"
                         WIDTH="1971"
                         VPOS="2514"
                         HPOS="308">
                  <String ID="string_tl_34"
                          HEIGHT="35"
                          WIDTH="1971"
                          VPOS="2514"
                          HPOS="308"
                          CONTENT="WILLM (La Dame aux camélias, 10 mai 1940), Cécile SOREL, Pierre FRONDAIE, Rosemonde GÉRARD et Maurice ROSTAND, Elvire POPESCO, etc. sur"/>
               </TextLine>
               <TextLine ID="tl_35"
                         BASELINE="2599"
                         HEIGHT="35"
                         WIDTH="991"
                         VPOS="2564"
                         HPOS="308">
                  <String ID="string_tl_35"
                          HEIGHT="35"
                          WIDTH="991"
                          VPOS="2564"
                          HPOS="308"
                          CONTENT="des représentations curieuses ou animées : Véronique, Athalie, etc."/>
               </TextLine>
            </TextBlock>
            <TextBlock ID="r_1_20" HEIGHT="37" WIDTH="2055" VPOS="2682" HPOS="224">
               <Shape>
                  <Polygon POINTS="224,2682 2279,2682 2279,2719 224,2719"/>
               </Shape>
               <TextLine ID="tl_36"
                         BASELINE="2718"
                         HEIGHT="35"
                         WIDTH="2053"
                         VPOS="2683"
                         HPOS="225">
                  <String ID="string_tl_36"
                          HEIGHT="35"
                          WIDTH="2053"
                          VPOS="2683"
                          HPOS="225"
                          CONTENT="81. Rafaello MORGHEN (1758-1833) graveur. L.A.S., 24 novembre 1819, à Luigi BARDI ; 1 page in-4, adresse (petite déchir. à un coin lors de"/>
               </TextLine>
            </TextBlock>
            <TextBlock ID="r_1_21" HEIGHT="37" WIDTH="1970" VPOS="2730" HPOS="309">
               <Shape>
                  <Polygon POINTS="309,2730 2279,2730 2279,2767 309,2767"/>
               </Shape>
               <TextLine ID="tl_37"
                         BASELINE="2766"
                         HEIGHT="35"
                         WIDTH="1968"
                         VPOS="2731"
                         HPOS="310">
                  <String ID="string_tl_37"
                          HEIGHT="35"
                          WIDTH="1968"
                          VPOS="2731"
                          HPOS="310"
                          CONTENT="l’ouverture de la lettre) ; en italien. 100/150"/>
               </TextLine>
            </TextBlock>
            <TextBlock ID="r_1_22" HEIGHT="38" WIDTH="1895" VPOS="2795" HPOS="345">
               <Shape>
                  <Polygon POINTS="345,2795 2240,2795 2240,2833 345,2833"/>
               </Shape>
               <TextLine ID="tl_38"
                         BASELINE="2832"
                         HEIGHT="36"
                         WIDTH="1893"
                         VPOS="2796"
                         HPOS="346">
                  <String ID="string_tl_38"
                          HEIGHT="36"
                          WIDTH="1893"
                          VPOS="2796"
                          HPOS="346"
                          CONTENT="Il a besoin de quelques autres estampes de la Cène et enverra chercher demain du papier pour les imprimer rapidement lundi..."/>
               </TextLine>
            </TextBlock>
            <TextBlock ID="r_2_1" HEIGHT="26" WIDTH="29" VPOS="3078" HPOS="2321">
               <Shape>
                  <Polygon POINTS="2321,3078 2350,3078 2350,3104 2321,3104"/>
               </Shape>
               <TextLine ID="tl_39"
                         BASELINE="3103"
                         HEIGHT="24"
                         WIDTH="27"
                         VPOS="3079"
                         HPOS="2322">
                  <String ID="string_tl_39"
                          HEIGHT="24"
                          WIDTH="27"
                          VPOS="3079"
                          HPOS="2322"
                          CONTENT="17"/>
               </TextLine>
            </TextBlock>
         </PrintSpace>
      </Page>
   </Layout>
</alto>
