2480 3188
308 238 1970 36 couleur admirable »... Francfort 28 janvier, il s’inquiète de la santé de son amie, et est satisfait des représentations. « Ne pensez pas

309 283 1970 36 à ce portrait. Faites-le ! »... Berlin [10 mars] : « L'Empereur est obligé, paraît-il, de quitter Berlin ce soir, et, arrivé d’hier soir, il va falloir

307 329 1971 35 jouer Cyrano, à midi II pour lui seul »... [Paris 3 mai] : « Vous seriez gentille de m’envoyer les dessins de la Boulangerie. Et vous seriez

308 374 1970 35 gentille aussi, de me peindre un peu, discrètement, légèrement, la lune de la Roulotte »... [8 mai], il a reçu les dessins et croquis de

310 419 1968 36 la Boulangerie : « C’est un bonheur pour moi d’avoir cela »... [Anvers 24 mai] : « la pièce de notre compatriote Dubout sur laquelle

309 464 1969 36 nous comptions tous va me coûter bel et bien une cinquantaine de mille francs. C’est décidément une chose terrible et dégoûtante

308 509 1970 36 que le théâtre »... Aix-les-Bains [3 septembre] : la « Maison rouge » est « magnifique, mais magnifique ! »... Paris [15 septembre] : « je

310 555 1968 35 renverrai à l’atelier de la rue du Regard les panneaux de DETAILLE et on verra à votre retour pour les quelques coups de brosse qu’il y a

308 600 1970 36 à y redonner »... [Paris 5 janvier 1903], il part « chez Rostand pour affaires sérieuses - j'espère - car, avec lui, c’est un peu comme avec

308 645 1970 36 des Cazin, on ne sait jamais ! ».. [Londres 9 juin 1906], sur la VENTE DE SA COLLECTION DE TABLEAUX : ce n’est pas de gaieté de cœur qu'il se

308 686 1970 40 sépare de ses tableaux de Cazin, Friant ou Dagnan. « PETIT me dit que Route Louis XV n’a pas été demandée, et que la Fuite en Égypte

309 736 1968 35 ne fera pas beaucoup. Si on la vend 30 000, et j’en doute, ce ne sera pas de gaîté de cœur non plus que je perdrai encore de l’argent.

309 781 1969 36 Et si je ne laisse pas partir quelques-uns de ceux qui devraient faire de gros prix la vente ne me donnera pas ce dont j’ai besoin – ma

309 826 1969 36 maladie, ma saison tout m’a coûté très cher et c’est sur mon plaisir que je me sacrifie. J’en suis navré mille fois plus que vous ne pouvez

310 871 1668 36 le supposer. Mais si vous saviez aussi comme je suis découragé de tout, et comme je ne songe qu’à me retirer »...

344 917 1737 35 ON JOINT 5 L.A.S. à Clélie HÉSELTINE sœur de Mme Cazin, et 2 à Charles CAZIN ; plus 2 L.A.S. de COQUELET CADET aux Cazin.

1158 986 306 35 Reproduction page 2

218 1125 2060 36 42. Constant COQUELIN aîné. 17 L.A.S., [1901-1908 et s.d.], à Auguste CHABERT ; environ 35 pages formats divers, qqs adresses. 500/700

344 1187 1934 36 CORRESPONDANCE À SON ASSISTANT. Lundi matin [Cambo 18 juillet 1904], Rostand travaille [sur CHANTECLER] : « Le Chat a encore plus de 1000

310 1232 1968 36 lignes mais cela a de la force et de l’effet »... [20 juillet] : « C’était inutile de m’envoyer le Paon. [...] Je me décide de plus en plus pour le

308 1277 1970 36 Chat et j'espère que bientôt je pourrai annoncer le titre de la pièce de Rostand. Ce sont des pas décisifs en avant. Il a admirablement

307 1323 1969 36 travaillé hier »... 23 juillet : « Je te prie de chercher chez moi mon rôle du grave digger d’Hamlet, copié par moi. Tâche de trouver aussi

309 1368 1969 36 la musique anglaise, qui est imprimée [...]. Nous aurons donc la Renaissance avec GUITRY ! Quel voisinage II [...] Je travaille mon curé »...

307 1413 1971 36 27septembre : « Edmond a tout de même bien travaillé. Il a fait un commencement de second acte [...] absolument prodigieux »... Il

310 1459 1967 35 parle de ses tableaux de LE SIDANER et Philippe ROUSSEAU... Lundi matin, il faut faire faire les cartes postales de Pont-aux-Dames. « J’ai lu

310 1504 1969 36 la pièce de Maurice POTTECHER, du Théâtre du peuple. C’est excellent : je crois que Labussière me reviendra bien »... Samedi : « Il n’est

310 1549 1968 36 pas question de mauvais goût : nous ne voudrions ni ROSTAND ni moi que cette photo parût dans le plus beau et le 1er journal du monde.

309 1594 1969 36 Ces choses-là ne sont pas pour le public »... Dimanche : « Ici, cela marche merveilleusement. Le nommé ROSTAND est même content de

310 1639 1968 36 lui. C’est une féerie à rendre fou »... Commissions auprès de Georges PETIT, LALIQUE, Binet, Tessier, Renée Bussy, la préfecture de police,

308 1685 1620 35 des épiciers... Il est aussi question de son fils Jean, son frère Cadet, Féraudy, Bergerat, Mme Cazin, Polaire, etc.

344 1730 1644 35 On joint 30 L.A.S. de son frère Gustave, 8 d’Edith Coquelin (femme de Gustave), et 11 de son fils Jean à Chabert.

220 1870 2058 35 43. [Constant COQUELIN aîné]. Documents provenant de ses archives. 1.000/1.200

343 1932 1767 35 11 DESSINS ou aquarelles, notamment des maquettes de costumes pour Coquelin, évocations de Cyrano de Bergerac, etc.

345 1977 1933 36 Environ 40 gravures, certaines signées ou dédicacées à Coquelin par L. Flameng (portrait de Molière), F. Dupont, J.G. Vibert,

308 2022 149 36 Cappiello,

343 2067 1935 36 43PHOTOGRAPHIES de Coquelin dans ses principaux rôles, à la ville, à l’inauguration de la maison de Couilly-Pont-aux-Dames, etc.

308 2113 236 35 (formats divers).

345 2158 1933 36 MANUSCRITS de copie théâtrale utilisés par Coquelin pour travailler ses rôles ou préparer ses mises en scène, certains avec annotations :

308 2203 1586 36 Le Dédale et Le Réveil (P. Hervieu), Le Premier Glaive ; plus le manuscrit incomplet d’une pièce sur l’Arétin...

345 2248 1935 36 Plaquette : Souvenir à M. Jules Claretie (1905), spécialement impr. pour Coquelin ; livraisons de revues : Le Costume au théâtre, LArt

308 2294 498 27 du travestissement de Léon Sault.

1157 2362 309 36 Reproduction page 9

218 2502 2060 36 44. Ernest COQUELIN Cadet (1848-1909). 138 L.A.S., 1869-1905, à SON FRÈRE COQUELON AÎNÉ ; 398 pages in-8 ou in-12, qqs en-têtes et adresses

309 2547 1969 36 (qqs I. au crayon). 1.800/2.000

343 2612 1936 28 TRÈS BELLE ET IMPORTANTE CORRESPONDANCE, PLEINE DE RÉCITS ANIMÉS DE SA CARRIÈRE THÉÂTRALE, ET PARLANT DE SON AFFECTUEUSE RIVALITÉ FRATERNELLE, DE LA

308 2655 1971 35 COMÉDIE FRANÇAISE, DE LEURS CONTEMPORAINS, DES RÔLES, TOURNÉES ET RECETTES... Nous ne pouvons en donner qu’un rapide aperçu, en résumant et

308 2700 789 35 citant quelques-unes de ces lettres, souvent longues.

345 2745 1933 36 13 mai 1869, récit d’une soirée étrange à la Comédie Française, où SÉVESTE, BOUCHER et PRUD'HON, après avoir banqueté toute la journée,

307 2790 1971 36 jouèrent « guillerets, – mais mal », à l'étonnement des spectateurs et de THIERRY, et au désespoir des autres acteurs, « moi tout le

309 2835 1970 36 premier »... 25 mai 1871, sur la Commune : « on s'attend de jour en jour à l’entrée des Versailleux dans la ville ; et ce serait mentir

309 2881 1970 35 que dire que les 3/4 de la population ne le désirent pas ardemment. – Seront-ils assez fêtés ! – En attendant la Colonne tombe

309 2926 1969 36 aujourd’hui II! - Voilà COURBET immortalisé ! mais qu’il prenne garde à sa tête !... La maison de M. THIERS est rasée, et la chapelle de

130 3079 29 24 10
