2480 3188
218 478 2060 36 64. François-Joseph GOSSEC (1734-1829) compositeur. L.A.S., 30 floréal IX (20 mai 1801), au citoyen CELERIER, « administrateur du Théâtre

308 524 1970 35 de la République et des Arts » ; 2 pages in-fol. 500/600

344 586 1933 36 Supplique en faveur de Mlle MULLOT aînée, « artiste du Théâtre des Arts », qui a été « mise à la pension sous la dernière administration

309 631 1970 36 (...) après 16 années de service consécutif comme actrice », et qui réclame le paiement de la pension qui lui a été accordée et dont elle

310 677 1968 36 n’a encore rien touché... Gossec justifie alors le fait que Mlle Mullot soit entrée dans les choeurs de l’Opéra : « elle n’a que 32 ans, sa

308 722 1970 36 voix est belle, forte et sonore, elle est passablement musicienne, connoit l’action théâtrale, sait le répertoire et peut en conséquence

308 768 1970 36 guider sa colonne ». Elle a « fait, pendant 16 ans, un service sans reproche à l'Opéra, tant par son extrême exactitude que par la

310 813 1969 36 maniéré dont elle a rempli les rôles premiers et accessoirs dont elle a été chargée. On peut ajouter qu’elle n’a point dû sa retraite à la

310 859 1968 36 perte de ses moïens puisqu’elle les conserve encore tous ». Gossec fait encore l’éloge des qualités morales de Mlle Mulot... La lettre

309 905 1025 35 est contresignée par les « chefs du chant » Simon LA SUZE et GUICHARD.

219 1021 2059 35 65. Jean-Baptiste de GOY (1666-1738) sculpteur. P.A.S., Rome 2 janvier 1684 ; 1 page in-4. 200/250

343 1083 1935 36 « J’ay soussigné De Goy sculpteur pensionaire accademiste du Roy en son Académie Royale de Peinture Sculpture Architecture

309 1128 1969 36 Matematique et autres nobles Arts établie a Rome par Sa Majesté très crestiene, reconois et confesse avoir receu comptant de

309 1174 1970 36 Monsieur ERARD Directeur de la dite Accadémie la somme de veingt quatre escus et soixante et six baioques Monoye de Rome », soit

309 1220 1796 35 87 sept livres six sols en monnaie française, « pour le quartier de ma nourriture » des trois derniers mois de l’année 1683...

217 1330 2061 42 66. Pierre-Narcisse GUÉRIN (1774-1833) peintre. L.A.S., Paris 6 décembre 1819, au comte de Forbin, Directeur général des Musées Royaux ;

308 1382 1970 35 I page et demie in-4. 250/300

344 1443 1934 36 Au sujet du paiement de son tableau de Clitemnestre, sur ordre du Roi, pour la somme de 12 000 francs, qui devait être effectué

307 1489 1971 36 « partie en numéraire, partie en ouvrages sur les Arts dont le gouvernement se trouve propriétaire ». La première condition ayant été

309 1535 1969 35 remplie, il réclame la seconde et donne la liste des ouvrages qu’il souhaite : « Le grand ouvrage sur l’Egypte, sur l’Iconographie grecque

308 1580 1469 36 et romaine, par Visconti, sur la Renaissance d’Azincourt, sur les Ruines de Pompe! par Mazois », etc.

222 1691 2055 35 67. Michel HARDOUIN (fl687) architecte, frère cadet de Jules Hardouin-Mansart, contrôleur des bâtiments à partir de 1683. PS. avec

307 1736 1970 36 II lignes autographes, 25 novembre 1684 ; 2 pages in-fol. 300/400

342 1798 1936 36 « Mémoire des ouvrages de maçonneries faites dans le jardin de l’hostel de Niel [à Versailles] par lordre de Monseigneur de Louvoys

308 1844 1970 36 surintendant des bastimens par Thoussaint Rohais et Philipe Jouet entrepreneur des bastimens du Roy finis au mois de mars 1684 »... Le

309 1889 1970 36 mémoire est signé par les entrepreneurs, et contrôlé et signé par PERRAULT. Puis HARDOUIN a certifié de sa main, en tant que « Conseiller

308 1935 1970 35 du Roy Controlleur general des bastiments et jardins de Sa Maiesté », que les travaux mentionnés ont bien été exécutés comme

309 1980 1969 36 décrits dans le dit mémoire... On JOINT une PS. par Jean PERRAULT (expert-toiseur), 9 octobre 1684, rapport pour HARDOUIN-MANSART sur la

307 2026 1595 35 « démolition des appentis (...) adossés contre le mur et clôture du jardin de Monsieur le Prince de CONTY »...

217 2131 2061 41 68. Louis-Ferdinand HÉROLD (1791-1833) compositeur. L.A.S., 16 octobre 1826, à un vicomte ; 1 page in-4 (portrait gravé joint). 200/300

346 2198 1932 36 Il est venu lui présenter la partition de Marie : « Ma première pensée, au moment du succès, a été de vous offrir la dédicace de

309 2244 1969 36 mon ouvrage (...) Votre suffrage, qui m’est si précieux, est aussi pour l’école française un noble encouragement, cette seconde vie des

308 2291 168 26 artistes ! »...

202 2400 2076 36 f 69. Vincent d’INDY (1851-1931). L.A.S., Lundi, à Léon HENNIQUE ; 3 pages in-8. 150/200

345 2462 1933 36 Il a fait des recherches sur la pavane : « si vous placez votre personnage au XVIIIe siècle, il est impossible qu’il ait dansé une pavane

309 2508 1969 35 même dans sa jeunesse, car cette danse était déjà tombée en désuétude au commencement du XVIIe ». Il cite le Dictionnaire de

309 2553 1968 36 la Musique de Rousseau, et explique les opinions diverses sur l’origine de la pavane... On ne trouve aucune pavane ni dans Lully, ni

309 2599 1969 35 dans les divertissements de Campra et Colasse, ni dans le ballet de la Royne de Beaujoyeux ; d’Indy propose de fournir plutôt une

306 2644 1973 36 passacaille. Quant à la Marche de Turenne, il craint qu’elle ne soit apocryphe, « car les régiments d’infanterie française ne marchaient

309 2690 1629 35 qu’au fifre et au tambour sur une musique fort peu variée [...], les mousquetaires seuls avaient des hautbois »...

2322 3079 26 25 15
