<?xml version="1.0" encoding="UTF-8"?>
<alto xmlns:xsi="http://www.w3.org/2001/XMLSchema-instance"
      xmlns="http://www.loc.gov/standards/alto/ns-v2#"
      xmlns:page="http://schema.primaresearch.org/PAGE/gts/pagecontent/2013-07-15"
      xsi:schemaLocation="http://www.loc.gov/standards/alto/ns-v2# http://www.loc.gov/standards/alto/alto.xsd">
   <Description>
      <MeasurementUnit>pixel</MeasurementUnit>
      <OCRProcessing ID="IdOcr">
         <ocrProcessingStep>
            <processingDateTime>2020-10-31T11:52:26.021+01:00</processingDateTime>
            <processingSoftware>
               <softwareCreator>READ COOP</softwareCreator>
               <softwareName>Transkribus</softwareName>
            </processingSoftware>
         </ocrProcessingStep>
      </OCRProcessing>
   </Description>
   <Layout>
      <Page ID="Page1" PHYSICAL_IMG_NR="1" HEIGHT="3188" WIDTH="2480">
         <TopMargin HEIGHT="197" WIDTH="2480" VPOS="0" HPOS="0"/>
         <LeftMargin HEIGHT="2913" WIDTH="124" VPOS="197" HPOS="0"/>
         <RightMargin HEIGHT="2913" WIDTH="195" VPOS="197" HPOS="2285"/>
         <BottomMargin HEIGHT="78" WIDTH="2480" VPOS="3110" HPOS="0"/>
         <PrintSpace HEIGHT="2913" WIDTH="2161" VPOS="197" HPOS="124">
            <TextBlock ID="r_1_1" HEIGHT="80" WIDTH="2062" VPOS="202" HPOS="217">
               <Shape>
                  <Polygon POINTS="217,202 2279,202 2279,282 217,282"/>
               </Shape>
               <TextLine ID="tl_1"
                         BASELINE="238"
                         HEIGHT="35"
                         WIDTH="2060"
                         VPOS="203"
                         HPOS="218">
                  <String ID="string_tl_1"
                          HEIGHT="35"
                          WIDTH="2060"
                          VPOS="203"
                          HPOS="218"
                          CONTENT="82. Jeanne Roques, dite MUSIDORA (1889-1957) actrice. L.A.S., 31 décembre 1929, à son amie Marcelle ; 2 pages et demie in-8 avec"/>
               </TextLine>
               <TextLine ID="tl_2"
                         BASELINE="281"
                         HEIGHT="34"
                         WIDTH="1970"
                         VPOS="247"
                         HPOS="308">
                  <String ID="string_tl_2"
                          HEIGHT="34"
                          WIDTH="1970"
                          VPOS="247"
                          HPOS="308"
                          CONTENT="vignette à son visage. 150/200"/>
               </TextLine>
            </TextBlock>
            <TextBlock ID="r_1_2" HEIGHT="123" WIDTH="1971" VPOS="303" HPOS="307">
               <Shape>
                  <Polygon POINTS="307,303 2278,303 2278,426 307,426"/>
               </Shape>
               <TextLine ID="tl_3"
                         BASELINE="340"
                         HEIGHT="36"
                         WIDTH="1932"
                         VPOS="304"
                         HPOS="345">
                  <String ID="string_tl_3"
                          HEIGHT="36"
                          WIDTH="1932"
                          VPOS="304"
                          HPOS="345"
                          CONTENT="L’année dernière à cette date elle perdait sa pauvre maman ; sa carte lui apprend la triste nouvelle de la mort « d’un ami, et d'un"/>
               </TextLine>
               <TextLine ID="tl_4"
                         BASELINE="383"
                         HEIGHT="36"
                         WIDTH="1969"
                         VPOS="347"
                         HPOS="308">
                  <String ID="string_tl_4"
                          HEIGHT="36"
                          WIDTH="1969"
                          VPOS="347"
                          HPOS="308"
                          CONTENT="auteur compréhensif et intelligent et scrupuleux. Quel chagrin, chère Marcelle, quelle peine. Je ne puis le croire mort. (...) Dites-moi"/>
               </TextLine>
               <TextLine ID="tl_5"
                         BASELINE="425"
                         HEIGHT="36"
                         WIDTH="1614"
                         VPOS="389"
                         HPOS="308">
                  <String ID="string_tl_5"
                          HEIGHT="36"
                          WIDTH="1614"
                          VPOS="389"
                          HPOS="308"
                          CONTENT="où il est enterré et si vous voulez je vous accompagnerai pour lui donner une pensée émue, sur sa tombe »..."/>
               </TextLine>
            </TextBlock>
            <TextBlock ID="r_1_3" HEIGHT="38" WIDTH="2077" VPOS="466" HPOS="202">
               <Shape>
                  <Polygon POINTS="202,466 2279,466 2279,504 202,504"/>
               </Shape>
               <TextLine ID="tl_6"
                         BASELINE="503"
                         HEIGHT="36"
                         WIDTH="2075"
                         VPOS="467"
                         HPOS="203">
                  <String ID="string_tl_6"
                          HEIGHT="36"
                          WIDTH="2075"
                          VPOS="467"
                          HPOS="203"
                          CONTENT="f 83. MUSIQUE. 3 lettres ou pièces. 130/150"/>
               </TextLine>
            </TextBlock>
            <TextBlock ID="r_1_4" HEIGHT="80" WIDTH="1972" VPOS="525" HPOS="307">
               <Shape>
                  <Polygon POINTS="307,525 2279,525 2279,605 307,605"/>
               </Shape>
               <TextLine ID="tl_7"
                         BASELINE="562"
                         HEIGHT="36"
                         WIDTH="1933"
                         VPOS="526"
                         HPOS="345">
                  <String ID="string_tl_7"
                          HEIGHT="36"
                          WIDTH="1933"
                          VPOS="526"
                          HPOS="345"
                          CONTENT="Pierre Monteux (belle photo dédicacée), Saverio MERCADANTE (musique a.s., page d’album), Ambroise THOMAS (l.a.s. à une cantatrice,"/>
               </TextLine>
               <TextLine ID="tl_8"
                         BASELINE="604"
                         HEIGHT="35"
                         WIDTH="76"
                         VPOS="569"
                         HPOS="308">
                  <String ID="string_tl_8"
                          HEIGHT="35"
                          WIDTH="76"
                          VPOS="569"
                          HPOS="308"
                          CONTENT="1857)."/>
               </TextLine>
            </TextBlock>
            <TextBlock ID="r_1_5" HEIGHT="37" WIDTH="2073" VPOS="646" HPOS="202">
               <Shape>
                  <Polygon POINTS="202,646 2275,646 2275,683 202,683"/>
               </Shape>
               <TextLine ID="tl_9"
                         BASELINE="682"
                         HEIGHT="35"
                         WIDTH="2071"
                         VPOS="647"
                         HPOS="203">
                  <String ID="string_tl_9"
                          HEIGHT="35"
                          WIDTH="2071"
                          VPOS="647"
                          HPOS="203"
                          CONTENT="784. Félix Tournachon, dit NADAR (1820-1910) photographe et dessinateur. L.A.S., Cannes 17 février-22 mars 1904, à un ami ; 4 pages in-8."/>
               </TextLine>
            </TextBlock>
            <TextBlock ID="r_1_6" HEIGHT="27" WIDTH="133" VPOS="691" HPOS="2146">
               <Shape>
                  <Polygon POINTS="2146,691 2279,691 2279,718 2146,718"/>
               </Shape>
               <TextLine ID="tl_10"
                         BASELINE="717"
                         HEIGHT="25"
                         WIDTH="131"
                         VPOS="692"
                         HPOS="2147">
                  <String ID="string_tl_10"
                          HEIGHT="25"
                          WIDTH="131"
                          VPOS="692"
                          HPOS="2147"
                          CONTENT="300/400"/>
               </TextLine>
            </TextBlock>
            <TextBlock ID="r_1_7" HEIGHT="336" WIDTH="1973" VPOS="747" HPOS="307">
               <Shape>
                  <Polygon POINTS="307,747 2280,747 2280,1083 307,1083"/>
               </Shape>
               <TextLine ID="tl_11"
                         BASELINE="784"
                         HEIGHT="36"
                         WIDTH="1935"
                         VPOS="748"
                         HPOS="343">
                  <String ID="string_tl_11"
                          HEIGHT="36"
                          WIDTH="1935"
                          VPOS="748"
                          HPOS="343"
                          CONTENT="« L'adorable adoré parti, votre peine à tous, la tienne, – la permanente inquiétude, quand ce n'est pas l’anxiété pour notre clé de"/>
               </TextLine>
               <TextLine ID="tl_12"
                         BASELINE="827"
                         HEIGHT="36"
                         WIDTH="1969"
                         VPOS="791"
                         HPOS="308">
                  <String ID="string_tl_12"
                          HEIGHT="36"
                          WIDTH="1969"
                          VPOS="791"
                          HPOS="308"
                          CONTENT="voûte bien aimée, tout hante, excède ma triste vétusté, par les jours, les nuits, – jusqu’à un tout récent suicide par Nice d'un ancien"/>
               </TextLine>
               <TextLine ID="tl_13"
                         BASELINE="869"
                         HEIGHT="36"
                         WIDTH="1969"
                         VPOS="833"
                         HPOS="308">
                  <String ID="string_tl_13"
                          HEIGHT="36"
                          WIDTH="1969"
                          VPOS="833"
                          HPOS="308"
                          CONTENT="employé de notre maison, – et aussi la pensée obstinée de cette horrible guerre de là-bas... Tout ça est trop pour mon trop peu"/>
               </TextLine>
               <TextLine ID="tl_14"
                         BASELINE="912"
                         HEIGHT="36"
                         WIDTH="1970"
                         VPOS="876"
                         HPOS="309">
                  <String ID="string_tl_14"
                          HEIGHT="36"
                          WIDTH="1970"
                          VPOS="876"
                          HPOS="309"
                          CONTENT="de force restante. J’étouffe... Le pis est que, malgré tout effort, et il y est, je trouve encore à attrister ce qui est autour de moi déjà"/>
               </TextLine>
               <TextLine ID="tl_15"
                         BASELINE="954"
                         HEIGHT="36"
                         WIDTH="1970"
                         VPOS="918"
                         HPOS="308">
                  <String ID="string_tl_15"
                          HEIGHT="36"
                          WIDTH="1970"
                          VPOS="918"
                          HPOS="308"
                          CONTENT="triste. Mais tout est noir devant nous »... Il a bien songé à un vieux projet d’article, « mais à cette heure abominable des canonnades"/>
               </TextLine>
               <TextLine ID="tl_16"
                         BASELINE="997"
                         HEIGHT="36"
                         WIDTH="1969"
                         VPOS="961"
                         HPOS="309">
                  <String ID="string_tl_16"
                          HEIGHT="36"
                          WIDTH="1969"
                          VPOS="961"
                          HPOS="309"
                          CONTENT="asiatiques, pas place »... Retrouvant sa lettre, qu’il avait oublié d'envoyer, il donne des nouvelles d’amis. Il reste à Cannes jusqu’à fin"/>
               </TextLine>
               <TextLine ID="tl_17"
                         BASELINE="1039"
                         HEIGHT="36"
                         WIDTH="1970"
                         VPOS="1003"
                         HPOS="309">
                  <String ID="string_tl_17"
                          HEIGHT="36"
                          WIDTH="1970"
                          VPOS="1003"
                          HPOS="309"
                          CONTENT="avril, « puis retour à Marseille, - et finalement, vers octobre, espérance de revenir définitivement sur Paris. – C’est embêtant de ne"/>
               </TextLine>
               <TextLine ID="tl_18"
                         BASELINE="1082"
                         HEIGHT="33"
                         WIDTH="504"
                         VPOS="1049"
                         HPOS="310">
                  <String ID="string_tl_18"
                          HEIGHT="33"
                          WIDTH="504"
                          VPOS="1049"
                          HPOS="310"
                          CONTENT="pas même savoir où on mourra »..."/>
               </TextLine>
            </TextBlock>
            <TextBlock ID="r_1_8" HEIGHT="42" WIDTH="2061" VPOS="1118" HPOS="218">
               <Shape>
                  <Polygon POINTS="218,1118 2279,1118 2279,1160 218,1160"/>
               </Shape>
               <TextLine ID="tl_19"
                         BASELINE="1159"
                         HEIGHT="40"
                         WIDTH="2059"
                         VPOS="1119"
                         HPOS="219">
                  <String ID="string_tl_19"
                          HEIGHT="40"
                          WIDTH="2059"
                          VPOS="1119"
                          HPOS="219"
                          CONTENT="85. OPÉRA DE PARIS. Environ 100 lettres ou pièces manuscrites, imprimées ou multigraphiées, provenant des archives d’Eugène RITT, 1871-"/>
               </TextLine>
            </TextBlock>
            <TextBlock ID="r_1_9" HEIGHT="27" WIDTH="1972" VPOS="1168" HPOS="307">
               <Shape>
                  <Polygon POINTS="307,1168 2279,1168 2279,1195 307,1195"/>
               </Shape>
               <TextLine ID="tl_20"
                         BASELINE="1194"
                         HEIGHT="25"
                         WIDTH="1970"
                         VPOS="1169"
                         HPOS="308">
                  <String ID="string_tl_20"
                          HEIGHT="25"
                          WIDTH="1970"
                          VPOS="1169"
                          HPOS="308"
                          CONTENT="1892. 600/800"/>
               </TextLine>
            </TextBlock>
            <TextBlock ID="r_1_10" HEIGHT="37" WIDTH="1900" VPOS="1225" HPOS="344">
               <Shape>
                  <Polygon POINTS="344,1225 2244,1225 2244,1262 344,1262"/>
               </Shape>
               <TextLine ID="tl_21"
                         BASELINE="1261"
                         HEIGHT="35"
                         WIDTH="1898"
                         VPOS="1226"
                         HPOS="345">
                  <String ID="string_tl_21"
                          HEIGHT="35"
                          WIDTH="1898"
                          VPOS="1226"
                          HPOS="345"
                          CONTENT="Intéressant dossier sur la gestion de l’Opéra. Jean-Eugène RITT (1817-1907) dirigea l’Opéra de Paris avec Pedro Gailhard de 1885 à 1892."/>
               </TextLine>
            </TextBlock>
            <TextBlock ID="r_1_11"
                       HEIGHT="548"
                       WIDTH="1973"
                       VPOS="1267"
                       HPOS="307">
               <Shape>
                  <Polygon POINTS="307,1267 2280,1267 2280,1815 307,1815"/>
               </Shape>
               <TextLine ID="tl_22"
                         BASELINE="1304"
                         HEIGHT="36"
                         WIDTH="1933"
                         VPOS="1268"
                         HPOS="344">
                  <String ID="string_tl_22"
                          HEIGHT="36"
                          WIDTH="1933"
                          VPOS="1268"
                          HPOS="344"
                          CONTENT="Cahiers des charges : 1871 (pour l’exploitation par Halanzier-Dufrenoy, avec modifications de 1874 collées), 1884 (3 ex., dont celui"/>
               </TextLine>
               <TextLine ID="tl_23"
                         BASELINE="1346"
                         HEIGHT="35"
                         WIDTH="1969"
                         VPOS="1311"
                         HPOS="309">
                  <String ID="string_tl_23"
                          HEIGHT="35"
                          WIDTH="1969"
                          VPOS="1311"
                          HPOS="309"
                          CONTENT="signé par Ritt et A. Fallières, avec notes autogr. de Ritt et la correspondance avec l’administration pour la modification de plusieurs"/>
               </TextLine>
               <TextLine ID="tl_24"
                         BASELINE="1389"
                         HEIGHT="36"
                         WIDTH="1970"
                         VPOS="1353"
                         HPOS="308">
                  <String ID="string_tl_24"
                          HEIGHT="36"
                          WIDTH="1970"
                          VPOS="1353"
                          HPOS="308"
                          CONTENT="articles), 1891 (et arrêté modificatif à la demande d’Eugène Bertrand). Contrat pour la commandite de Vaucorbeil (1879). Rapport de la"/>
               </TextLine>
               <TextLine ID="tl_25"
                         BASELINE="1431"
                         HEIGHT="35"
                         WIDTH="1970"
                         VPOS="1396"
                         HPOS="309">
                  <String ID="string_tl_25"
                          HEIGHT="35"
                          WIDTH="1970"
                          VPOS="1396"
                          HPOS="309"
                          CONTENT="Commission des théâtres sur la question de l’Opéra (1878). Observations présentées par Gailhard au nom de la Direction de l’Opéra"/>
               </TextLine>
               <TextLine ID="tl_26"
                         BASELINE="1474"
                         HEIGHT="36"
                         WIDTH="1969"
                         VPOS="1438"
                         HPOS="309">
                  <String ID="string_tl_26"
                          HEIGHT="36"
                          WIDTH="1969"
                          VPOS="1438"
                          HPOS="309"
                          CONTENT="devant la Commission des Théâtres (3 ex.). Evaluation du cautionnement de Ritt par la Caisse des dépôts et consignations (1884)."/>
               </TextLine>
               <TextLine ID="tl_27"
                         BASELINE="1516"
                         HEIGHT="35"
                         WIDTH="1968"
                         VPOS="1481"
                         HPOS="310">
                  <String ID="string_tl_27"
                          HEIGHT="35"
                          WIDTH="1968"
                          VPOS="1481"
                          HPOS="310"
                          CONTENT="Relevé des décors au théâtre et aux magasins, et inventaires des marchandises en magasin (1884 et 1892, avec réserves et comptes de"/>
               </TextLine>
               <TextLine ID="tl_28"
                         BASELINE="1559"
                         HEIGHT="36"
                         WIDTH="1968"
                         VPOS="1523"
                         HPOS="310">
                  <String ID="string_tl_28"
                          HEIGHT="36"
                          WIDTH="1968"
                          VPOS="1523"
                          HPOS="310"
                          CONTENT="liquidation). Plusieurs états nominatifs des chanteurs, avec leurs appointements. Comptes divers : frais de mise en scène, décorations"/>
               </TextLine>
               <TextLine ID="tl_29"
                         BASELINE="1601"
                         HEIGHT="36"
                         WIDTH="1969"
                         VPOS="1565"
                         HPOS="308">
                  <String ID="string_tl_29"
                          HEIGHT="36"
                          WIDTH="1969"
                          VPOS="1565"
                          HPOS="308"
                          CONTENT="et costumes ; représentations extraordinaires ; comptes des exercices ; tableau comparatif avec la direction Vaucorbeil ; tarifs du"/>
               </TextLine>
               <TextLine ID="tl_30"
                         BASELINE="1644"
                         HEIGHT="41"
                         WIDTH="1969"
                         VPOS="1603"
                         HPOS="309">
                  <String ID="string_tl_30"
                          HEIGHT="41"
                          WIDTH="1969"
                          VPOS="1603"
                          HPOS="309"
                          CONTENT="prix des places, etc. États des recettes des théâtres parisiens (1891). Rapports de la commission du budget (1885, 1886,1888. Note"/>
               </TextLine>
               <TextLine ID="tl_31"
                         BASELINE="1686"
                         HEIGHT="36"
                         WIDTH="1969"
                         VPOS="1650"
                         HPOS="309">
                  <String ID="string_tl_31"
                          HEIGHT="36"
                          WIDTH="1969"
                          VPOS="1650"
                          HPOS="309"
                          CONTENT="ms et rapport du Conseil municipal de Paris sur un projet d'« opéra populaire » (1884). Correspondance de Ritt avec des ministres"/>
               </TextLine>
               <TextLine ID="tl_32"
                         BASELINE="1729"
                         HEIGHT="36"
                         WIDTH="1969"
                         VPOS="1693"
                         HPOS="308">
                  <String ID="string_tl_32"
                          HEIGHT="36"
                          WIDTH="1969"
                          VPOS="1693"
                          HPOS="308"
                          CONTENT="ou administrateurs, notamment Léon Bourgeois et Henry Roujon, avec minutes de ses lettres, et divers (Alfred Edwards, Mermet) ;"/>
               </TextLine>
               <TextLine ID="tl_33"
                         BASELINE="1771"
                         HEIGHT="36"
                         WIDTH="1970"
                         VPOS="1735"
                         HPOS="308">
                  <String ID="string_tl_33"
                          HEIGHT="36"
                          WIDTH="1970"
                          VPOS="1735"
                          HPOS="308"
                          CONTENT="contrat avec Heugel pour le matériel d'orchestre de Fidélio. Notes de Ritt sur le répertoire. Documents divers : règlement du service"/>
               </TextLine>
               <TextLine ID="tl_34"
                         BASELINE="1814"
                         HEIGHT="36"
                         WIDTH="761"
                         VPOS="1778"
                         HPOS="308">
                  <String ID="string_tl_34"
                          HEIGHT="36"
                          WIDTH="761"
                          VPOS="1778"
                          HPOS="308"
                          CONTENT="du chant (1821) ; 2 scénarios d'opéras (dont Loreley)."/>
               </TextLine>
            </TextBlock>
            <TextBlock ID="r_1_12" HEIGHT="37" WIDTH="2063" VPOS="1855" HPOS="216">
               <Shape>
                  <Polygon POINTS="216,1855 2279,1855 2279,1892 216,1892"/>
               </Shape>
               <TextLine ID="tl_35"
                         BASELINE="1891"
                         HEIGHT="35"
                         WIDTH="2061"
                         VPOS="1856"
                         HPOS="217">
                  <String ID="string_tl_35"
                          HEIGHT="35"
                          WIDTH="2061"
                          VPOS="1856"
                          HPOS="217"
                          CONTENT="86. Giovanni PAISIELLO (1741-1816) compositeur. L.A.S., Paris 24 germinal XII (14 avril 1804), à un général ; 2 pages in-4. 800/1.000"/>
               </TextLine>
            </TextBlock>
            <TextBlock ID="r_1_13" HEIGHT="31" WIDTH="1358" VPOS="1916" HPOS="344">
               <Shape>
                  <Polygon POINTS="344,1916 1702,1916 1702,1947 344,1947"/>
               </Shape>
               <TextLine ID="tl_36"
                         BASELINE="1946"
                         HEIGHT="29"
                         WIDTH="1356"
                         VPOS="1917"
                         HPOS="345">
                  <String ID="string_tl_36"
                          HEIGHT="29"
                          WIDTH="1356"
                          VPOS="1917"
                          HPOS="345"
                          CONTENT="Belle lettre sur Lesueur qui lui succède comme DIRECTEUR DE LA MUSIQUE DU PREMIER CONSUL BONAPARTE."/>
               </TextLine>
            </TextBlock>
            <TextBlock ID="r_1_14"
                       HEIGHT="250"
                       WIDTH="1973"
                       VPOS="1957"
                       HPOS="306">
               <Shape>
                  <Polygon POINTS="306,1957 2279,1957 2279,2207 306,2207"/>
               </Shape>
               <TextLine ID="tl_37"
                         BASELINE="1993"
                         HEIGHT="35"
                         WIDTH="1932"
                         VPOS="1958"
                         HPOS="346">
                  <String ID="string_tl_37"
                          HEIGHT="35"
                          WIDTH="1932"
                          VPOS="1958"
                          HPOS="346"
                          CONTENT="Il est ravi du choix de Lesueur pour lui succéder « à la place de Directeur de la Musique du Premier Consul (...) Ce choix non seulement"/>
               </TextLine>
               <TextLine ID="tl_38"
                         BASELINE="2036"
                         HEIGHT="36"
                         WIDTH="1969"
                         VPOS="2000"
                         HPOS="309">
                  <String ID="string_tl_38"
                          HEIGHT="36"
                          WIDTH="1969"
                          VPOS="2000"
                          HPOS="309"
                          CONTENT="honore le Consul, mais encore est une preuve d’une distinction attribuée entièrement au talent et au mérite de ce compositeur ». Il a"/>
               </TextLine>
               <TextLine ID="tl_39"
                         BASELINE="2078"
                         HEIGHT="35"
                         WIDTH="1970"
                         VPOS="2043"
                         HPOS="308">
                  <String ID="string_tl_39"
                          HEIGHT="35"
                          WIDTH="1970"
                          VPOS="2043"
                          HPOS="308"
                          CONTENT="donné tous les renseignements utiles à Lesueur, et lui a « remis toute la musique appartenant au Premier Consul ». Il emmène Lesueur"/>
               </TextLine>
               <TextLine ID="tl_40"
                         BASELINE="2121"
                         HEIGHT="36"
                         WIDTH="1970"
                         VPOS="2085"
                         HPOS="307">
                  <String ID="string_tl_40"
                          HEIGHT="36"
                          WIDTH="1970"
                          VPOS="2085"
                          HPOS="307"
                          CONTENT="« à la répétition de la Messe qu’on doit exécuter demain à S[aint-]Cloud, je le présenterai à tous les artistes composant la musique"/>
               </TextLine>
               <TextLine ID="tl_41"
                         BASELINE="2163"
                         HEIGHT="35"
                         WIDTH="1970"
                         VPOS="2128"
                         HPOS="308">
                  <String ID="string_tl_41"
                          HEIGHT="35"
                          WIDTH="1970"
                          VPOS="2128"
                          HPOS="308"
                          CONTENT="du Premier Consul, leur ferait part de sa nomination, et l’installerai ». Il espère le lui présenter demain, et lui demander « le jour que"/>
               </TextLine>
               <TextLine ID="tl_42"
                         BASELINE="2206"
                         HEIGHT="36"
                         WIDTH="1019"
                         VPOS="2170"
                         HPOS="309">
                  <String ID="string_tl_42"
                          HEIGHT="36"
                          WIDTH="1019"
                          VPOS="2170"
                          HPOS="309"
                          CONTENT="nous pourrons avoir l’honneur d’être présentés au Premier Consul »..."/>
               </TextLine>
            </TextBlock>
            <TextBlock ID="r_1_15" HEIGHT="38" WIDTH="2059" VPOS="2247" HPOS="220">
               <Shape>
                  <Polygon POINTS="220,2247 2279,2247 2279,2285 220,2285"/>
               </Shape>
               <TextLine ID="tl_43"
                         BASELINE="2284"
                         HEIGHT="36"
                         WIDTH="2057"
                         VPOS="2248"
                         HPOS="221">
                  <String ID="string_tl_43"
                          HEIGHT="36"
                          WIDTH="2057"
                          VPOS="2248"
                          HPOS="221"
                          CONTENT="87. Louis-Luc Loiseau de PERSUIS (1769-1819) compositeur et chef d’orchestre. L.A.S. et L.S., 1815-1819 ; 1 page in-4 et 1 page et demie"/>
               </TextLine>
            </TextBlock>
            <TextBlock ID="r_1_16" HEIGHT="37" WIDTH="1970" VPOS="2290" HPOS="308">
               <Shape>
                  <Polygon POINTS="308,2290 2278,2290 2278,2327 308,2327"/>
               </Shape>
               <TextLine ID="tl_44"
                         BASELINE="2326"
                         HEIGHT="35"
                         WIDTH="1968"
                         VPOS="2291"
                         HPOS="309">
                  <String ID="string_tl_44"
                          HEIGHT="35"
                          WIDTH="1968"
                          VPOS="2291"
                          HPOS="309"
                          CONTENT="in-fol. à en-tête Académie Royale de Musique. 150/200"/>
               </TextLine>
            </TextBlock>
            <TextBlock ID="r_1_17"
                       HEIGHT="207"
                       WIDTH="1973"
                       VPOS="2349"
                       HPOS="307">
               <Shape>
                  <Polygon POINTS="307,2349 2280,2349 2280,2556 307,2556"/>
               </Shape>
               <TextLine ID="tl_45"
                         BASELINE="2385"
                         HEIGHT="35"
                         WIDTH="1935"
                         VPOS="2350"
                         HPOS="342">
                  <String ID="string_tl_45"
                          HEIGHT="35"
                          WIDTH="1935"
                          VPOS="2350"
                          HPOS="342"
                          CONTENT="26 décembre 1815, à un chevalier : il lui offre « un exemplaire du chant français Vive le Roi Vive la France, cette cantate que je viens"/>
               </TextLine>
               <TextLine ID="tl_46"
                         BASELINE="2428"
                         HEIGHT="36"
                         WIDTH="1969"
                         VPOS="2392"
                         HPOS="308">
                  <String ID="string_tl_46"
                          HEIGHT="36"
                          WIDTH="1969"
                          VPOS="2392"
                          HPOS="308"
                          CONTENT="de faire graver ayant obtenue un succès dans toutte la France qui la rendu nationale »... 24 avril 1819, à un comte : il explique les"/>
               </TextLine>
               <TextLine ID="tl_47"
                         BASELINE="2470"
                         HEIGHT="35"
                         WIDTH="1969"
                         VPOS="2435"
                         HPOS="309">
                  <String ID="string_tl_47"
                          HEIGHT="35"
                          WIDTH="1969"
                          VPOS="2435"
                          HPOS="309"
                          CONTENT="raisons historiques qui ont amené la suppression dans Iphigénie en Aulide de GLUCK le choeur « Chantons, célébrons notre Reine », à la"/>
               </TextLine>
               <TextLine ID="tl_48"
                         BASELINE="2513"
                         HEIGHT="36"
                         WIDTH="1970"
                         VPOS="2477"
                         HPOS="309">
                  <String ID="string_tl_48"
                          HEIGHT="36"
                          WIDTH="1970"
                          VPOS="2477"
                          HPOS="309"
                          CONTENT="suite d'une manifestation scandaleuse contre MARIE-ANTOINETTE en 1790 ; il est partisan de maintenir la suppression : « Sous le rapport"/>
               </TextLine>
               <TextLine ID="tl_49"
                         BASELINE="2555"
                         HEIGHT="35"
                         WIDTH="1007"
                         VPOS="2520"
                         HPOS="308">
                  <String ID="string_tl_49"
                          HEIGHT="35"
                          WIDTH="1007"
                          VPOS="2520"
                          HPOS="308"
                          CONTENT="dramatique, il fait longueur, sous celui de la musique, il est criard »..."/>
               </TextLine>
            </TextBlock>
            <TextBlock ID="r_1_18" HEIGHT="43" WIDTH="2063" VPOS="2591" HPOS="216">
               <Shape>
                  <Polygon POINTS="216,2591 2279,2591 2279,2634 216,2634"/>
               </Shape>
               <TextLine ID="tl_50"
                         BASELINE="2633"
                         HEIGHT="41"
                         WIDTH="2061"
                         VPOS="2592"
                         HPOS="217">
                  <String ID="string_tl_50"
                          HEIGHT="41"
                          WIDTH="2061"
                          VPOS="2592"
                          HPOS="217"
                          CONTENT="88. Émile PESSARD (1843-1917). MANUSCRIT MUSICAL autographe signé, et 2 L.A.S., 1912-1925, à Antonin LUGNIER; 1 page in-fol., et 3 pages in-8,"/>
               </TextLine>
            </TextBlock>
            <TextBlock ID="r_1_19" HEIGHT="38" WIDTH="1971" VPOS="2639" HPOS="308">
               <Shape>
                  <Polygon POINTS="308,2639 2279,2639 2279,2677 308,2677"/>
               </Shape>
               <TextLine ID="tl_51"
                         BASELINE="2676"
                         HEIGHT="36"
                         WIDTH="1969"
                         VPOS="2640"
                         HPOS="309">
                  <String ID="string_tl_51"
                          HEIGHT="36"
                          WIDTH="1969"
                          VPOS="2640"
                          HPOS="309"
                          CONTENT="une enveloppe. 200/250"/>
               </TextLine>
            </TextBlock>
            <TextBlock ID="r_1_20"
                       HEIGHT="295"
                       WIDTH="1974"
                       VPOS="2698"
                       HPOS="306">
               <Shape>
                  <Polygon POINTS="306,2698 2280,2698 2280,2993 306,2993"/>
               </Shape>
               <TextLine ID="tl_52"
                         BASELINE="2735"
                         HEIGHT="36"
                         WIDTH="1936"
                         VPOS="2699"
                         HPOS="342">
                  <String ID="string_tl_52"
                          HEIGHT="36"
                          WIDTH="1936"
                          VPOS="2699"
                          HPOS="342"
                          CONTENT="25 mai 1912. Auteur de mélodies « agréables aux ignares » et que le public fredonne en quittant le théâtre, il accepte avec joie de"/>
               </TextLine>
               <TextLine ID="tl_53"
                         BASELINE="2778"
                         HEIGHT="36"
                         WIDTH="1968"
                         VPOS="2742"
                         HPOS="310">
                  <String ID="string_tl_53"
                          HEIGHT="36"
                          WIDTH="1968"
                          VPOS="2742"
                          HPOS="310"
                          CONTENT="présider un dîner du Caveau : « toute ma vie, ce mot “le Caveau&#34; a représenté pour moi le flambeau de la vérité le centre de la Gaîté"/>
               </TextLine>
               <TextLine ID="tl_54"
                         BASELINE="2820"
                         HEIGHT="36"
                         WIDTH="1969"
                         VPOS="2784"
                         HPOS="309">
                  <String ID="string_tl_54"
                          HEIGHT="36"
                          WIDTH="1969"
                          VPOS="2784"
                          HPOS="309"
                          CONTENT="Française, de la finesse de l'esprit 8, d l'observation. C’est dans la Clé du Caveau que j’ai appris à solfier et que j'ai compris le rythme »..."/>
               </TextLine>
               <TextLine ID="tl_55"
                         BASELINE="2863"
                         HEIGHT="36"
                         WIDTH="1970"
                         VPOS="2827"
                         HPOS="309">
                  <String ID="string_tl_55"
                          HEIGHT="36"
                          WIDTH="1970"
                          VPOS="2827"
                          HPOS="309"
                          CONTENT="Le MANUSCRIT MUSICAL, daté « Déjeuner du Caveau 14 juin 1912 », est un discours en forme de chanson, en 4 strophes : « Pour répondre"/>
               </TextLine>
               <TextLine ID="tl_56"
                         BASELINE="2905"
                         HEIGHT="36"
                         WIDTH="1969"
                         VPOS="2869"
                         HPOS="309">
                  <String ID="string_tl_56"
                          HEIGHT="36"
                          WIDTH="1969"
                          VPOS="2869"
                          HPOS="309"
                          CONTENT="au toast élevé Qu’vous m’adressâtes tout à l’heure Avec trois sourir’s à la clé J’vais chanter en Gaîté majeure »... [26 avril 1915], au dos"/>
               </TextLine>
               <TextLine ID="tl_57"
                         BASELINE="2948"
                         HEIGHT="36"
                         WIDTH="1970"
                         VPOS="2912"
                         HPOS="308">
                  <String ID="string_tl_57"
                          HEIGHT="36"
                          WIDTH="1970"
                          VPOS="2912"
                          HPOS="308"
                          CONTENT="d’une invitation à un banquet du Caveau : « Je suis enroué et je tousse ce qui m’interdit de chanter ou de pousser des zippplipp, des"/>
               </TextLine>
               <TextLine ID="tl_58"
                         BASELINE="2992"
                         HEIGHT="35"
                         WIDTH="803"
                         VPOS="2957"
                         HPOS="307">
                  <String ID="string_tl_58"
                          HEIGHT="35"
                          WIDTH="803"
                          VPOS="2957"
                          HPOS="307"
                          CONTENT="zouras et d’acclamer les auteurs de jolies chansons »..."/>
               </TextLine>
            </TextBlock>
            <TextBlock ID="r_2_1" HEIGHT="26" WIDTH="30" VPOS="3078" HPOS="129">
               <Shape>
                  <Polygon POINTS="129,3078 159,3078 159,3104 129,3104"/>
               </Shape>
               <TextLine ID="tl_59"
                         BASELINE="3103"
                         HEIGHT="24"
                         WIDTH="28"
                         VPOS="3079"
                         HPOS="130">
                  <String ID="string_tl_59"
                          HEIGHT="24"
                          WIDTH="28"
                          VPOS="3079"
                          HPOS="130"
                          CONTENT="18"/>
               </TextLine>
            </TextBlock>
         </PrintSpace>
      </Page>
   </Layout>
</alto>
