2480 3188
219 311 2058 36 45. Jean COQUELIN (1865-1944). 25 L.A.S. et 5 cartes postales a.s., 1883-1908 et s.d., à son père Constant COQUELIN AÎNÉ ; 114 pages in-8 ou

310 356 1968 36 in-12, nombreux en-têtes Théâtre de la Porte-Saint-Martin, etc., qqs adresses et enveloppes. 500/600

345 418 1933 36 BELLE CORRESPONDANCE DU JEUNE JEAN COQUELIN À SON PÈRE. 9 avril 1883 : il ne trouve pas que le style du « livre abominable » soit celui de

309 463 1969 35 Molière, mais y voit la source d’un passage du Misanthrope... 1er janvier 1895, tendres vœux, et assurance de son inaltérable gratitude...

307 508 1972 36 Alexandrie 30 mars 1905. Il est ravi du succès de Coq dans le Scarron de Catulle MENDÈS ; dès la lecture, il avait « senti absolument

308 553 1969 36 complètement que ce rôle serait un des plus beaux de ta glorieuse carrière »... Le Caire 9 avril : « Scarron est pour toi, personnellement,

309 598 1968 35 un nouveau Cyrano ; et je ne doute pas que le jeune Rostand, qui se permet des fantaisies de mauvais goût (...) ne soit au fond

309 638 1970 41 parfaitement vexé »... Nouvelles de sa propre tournée avec Cadet en Égypte... 30 janvier 1907, propos tenus par Mme ROSTAND sur

309 688 1969 36 Chantecler, qu’Edmond croit faire passer au printemps... 1er février, félicitations pour son Quasimodo. « Toi, je ne te complimente plus

309 733 1969 35 (...) ; ces recettes londoniennes sont fantastiques »... 20 juin, nouvelles des théâtres, de Pont-aux-Dames, etc., pendant la tournée de

309 778 1969 36 Coq en Amérique du Sud ; la crise des viticulteurs dans le Midi... 25 juillet. ROSTAND a eu une attaque d'appendicite, SARDOU est ravi de

310 823 1968 36 la façon dont vient sa pièce [L'Affaire des poisons] : « Ton personnage s’est un peu modifié ; ce n’est plus un bourgeois ; mais un abbé

308 868 1970 35 de cour »... Arnaga [24 février 1908], ROSTAND sera déçu si Chantecler n’est pas joué deux ans consécutifs : il a dessiné les costumes.

308 913 1970 35 Quant à la distribution, il a parlé de Mme Le Bargy, Darthy, Mellot... Jean est en bonne voie pour obtenir son Faust : « Il a une dent pas

308 958 1969 35 ordinaire contre Sarah et contre la Comédie-Française ! »... [25 février], Rostand lui a formellement promis Faust, mais veut d’abord

308 1003 1969 35 avoir la joie de le refuser à Claretie ; il lui en a lu trois tableaux : « c’est absolument magnifique, comme tout ce qui sort du cerveau

308 1048 1970 36 de ce bougre-là »... Propos de ROSTAND sur le cinématographe... fréquents rapports sur les recettes de la Porte-Saint-Martin... Cartes

310 1093 1422 36 postales illustrées de Messine, Patras, Athènes, Corfou, Smyrne... Etc. ON JOINT 4 L.A.S. à sa mère.

217 1232 2061 36 46. Camille COROT (1796-1875). L.A.S., Ville d’Avray 5 octobre 1861, à une dame ; 1 page in-8. 300/400

343 1294 1936 35 « Lavieille est à Fontainebleau, il ferait peut-être mieux de continuer à travailler là que de revenir pour partir à Pierrefonds d’autant

308 1338 1970 36 qu’il faut que je sois de retour à Paris le 14 & ensuite je vais à Fontainebleau passer quelques jours, à partir du 17 & nous nous

309 1383 1478 35 retrouverions dans la forêt. (...) Nous referions cette partie de Pierrefonds le printemps prochain »...

344 1427 1285 36 On joint le faire-part de son décès (21 février 1875), adressé au graveur Aglaüs BOUVENNE.

223 1566 2055 36 47. Nicolas DALAYRAC (1753-1809) compositeur. L.A.S., Paris 11 brumaire XII (3 octobre 1803), à Charles de LUÇAY Préfet du Palais ; 2 pages

310 1613 1968 25 in-4. 400/500

346 1672 1932 36 INTÉRESSANTE LETTRE SUR SON OPÉRA LE PAVILLON DU CALIFE, OU ALMANZOR ET ZOBÉÏDE (créé à l’Opéra le 12 avril 1804). Il a passé une journée

309 1717 1969 35 entière avec DESCHAMPS à corriger le poème du Pavillon du Calife. Deschamps a profité de toutes les observations, et a procédé à de

309 1761 1969 36 nombreuses améliorations : « il a fait disparaître tous les mots douteux (...) de manière que je ne crois pas que la pièce offre à présent

310 1806 1968 36 la moindre tache ». Ils ont ajouté un chœur final qui donne au dénouement « une extension convenable. Du reste, la partition, les

309 1851 1970 35 rôles, les parties d’orchestre, toute la musique enfin, est copiée et prête à répéter. Semiramis sera jouée de demain vendredi en huit

307 1895 1971 36 jours », et ensuite la salle sera libre pour les répétitions du Pavillon... « Nous n’avons ni embarras, ni dépense ; la musique est facile à

308 1940 1970 35 apprendre, n’ayant que fort peu de chœurs, nous n’entravons pas les Bardes ; un peu de bonne volonté de la part des sujets, suffira

310 1984 1968 36 pour faire monter cette pièce bien plus vite que toutte autre et pour donner au public une nouveauté, en attendant que l’on prépare

310 2029 565 36 l’execution d’un plus grand ouvrage »...

217 2168 2009 36 48. Aimé-Jutes DALOU (1838-1902) sculpteur. L.A.S., 18 bis impasse du Marine 20 novembre 1889, à Jean GIGOUX ; 1 page et demie in-8.

2153 2215 125 25 150/200

346 2274 1931 36 Il doit remettre leur séance (pour le buste de Gigoux) : « je suis forcé de m’atteler à mon Victor Noir pour toute cette semaine afin

308 2318 1843 36 d’en finir au pus vite à cause de la fonte que je désire avoir pour le salon prochain »... ON JOINT une R A.S. de François Pompon.

203 2453 2075 40 f 49. Léo DELIBES (1836-1891). L.A.S., [Compiègne 7 octobre 1883], à Émile DURANT ; 2 pages in-8, enveloppe. 120/150

346 2519 1931 35 Il s’absente de Paris « pour 2 ou 3 mois. Je vous adresse Madame Sari de S'Georges chez qui je donne des leçons d’Harmonie, et qui

309 2563 1969 36 me demande de lui indiquer quelqu’un pour me remplacer pendant mon absence. Je serais très heureux dans l’intérêt de mon élève

309 2608 673 35 que vous voulez bien vous charger de cela »...

218 2742 2059 41 50. [Gustave DORÉ (1832-1883)]. Photographie par Pierre DURAT ; format carte de visite ; papier albuminé sur carte à la marque du

309 2792 1969 35 photographe : Photographie de l'Alcazar. 100/120

345 2853 796 35 Portrait de l’artiste assis, en costume, par Pierre Durât.

131 3078 27 25 12
