2480 3188
227 309 1952 36 51. Jean DUBUFFET (1901-1985). L.S. avec 3 lignes autographes et lettre dactylographiée, à Maurice [AUBERJONOIS] ; 2 et 1 pages in-8.

2149 356 129 26 250/300

346 416 1932 36 Vendredi 11 : « Ce que j'aime dans Carnage [de Jacques AUDIBERTI], c’est l'identité de ces deux personnages mythologiques, Mr Carnage

308 461 1970 36 et madame sa femelle [...]. J’aime que l'auteur se soit complu à cette identité : voilà quelque chose de vrai et de révélateur »...

310 506 1969 36 Les commentaires sur sa peinture l’ont vivement intéressé, mais « je ne suis pas sûr que soit bien fondée votre opinion sur cette

309 552 1969 35 correspondance que vous supposez entre l’amour que porte le peintre à son modèle [...] l’inclinaison qui s’ensuivrait à une reproduction

310 597 1969 35 procédant d’un stricte réalisme visuel [...]. Je peins maintenant des vues de Paris. Elles sont passablement délirantes. Je cherche à

310 642 1968 36 matérialiser l’impression que j’ai de Paris, de la rue à Paris, à capter l’émotion que me donne ce sujet, sous sa plus haute tension

310 687 1969 36 possible ». On ne peut atteindre cela par une photo d’une rue de Paris : « il faut de toute nécessité recourir à d’autres moyens. [...] Vous

309 732 1970 36 verrez, quand vous ferez vous-même de la peinture, [...] vous vous lasserez aussi de ce réalisme visuel décevant, vous serez amené à

309 777 1970 36 chercher des moyens plus expressifs ». Il ajoute à la main : « Le tableau de HUMBLOT va bien, pas de craquelures, pas de noircissement

309 823 1969 35 [...] J’en prends grand soin »... Dimanche 30 avril. Il lui commande un autre jambon : « Le dîner DROUIN PAULHAN a été brillamment réussi :

308 868 1970 36 grand entrain général. Les foies gras ont fait merveille » Ses peintures font l’objet « d’un ahurissant succès ! grand mouvement de

308 913 1970 36 visites, de courrier, de démonstrations approbatives ». Tout cela l'a empêché de travailler, et il compte bientôt mettre fin « à ces

307 958 591 36 festivités flatteuses mais importunes »...

202 1098 2076 36 f 52. Paul DUKAS (1865-1935). L.A.S., Jeudi, à un ami ; 2 pages in-8. 150/200

342 1160 1936 36 « Ce n’est pas un non tout sec. Il est tendre ; il est ruisselant de regrets, débordant d’excuses amicales. Mais c’est un non tout

308 1205 1970 36 de même. J'ai tant dit à tant de gens que je n’écrirais rien sur la musique d’ici longtemps que je ne peux pas et ne veux pas faire

309 1250 1572 36 d’exceptions, même pour la Symphonie fantastique - vieilles amours - ni pour vous - toujours jeune ! »...

203 1390 1953 36 f 53. Eleonora DUSE (1858-1924) actrice. PHOTOGRAPHIE signée, Londres 1900 ; 16,5 x 10,5 cm sur carton à la marque du photographe.

2145 1437 133 26 200/300

345 1497 1933 36 Beau portrait de l’actrice en buste par BARY, ancienne photographie Benque, signé et daté à l’encre bleue : « Eleonora Duse Londres

308 1544 97 26 1890 ».

204 1682 2074 35 P54. Eleonora DUSE. L.A.S., 2 janvier 1902, à son cher Sarro ; 1 page petit in-4 à l’encre violette ; en italien. 100/120

345 1744 1935 35 Elle a besoin de lui parler de choses diverses et l’invite à venir la voir à l’hôtel Helvetia... ON JOINT une L.A.S. de François de CUREL

309 1789 79 35 (1912).

222 1924 2056 41 55. Antoine ÉTEX (1808-1881) sculpteur. L.A.S., 26 octobre [1854], à M. LÉPINE, architecte ; 1 page in-8, adresse. 100/120

343 1991 1935 36 « Je vais ce matin même m’occuper de la permission pour relever le monument de VAUBAN aux Invalides. [...] C’est par le dessin de

308 2037 735 35 Vauban que je désirerais vous voir commencer »...

220 2172 2058 41 56. Henri FANTIN-LATOUR (1836-1904). L.A.S., Samedi, [à Étienne MOREAU-NÉLATON] ; 1 page in-8. 150/200

345 2239 1933 36 il le remercie de son Bonington : « Vous pensez si le sujet m’intéresse ! Permettez-moi de vous offrir une épreuve sur papier verdâtre

308 2285 1437 35 de ma lithographie. J’ai trouvé l’effet préférable »... ON JOINT une l.a.s. de sa veuve à Henri OULEVAY.

225 2419 2053 42 57. Gabriel FAURÉ (1845-1924). 3 PARTITIONS imprimées en édition originale avec envois autographes signés ; in-fol. 400/500

344 2487 1933 36 Ces partitions sont offertes par Fauré à Juliette d'EicHTHAL, fille de son ami Eugène d’Eichthal (1844-1936), le dédicataire du

308 2535 184 25 6e Nocturne.

344 2578 1934 36 Nocturnes pour piano : 7éme Nocturne, op.74 (J. Hamelle, cotage 4483) ; sur la couv., ENVOI : « à Mademoiselle Juliette d’Eichthal / avec

309 2624 724 36 mille amitiés / Gabriel Fauré » (cart. toile rouge).

343 2670 1935 35 FHeuse (extraite de Pelléas et Mélisande), transcription pour piano par Alfred Cortot (J. Hamelle, cotage J.4773H.) ; sur la couv., ENVOI :

307 2715 1379 36 « à Mademoiselle Juliette d’Eichthal / avec mille amitiés / Gabriel Fauré » (cart. toile rouge).

344 2761 1934 36 Hymne à Apollon. Chant Grec du IIIe siècle avant J.C., transcription par Théodore Reinach, accompagnement par Gabriel Fauré

309 2806 1970 36 (O. Bornemann, 1894, cotage B 2301) ; sur la couv., ENVOI : « à Mademoiselle Juliette d’Eichthal / affectueux hommage / Gabriel Fauré »

309 2852 1771 36 (broché, rouss. ; au verso de la couv., on a collé une transcription ms du chant grec). On joint la 2e éd. revue et corrigée.

2323 3079 24 24 13
