2480 3188
220 233 2059 37 38. Constant COQUELIN aîné (1841-1909). 4 L.A.S., 1879-1886 et s.d. ; 6 pages et demie in-8, la première à son chiffre. 200/250

345 296 1934 36 [Juillet 1879, à Juliette ADAM], recommandant son ami E. CAHEN, directeur du Journal des Travaux publics, pour être décoré : « il aurait

308 341 1971 36 été nommé en 77 s'il n’avait refusé d’insérer les discours politiques de Mr Paris. C’est un très honnête homme, très dévoué et très sûr

309 386 1969 36 [...]. Il a été parfait pour mon frère dans un moment difficile »... [20 octobre 1886], à une dame. « Laissez passer Mr Scapin et envoyez-

309 427 1969 40 moi votre pièce, je préfère la lire moi-même, et je vous promets aussitôt lue que j’en parlerai à Deslandes »... À Frédéric MISTRAL (en¬

308 477 1971 36 tête Théâtre Sarah Bernhardt) : « Je n’ai pas eu la chance de vous rencontrer à Paris mais je suis avec ceux qui vous admirent le plus et

309 522 1969 36 peut-être le mieux » ; il le prie de recommander aux professeurs de la faculté des lettres d’Aix le jeune Ludovic Lorciali qui passe son

309 567 1069 36 baccalauréat... ON JOINT 6 L.A.S. de la voyante Anne de THÈBES à Coquelin.

223 707 2055 36 39. Constant COQUELIN aîné. 38 L.A.S., 1888-1900 et s.d., à Victorien SARDOU ; 80 pages formats divers, qqs en-têtes Théâtre de la Porte-

308 755 1970 25 Saint-Martin. 1.200/1.500

345 814 889 28 INTÉRESSANTE CORRESPONDANCE DU COMÉDIEN À L'AUTEUR DE THERMIDOR.

344 860 1934 35 New-York 13 octobre 1888. Importante lettre déclarant sa décision de ne pas rentrer à la Comédie Française. Coquelin lie son

309 905 1969 36 acceptation des propositions de la Porte-Saint-Martin, à la possibilité qu’aurait Sardou d’écrire son drame situé sous la Terreur : le

309 950 1970 36 rôle dont ils ont parlé « peut être magnifique, et en l’écrivant pour moi, vous verrez bien ce que je pourrai vous y apporter »... Nîmes

311 995 1968 36 14 mai [1897], sur la tournée à Bordeaux, Toulouse, Montpellier de Thermidor, et réflexions pour des représentations futures... Paris

310 1040 1968 36 12 octobre 1897, à propos d’une reprise de Thermidor après la pièce de Déroulède, et sa volonté de doter la Porte Saint-Martin d'un

309 1086 1969 36 répertoire comme le fait Sarah BERNHARDT... 24 août 1900, il félicite Sardou sur sa promotion dans la Légion d’honneur et le prie de

308 1131 1970 36 faire partie du comité de patronage d’une exposition, chez Petit, de portraits des artistes dramatiques du siècle, avec Claretie, Bonnat,

308 1176 1970 36 Sarah, Réjane, Bartet, Crânien.. Lettres de tournées à Saint-Louis, Copenhague... Remarques sur les succès de Sardou : La Sorcière,

308 1221 1970 36 Flambeau, Les Heureux, Théodora ; sur les négociations avec la Porte-Saint-Martin, un procès, « le clan hugolâtre », divers projets

309 1267 1969 35 (« allons au travail ou au combat ensemble »)... On rencontre au fil des lettres les noms de MOUNET-SULLY, CLARETIE, Paul MEURICE, Jules

309 1314 1269 29 LEMAÎTRE, DÉROULÈDE, POREL, DUQUESNEL, CLEMENCEAU, ROSTAND, OHNET, PORTO-RICHE, BRIEUX, etc.

344 1357 1274 36 ON JOINT 8 L.A.S. de COQUELIN CADET, et une de leur frère Gustave Coquelin, à V. Sardou.

1100 1426 422 36 Reproduction page ci-contre

215 1566 2063 35 40. Constant COQUELIN aîné. 32 lettres ou pièces, la plupart L.A.S. (3 incomplètes), 1897-1908 et s.d., à divers ; environ 65 pages formats

308 1611 1970 36 divers, qqs en-têtes. 800/1.000

344 1656 1935 36 Correspondance à ses amies Aline (suivie d'une lettre de son fils Jean), Anne (2) et Céline (4, « ma chère petite Coquelinette ») ; à ASTRUC

308 1701 1969 36 (renvoi d’un manuscrit sur Beethoven), Gaston CALMETTE (« Vous êtes un ami exquis... »), Albert CARRÉ, Léon CARVALHO (à propos d’Antonin

309 1747 1968 35 Proust et de la dignité du comédien), Frédéric FEBVRE, au Dr SCHIFF, au syndic des agents de change, à un illustre ami (à l’occasion du

309 1792 1969 36 50e anniversaire de son entrée au Burgtheater de Vienne), à un rédacteur du Figaro (évoquant Emma Calvé), à un Président, à des

308 1840 86 25 amis...E

344 1882 1422 36 SON ENGAGEMENT COMME PENSIONNAIRE DE LA COMÉDIE FRANÇAISE, signé aussi par Ed. Thierry, 8 juillet 1861.

345 1928 1933 35 MANUSCRITS autographes J discours ou article sur le Paradoxe du comédien de DIDEROT: discours pour l’inauguration d'une statue de

309 1973 1969 36 Molière ; poésie ; programme de l’inauguration du théâtre de la maison de retraite des comédiens au Pont-aux-Dames ; note sur le

307 2018 544 30 théâtre de l’Odéon ; notes diverses...

344 2063 1935 36 ON JOINT 6 cartes à lui adressées ou à son nom (dont un laissez-passer du gouvernement de la Défense nationale) ; qqs lettres dont

309 2108 1969 36 une de Maurice RICHARD, ministre des Beaux-Arts, et un brevet et divers doc. relatifs à l’Ordre du DANNEBROG auquel il est nommé. Plus

308 2154 1365 36 2 L.A.S. de COQUELIN CADET, 2 de Jean Coquelin, et 9 cartes ou photographies le représentant.

1100 2223 422 35 Reproduction page ci-contre

224 2362 2054 36 41. Constant COQUELIN aîné. 71 L.A.S., 1898-1907, à Marie CAZIN ; 104 pages formats divers (dont 7 cartes postales), nombreux en-têtes,

308 2408 1970 35 adresses et enveloppes. 1.500/2.000

345 2472 1408 29 IMPORTANTE CORRESPONDANCE À MARIE CAZIN, PEINTRE ET SCULPTEUR DONT COQUELIN COLLECTIONNAIT LES ŒUVRES.

342 2515 1936 36 [Paris 7 avril 1898], Il souffre, il a besoin de quelque chose d’elle, comme le grand pastel, sur lequel il souhaite une « petite

310 2560 1968 36 réduction »... [Palinges 25 juillet 1901] : « C’est le moins que Boulogne puisse faire de donner le nom de J. Charles Cazin à une rue,

307 2605 1971 36 j’espère qu'on la choisira bien. On devrait prendre celle où était la maison de son père »... [10 août], précisions sur sa tournée : Vichy,

309 2646 1969 40 Lyon, Évian, Genève, Paris, Dieppe, Dunkerque, Lille, Boulogne... [Saint-Prix 8 septembre], il a passé un jour et une nuit chez ROSTAND,

309 2691 1969 40 mais il regrette sa semaine à Equihen [chez ellé]... [Lyon 24 septembre] :« Apportez-moi la fuite en Égypte. J’aspire déjà après l’autre »...

307 2741 1971 36 [Grenoble 25 septembre] : « Avez-vous causé avec Michel de la petite esquisse de la Lecture ? »... Bruxelles 10 janvier 1902 : « Nous

307 2786 1971 36 jouons notre Bourgeois devant des salles combles, et l’on rit vigoureusement »... Francfort [13 janvier] : « Petit m’écrit qu’il a acheté

307 2831 1971 36 trois de vos tableaux, entre autres la petite maison qui était à l’atelier et que je désirais beaucoup »... [Berlin 16 janvier], grand succès :

309 2877 1970 35 précisions sur les recettes. Demain il ira enfin au musée. « J’ai fait la connaissance de LIEBERMANN. Il a beaucoup de talent et Manet est

309 2922 1969 36 son Dieu. Il en a quelques-uns qui sont fort beaux, entre autres deux tableaux de fleurs dans des vases de verre, c’est vraiment d'une

137 3079 16 24 8
