2480 3188
221 203 2058 35 23. Armand Ménard, dit DRANEM (1869-1935). 5 L.A.S., 1905-1912 et s.d. ; 7 pages in-4 ou in-8, un en-tête Œuvre de la Maison de retraite

308 249 1970 35 des Artistes lyriques, une enveloppe. 200/250

345 311 1934 36 Remerciements à Georges Montorgueil pour un article qui a « révolutionné les coulisses de l’Eldorado »... Félicitations à « Louis XV »

309 358 1970 35 [P. ESCUDIER], « le plus galant des conseillers municipaux »... Prière d’insérer un communiqué concernant sa réception par le président

309 404 1969 35 FALLIÈRES, qui a accepté d’inaugurer la Maison de retraite des Artistes lyriques à Ris-Orangis... Lettre comique sur les animaux, etc.

309 449 1969 37 ON JOINT une affiche de Ça mousse ! et un programme de la Fête des Caf Conc’ au bénéfice de l'Œuvre de la Maison des Artistes

310 496 424 35 lyriques (Fondation Dranem).

219 601 2059 36 24. Vincent HYSPA (1865-1938). 8 L.A.S. et 5 manuscrits autographes, 1906-1915 et s.d. ; 34 pages formats divers, qqs adresses. 150/200

345 664 1932 35 Lettres à Constant COQUELIN (lui soumettant, puis lui redemandant le manuscrit de sa pièce Les Aventures de Monsieur Pickwick), au

309 710 1969 36 Dr Pelet, à un ami (au sujet d’un spectacle)... Manuscrits de chansons : Quel joli temps, Lettre d'une Dorothée rêveuse..., « Ces quelques

308 756 1970 36 mots chère marraine... », Voici l’été (avec musique d’accompagnement et lettre d’envoi au dos à une camarade et amie)... ON JOINT un

310 802 620 36 programme impr. et illustré, 20 mars 1902.

220 907 2058 36 25. Jules JOUY (1855-1897). 60 MANUSCRITS autographes signés ; 75 pages formats divers. 300/400

343 970 1935 36 TEXTES DE CHANSONS pour les « Chansons de Paris » et les « Gens de la Bande » (Ve série), visant notamment le boulangisme : Girault,

308 1011 1970 41 Rouillon, Bois-Glavy, De Susini, De Larmandie, Auschitzky, Théodore Cahu, Les Républicains naïfs, Les Conscrits, Écrasons l'infâme !,

308 1057 1970 41 Les Derniers Boulangistes, L'Été de 1890, L’Enveloppe mystérieuse, etc. ON JOINT 3 fragments autogr., une circulaire impr., une carte

308 1108 1672 36 vierge de la Goguette du Chat Noir, et un faire-part de son décès ; plus un billet a.s. de Pierre Baudin à son sujet.

218 1213 2060 36 26. Anna JUDIC (1850-1911) chanteuse. 11 L.A.S., 1879-1906 et s.d., à Constant COQUELIN ou Georges MONTORGUEIL, rédacteur en chef de

308 1255 1970 40 L’Éclair ; 17 pages in-8 ou in-12, la plupart à son chiffre. 150/200

345 1322 1933 36 Elle remercie Coq d’avoir « parlé pour mon portrait » et promet de participer à une représentation à Paris, si elle rentre à temps

308 1368 1970 36 de Belgique... Elle est « au désespoir » de ne pouvoir chanter mercredi au Trocadéro... Elle est fatiguée et malade, elle s’est fait faire

307 1409 1971 41 « une petite opération à la tête »... Elle exprime sa gratitude pour un article que lui a consacré L'Éclair, et explique ce qui lui vaut

309 1460 1969 36 la distinction du ministre de l’Agriculture, citant en particulier « un élevage tout spécial de “souris blanches’’ destinées aux Instituts

309 1506 1082 36 Pasteur »... ON JOINT un télégramme, 2 cartes postales et une lithographie.

223 1607 2055 40 27. Marie KRYSINSKA (1845-1908) poétesse. 22 L.A.S. et 3 L.S., Paris 1907 et s.d., à Georges MONTORGUEIL, directeur de L’Éclair ; 36 pages

308 1658 1970 27 formats divers. 300/350

345 1720 1933 36 Elle le prie de parler d’une exposition à la Bodinière de son mari Georges BELLENGER, artiste excessivement modeste dont les esthètes

309 1766 1969 36 ne parlent pas ; de l’envoi de son mari au Concours d’esquisse : l'artiste est apprécié par Dalou, Rodin, Puvis de Chavannes, Fantin-

310 1813 1969 35 Latour etc. Communication du scénario de Juliette Cordelin... Envoi d’un roman « qui est plutôt une longue nouvelle »... Elle espère

310 1859 1968 35 lire quelques lignes consacrées à son recueil L'Amour chemine, et évoque les considérations formelles qui l’ont guidée... Espoir de

308 1900 1970 40 faire accepter un roman « littéraire » mais convenant au feuilleton de L’Éclair... Texte d’une annonce concernant le Théâtre Lumineux

309 1951 1809 36 quelle ouvre, avec son mari, au Conservatoire de Montmartre... Invitations, envois d’échos, etc. ON JOINT 4 cartes de visite.

218 2056 2060 36 28. Maurice MAC-NAB (1856-1889). L.A.S., Cannes 16 février, à Georges MONTORGUEIL ; 4 pages in-8. 150/200

346 2119 1932 35 Il est très touché par les quelques lignes que Montorgueil lui a consacrées dans le Paris, d’autant plus qu’il se croyait « à peu près

308 2165 1971 35 oublié »... De retour d’Algérie, il livre ses impressions de Cannes : belles vues, belles toilettes, théâtre somnolent et cafés « hantés par

309 2211 1971 36 des mandolinistes et aussi par les demoiselles de l’Armée du Salut qui viennent y chanter des cantiques avec une guitare »... ON JOINT

309 2257 1060 35 une L.A.S. de sa femme et un faire-part du décès d’Alexandre Mac-Nab.

221 2362 2057 36 29. Gabriel MONTOYA (1868-1914). MANUSCRIT autographe signé, Le Pèlerinage national de 1897 à Lourdes, [21 août 1897] ; 7 L.A.S. et une

308 2408 1970 36 carte de visite, 1897-1914 et s.d. ; 14 pages formats divers, une adresse. 200/250

344 2471 1934 36 Article consacré à Lourdes, ses pèlerins, brancardiers, marchands, pickpockets et miraculés, et lettre d’envoi à Georges MONTORGUEIL,

310 2512 1968 41 rédacteur en chef de L’Éclair... Envoi au même d'un acte en prose, La Dentelle, « sujet très convenable », puis du poème liminaire de

308 2563 1970 36 son recueil Au Palais de la Paix (tapuscrit avec dédicace joint)... Recommandation de Lucien Boyer... Quelques plaintes à la suite d’une

308 2609 1970 36 « corvée chatnoiresque »... Hommage à COQUELIN après son triomphe dans Cyrano... ON JOINT une invitation à la générale des Pêcheurs

308 2655 113 28 de lune.

218 2761 2060 35 30. Xavier PRIVAS (1865-1927). 11 L.A.S., 1 L.S. avec post-scriptum a.s., et 6 imprimés avec envois a.s., 1894-1923. 150/200

345 2823 1933 36 Lettres à Georges MONTORGUEIL, au théâtre du Grand Guignol ou à L’Eclair : remerciements pour des articles ; prière de l’inscrire

309 2869 1968 36 pour « un couplet intitulé Vache et Censure » ; regrets de ne pouvoir assister à l’inauguration du monument de Jules Jouy ; émotion

308 2915 1970 36 au rappel des « heures difficiles » de ses débuts ; etc. Revues musicales et partitions toutes dédicacées le 17 février 1918 à Mme Jane

309 2961 394 36 BATHORI ENGEL et à M. Engel.

137 3079 15 24 6
