2480 3188
908 206 666 33 CHANSONNIERS et CHAT NOIR

229 355 2049 35 17. Dominique BONNAUD (1864-1943). Environ 55 L.A.S. à Lucy PEZET-CHABERT (dont qqs à son mari) ; 110 pages formats divers, une

309 400 1969 35 enveloppe. 200/250

344 462 1934 36 AFFECTUEUSE CORRESPONDANCE À SA FILLE ADOPTIVE, où il est question de bruits calamiteux de la Guerre (1918), tournées en province,

308 507 1970 36 engagements à la Radio, projets de Numa BLÈS, spectacles à la Lune Rousse, vœux, chagrins de cœur (mort de Raymonde Bonnaud,

308 552 1970 36 1930), l’imminence d’une nouvelle guerre... « J’ai deux bonnes chansons pour toi. J’ai entièrement refait la Mode à Paris. Sans une

308 597 1970 36 cochonnerie. C'est devenue une chose beaucoup plus fine et parisienne que tu diras délicieusement »... Envoi de vers : « Benda ?

310 638 1968 40 Pourquoi Benda ? Pourquoi ce nom bizarre... »..., et À celle qui m'a trahi... Réflexions sur des vers de Louis Bouilhet... Dans ces lettres

309 688 1969 35 souvent longues, on rencontre aussi les noms de Duvernoy, André de Lorde, Willemetz, Dorin, etc. ON JOINT 9 lettres ou cartes a.s. à

310 733 429 35 Ernest Lajeunesse et à divers.

224 815 2054 36 18. Théodore BOTREL (1868-1925). 26 L.A.S. ou cartes et un MANUSCRIT a.s., vers 1903-1921, à Georges MONTORGUEIL ; 29 pages formats divers,

309 861 1969 35 qqs adresses (plus un télégramme). 250/300

343 918 1935 40 À François Coppée, pièce de 8 strophes. Invitations à des auditions de chansons nouvelles, à la représentation de Notre-Dame-

309 968 1969 35 Guesclin, à l’inauguration de la statue de Jacques Cartier à Saint-Malo... Souvenirs de Penvenan, et des « bardes errants » en Bretagne,

309 1008 1970 41 en Hollande... Demande d’une interview dans L'Éclair, pour aider la revue La Bonne Chanson... Prière d'insérer quelques chansons, ne

309 1058 1970 36 serait-ce que Rosalie, et Dans la tranchée... Note rédigée au front, sur « Rosalie, pour désigner la baïonnette »... Texte de sa citation à

311 1103 1968 36 l’ordre du corps d’armée, pour avoir « contribué à développer, chez tous ceux qui l’ont entendu, les sentiments de belle humeur et de

310 1148 1968 36 bravoure avec lesquels ils accomplissent leur devoir de soldats ».Lot de cartes postales souvenir « Botrel au Canada », avec envoi ;

309 1194 1508 35 cartes signées, etc... ON JOINT un faire-part et 4 cartes vierges représentant Botrel, sa femme et sa fille.

226 1276 2052 36 19. Eugénie BUFFET (1866-1934) chanteuse. 10 L.A.S. et 1 L.S., la plupart à Georges MONTORGUEIL ; 20 pages formats divers, qqs en-têtes

308 1321 1970 36 Eugénie Buffet. Cabaret artistique « La Purée » avec vignette par WILLETTE (télégramme et carton d’invitation joints). 150/200

345 1383 1932 36 Elle aura le plus grand plaisir à « réapplaudir » COQUELIN dans Cyrano... Demande d’aide, remerciements et vœux au Président du

309 1428 1969 36 Conseil municipal de Paris... Elle se réjouit qu’Escudier ait obtenu l’autorisation d’ouvrir le cabaret La Purée... Invitations à une première

308 1474 1970 35 audition et à l’ouverture de la Nouvelle Athènes... Prière de faire part de son succès à l’Eldorado de Lyon, et de répercuter d’autres

308 1519 774 36 échos... ON JOINT 3 l.a.s. de Léopold STEVENS au même.

217 1662 2062 35 20. CHANSONNIERS. Plus de 250 lettres, manuscrits ou documents, la plupart L.A.S., plusieurs à en-tête, adressées principalement à

309 1709 1969 33 Georges MONTORGUEIL, au Docteur Pelet et à Constant Coquelin. 500/700

345 1771 760 25 IMPORTANT ENSEMBLE SUR LES CHANSONNIERS DE MONTMARTRE

344 1809 1934 40 ALLEMAND (Eldorado), Louise BALTHY, Jean BASTIA (Le Perchoir), Maurice BOUKAY (11), Émile BOURDELIN (4, Le Caveau), Lucien BOYER (ms :

308 1859 1970 36 Pall-Mall-Montmartrois), Georges CHEPFER, Auguste DEBRAY (Moulin de la Galette), Paul DELMET, Hugues DELORME, Alexandre DESROUSSEAUX,

310 1904 1967 36 DOMINUS (3. dont un ms sur Lucy Pezet), Maurice DONNAY (5), René DORIN (7), Léonor DUPILLE, Jacques FERNY (10), Georges FRAGEROLLE, Henri

309 1949 1970 36 FURSY (11, La Boîte à Fursy, plus doc. dont le ms d’un article nécrologique par Pierre Brisson), Eug. GRANGÉ, Narcisse LEBEAU, Marcel LEGAY

309 1995 1969 35 (13), Jules LÉVY (Arts incohérents), Marthe LYS (3), Auguste MARTINI Félix MAYOL, Juliette MÉALY, Maurice MÉRY, Jules MÉVISTO, Georges

309 2040 1969 35 MILLANDY, MILY-MEYER, Jules MOY, Yann NIBOR (5), Jules PACRA, Aimé PATAY (25), PAULUS, Clovis PIERRE (6), POLIN (7), Octave PRADELS (15), Renée

309 2085 1969 35 de PRESLES, Jean RIEUX (3, Le Grillon), Laurent de RILLÉ (7), Jehan SARRAZIN (18), TARQUINI D'OR, THÉRÉSA, F. VERDELLET (Eldorado), Charles VIRMAITRE,

310 2130 1969 36 Bob WALTER (5), Miguel ZAMACOÏS (5), etc. Plus des chansons manuscrites de l’époque révolutionnaire et du XIXe siècle, Le Caveau au

310 2175 957 36 1er janvier 1879 (liste des membres), qqs cartons publicitaires, etc.

226 2258 2052 36 21. CHAT NOIR. 6 documents imprimés, vers 1891-1897. 200/250

345 2315 1933 41 Épreuve corrigée pour un programme du Théâtre du Chat Noir. Beau programme illustré du Théâtre du Chat Noir, avec couv.

310 2365 1968 36 illustrée et coloriée au pochoir par Henri Rivière (L’Enfant prodigue, Le Roi débarque ! et Casimir voyage). Cartons d’invitation à des

309 2410 1969 36 répétitions générales, au nom de G. Wagner. Programme illustré du cabaret artistique Le Chien Noir de Victor Meusy. Prospectus

310 2455 1388 36 illustré pour l’ouverture de La Muse de Montmartre, avec sonnet rendant hommage à R. Salis.

219 2538 2059 36 22. Ernest CHEBROUX (1840-1910). 40 L.A.S., et un MANUSCRIT a.s., 1887-1904, à Georges MONTORGUEIL (de son vrai nom Octave LEBESGUE) ;

309 2583 1875 36 60 pages formats divers, qqs en-têtes Lice chansonnière ou Œuvre de la Chanson française, 2 adresses (plus 4 cartes de visite).

2147 2631 131 25 200/250

339 2690 1938 36 Joli Mois de mai, poèmes de 5 strophes plus refrain (15 mai 1887). Correspondance amicale évoquant un article de SARCEY, un

309 2735 1969 36 déjeuner chez Gustave NADAUD, une notice autobiographique dans la Revue du Siècle, des rendez-vous... Vive recommandation du

309 2781 1969 35 vieux chansonnier Jules JEANNIN, très appauvri... Légendes concernant NADAUD (et Napoléon III, ou la princesse Mathilde)... Remarques

309 2821 1969 41 sur l’Œuvre de la Chanson française et son président, Henry ROUJON... À propos de son idée d’un Congrès de la Chanson... Il présidera

309 2871 1969 36 un concours du Caveau lyonnais pour récompenser la meilleure ode à Pierre DUPONT... Récit de l’enterrement de J. Jeannin à Ivry...

310 2916 1967 36 Invitations à déjeuner avec Octave PRADELS, Armand SILVESTRE... Envoi d’une chanson... Remerciements pour des articles... ON JOINT son

308 2961 288 36 faire-part de décès.

2329 3079 13 24 5
