2480 3188
236 203 2045 35 8. François-Adrien BOIELDIEU (1775-1834) compositeur. 2 L.A.S. ; 1 page et 1 page et demie in-8, adresses. 200/250

345 265 1933 35 13 septembre [1813, à l'éditeur du Chansonnier des grâces], l’autorisant à imprimer dans le Chansonnier des grâces de 1814 « la romance

308 310 1971 36 du troubadour de Jean de Paris, et celle du Nouveau Seigneur »... Mercredi, à son cher NADERMANN. Il est impossible d’employer pour

309 355 1969 36 sa petite scène chantée le même effet d’orchestre : il faut s’en tenir à « un orchestre de harpe et d’instrumens à vent sur le théâtre et

308 401 1970 36 ensuite à une scene chantée avec accompagnement d'orchestre ordinaire disposé comme on en est convenu devant le théâtre. Quant

308 446 1540 36 à Lafont je verrai si je puis l’employer dans notre orchestre si non je le renverrai à vous ou à Le Sueur »...

344 492 1934 36 On joint 2 P.S., mémoires pour vente de musiques à L. Zammit d’Orléans (1807,1811) ; et 2 2 L.A.S. de son fils Adrien-Louis BOIELDIEU à

310 537 607 28 l’éditeur Choudens et M. de Beauchesne.

238 638 2039 40 9. Karl August BÖTTIGER (1760-1835) archéologue allemand. L.A.S., Dresde 3 mai 1825, au librairie viennois Fr. VOLKE ; demi-page in-4 ; en

308 687 1970 28 allemand. 100/150

346 749 1145 36 Il le prie d’adresser dix numéros du journal Abendzeitung à M. Acerbi à Milan.

222 854 2056 35 10. Louis BOULANGER (1806-1867) peintre. L.A.S., [août ou septembre 1840 ?, à Mme Victor HUGO] ; 2 pages in-8. 150/200

346 916 1933 36 Il tâchera de profiter de son invitation mais il a bien des choses à finir d’abord : « Je travaille donc pour aller vous rejoindre et

309 961 1968 36 regarder un peu cette bonne nature, ces beaux arbres qui ne vous amusent pas beaucoup ainsi que vous me l’avez dit. Cela dépend

308 1007 1970 36 souvent de la disposition où l’on est en contemplant les aspects de la création et ils changent souvent selon la sensation à travers

310 1052 1756 36 laquelle ils nous arrivent. Pour moi qui vous aime de tout coeur je voudrais que la nature vous parût toujours riante »...

231 1157 2047 35 11. Henri BOUTET (1851-1919) peintre. 2 L.A.S. à un ami ; 1 page in-12 à son chiffre, et 1 page in-8 illustrée. 70/80

345 1219 1934 36 La première lettre est écrite au-dessus d’une eau-forte de l’artiste représentant une femme en capeline et manchon, assise devant

309 1264 436 28 une cheminée. Rendez-vous...

224 1369 2054 36 12. BRASSAI (1899-1984) photographe. L.A.S., Paris 26 février 1954, [à Henry de MONTHERLANT] ; 1 page in-4 à son en-tête. 150/200

343 1431 1935 36 « Veuillez trouver ci-joint votre portrait ainsi que la revue américaine Harper’s Bazar qui l’a reproduit récemment »... Au dos,

308 1476 1683 36 fragment autographe de MONTHERLANT retraçant la généalogie des branches Millon de sa famille (XVIe-XVIIe siècle).

207 1580 2071 36 f 13. Benjamin BRITTEN (1913-1976). L.S., Aldeburgh 24 novembre 1954, à son cher Gerd ; 1 page in-4 ; en anglais. 150/200

346 1643 1933 36 Il le remercie de son cadeau d’anniversaire : c’est un beau livre, et VAN GOGH est un de ses peintres préférés. Il regrette de ne l’avoir

309 1688 1969 36 pas vu en Angleterre cet été ; lui aussi vient d’aller en Suède (non pas à bicyclette, cependant), et il apprécie ses remarques sur la

309 1734 1969 35 beauté du pays, la gentillesse du peuple, et la difficulté de la langue. Il espère que les examens iront bien, et que Gerd terminera ses

308 1779 1969 36 études au gymnasium couvert de lauriers. Il est content qu’il continue sa musique : sa conférence a l’air intéressante. Britten ira en

308 1825 541 35 Allemagne entre le 19 et le 29 mars...

224 1929 2054 36 14. Antonio CANOVA (1757-1822) sculpteur. L.A. à M. MISSIRINI ; demi-page in-4, adresse ; en italien. 200/300

345 1991 1934 36 Il l’avertit que le S. Tambroni ne pourra venir travailler avec Missirini, comme cela avait été prévu. Il rappelle à Missirini qu’il doit

310 2037 1642 35 l’aimer comme lui l’aime : « Ricordovi insieme l’obligo vostro di amarmi, cosi fortemente comme io amo voi »...

211 2141 2067 36 P15. Jean-Baptiste CARPEAUX (1827-1875) sculpteur. L.A.S., 14 janvier 1866 ; 1 page in-8. 150/200

343 2203 1464 36 « Je viens me mettre à votre disposition pour rétablir la charmante statuette du Prince Impérial »...

344 2248 1124 36 On joint une L.A.S. du comte de BASTARD D'ESTANG au marquis de Dreux-Brézé.

224 2353 2054 36 16. Charles-Simon CATEL (1773-1830) compositeur. L.A.S., 22 juillet 1808, à Louis-Benoît PICARD « directeur de l’Académie impériale de

309 2399 1969 35 musique » ; 1 page petit in-4, adresse. 200/250

346 2461 1932 35 Il a terminé la musique des Bayadères, « et je vous prie de vouloir bien donner les ordres nécessaires pour que ma partition soit

308 2506 1970 36 envoyée à la copie. Monsieur le Surintendant m’ayant recommandé de faire promptement cet ouvrage, j’aurai l’honneur de l’informer

308 2551 1969 36 que j’ai rempli ses intentions »... [LES BAYADÈRES, opéra sur un livret de Jouy, fut créé à l’Opéra le 8 août 1810 ; cette tragi-comédie à grand

308 2597 905 36 spectacle fut un des plus grands succès lyriques de l’Empire.]

1141 2770 198 19 * * * * *

136 3079 16 24 4
