2480 3188
1486 203 792 36 Vente du Lundi 14 Décembre à 14 heures

837 490 809 40 BEAUX-ARTS, MUSIQUE ET SPECTACLE

223 640 2055 36 f 1. Adolphe ADAM (1803-1856) compositeur. L.A.S., à Adolphe SAX ; 2 pages in-12 à son chiffre (portrait joint). 100/120

345 703 1933 36 En faveur de M. ALOZO « qui désire donner un concert dans votre salle » et souhaiterait « obtenir une modération de prix. Je vous le

309 749 600 27 recommande comme fort intéressant »...

236 832 2042 36 2. Pierre d’ALVIMARE (1772-1839) harpiste et compositeur. P.S., 22 septembre 1809 ; 1 page petit in-4. 100/150

344 895 1933 36 Copie certifiée conforme par dAlvimare, « Harpiste de la Musique de S.M. l’empereur et roi », d’un congé à lui délivré par l'Empereur,

310 941 1083 36 l'autorisant à « s’absenter pour travailler au rétablissement de sa santé »...

218 1025 2060 35 f 3. Sophie ARNOULD (1744-1803) cantatrice, interprète de Gluck. L.A.S., Paris 1er fructidor IX (19 août 1801), [à son amie Mme BELANGER] ;

308 1073 1970 33 4 pages in-4. 500/700

346 1133 1932 36 Il y a bien longtemps qu’elle n’a pas vu sa « bonne et spirituelle amie (...) Si jesttois jouissante et agissante, des membres qui me

306 1179 1971 36 portent, et avec lesquels ont chemines, j'aurois dèsja étée vous trouvers, partout où vous pouviez estre ! Mais ! malgré le miracle qui

309 1225 1969 36 s’oppère sur le mal, dont jay étée accabblée : je ne suis pas encorre au terme de guérison : il me faut réster la ; sur mon cul comme

309 1271 1969 36 un vieux singe, ou m’attendre, si je veux faire mieux : de cheminer avec lélégance, et la vitesse d’une tortue : c’est à dire, de faire

309 1317 1969 36 bravement, quatorze lieux en quinze jours ». Elle peut à peine se traîner aux Tuileries, où elle se campe sur une chaise pour prendre

310 1363 1968 36 l’air. « C’est une vilaine vie, que cela, mon amie, en la comparant ou, même, sans la comparer à notre vie passée... Qu’y faire ! souffrire

308 1410 1970 35 & puis – moudre !.. La belle chute ! »... Elle prie son amie de rappeler à Vigier sa promesse de hâter le départ de Clémentine, qui est

309 1456 1969 35 une charge pénible de dépense... « Je comptais aller à ma campagne incéssament. Mais mes Esculapes en ont autrement ordonnés » ;

308 1502 1970 36 elle n’est pas en état de supporter la voiture. Elle a reçu une lettre « de votre constant adorateur de mon constant, mon bon fils,

309 1548 1968 36 notre hussard », qui va bientôt arriver, et elle prie son amie de la débarrasser de son meuble de perse, afin de mettre un lit pour son

308 1594 313 27 fils dans la chambre...

216 1677 2062 36 f 4. Auguste BARTHOLDI (1834-1904) sculpteur. L.A.S., Paris 8 juin 1885, à M. Talausier ; 1 page in-8, enveloppe (deuil). 120/150

345 1740 1933 36 Il s’inscrit pour le dîner de Scientia, et accuse réception « du n° du Génie civil où il est question du départ de la statue [de la

309 1786 159 35 Liberté] »...

238 1864 2040 41 5. Albert BARTHOLOMÉ (1848-1928) sculpteur. L.A.S., Paris 10 mai 1916, [à Alfred Roll] ; 4 pages in-8. 150/200

345 1932 1933 36 Les journaux annoncent que le Grand Palais pourrait cesser d’être une ambulance, pour être rendu aux expositions. « Les sociétés

309 1978 1970 36 ne manquent pas qui vont se précipiter sur le palais et la Nationale devra veiller pour qu’on ne la dépossède pas »... Il faudrait

308 2024 1969 36 convoquer d’urgence une assemblée générale, qui seule « peut nous rendre une vie légale et légitime. Tout le reste n’est que solution

309 2071 917 35 boiteuse qu’un mécontent pourrait un jour nous reprocher »...

235 2154 2043 36 6. Antoine-Louis BARYE (1795-1875) sculpteur. PS.. [1852] ; 1 page in-8 (signature au crayon). 100/150

344 2217 1934 35 Autorisation à M. MOOSBRUGGER de « faire un dessin du groupe en bronze représentant Un Jaguar dévorant un lièvre et qui se trouve

309 2263 349 27 maintenant au Salon »...

220 2346 2058 36 f 7. Sarah BERNHARDT (1844-1923). L.A.S., [Amérique 1881], à son fils Maurice ; 8 pages in-12 à ses chiffre, emblème et devise. 600/700

345 2411 727 28 BELLE LETTRE À SON FILS PENDANT SA TOURNÉE EN AMÉRIQUE.

343 2455 1935 36 « J'étais malade j’étais triste et un peu découragée. J’ai reçu la dépêche de mon oncle qui me dit Maurice travaille il progresse,

308 2501 1970 36 et ma maladie s’est enfuie à tire-d’ailes et ma tristesse s’est fondue dans la joie et j’ai repris courage. Puisque tu travailles oh ! mon

309 2547 1970 36 mignon fils je suis heureuse [...]. Si tu savais ce qu’il me faut de volonté pour ne pas sauter dans un de ces bateaux qui partent pour

310 2593 1969 36 la France te voir, t’embrasser te prendre sur mes genoux comme lorsque tu étais tout tout petit enfant. Voilà mes rêves de chaque

310 2639 1969 36 nuit ma pensée de chaque heure. Quant je rencontre des grands garçons de ton âge je ne puis m’empêcher de pleurer et cela arrive

310 2685 1969 36 bien souvent hélas. Vois-tu les enfants ne peuvent pas comprendre ce que c’est que les battements de cœur d’une mère ; tu m’aimes

310 2731 1969 36 bien, toi je le sais ; mais ta tendresse n’est rien auprès de ma folie. Je ne vis que pour toi et par toi »... Elle parle aussi de son voyage :

309 2777 1970 36 « C’est bien laid l’Amérique mon cher mignon et je ne regrette pas de ne t’avoir point amené. En traversant les forêts vierges j’ai vu

310 2823 1969 36 quelques crocodiles dans les rivières et puis des forêts en feu mais tout cela est bien plus beau au théâtre les crocodiles sont plus

309 2869 1970 36 gros et les forêts brûlent mieux. Mon oncle te racontera l’accident auquel j’ai échappé. Je pensais à toi en traversant le golfe furieux

308 2915 1971 36 tu aurais trouvé cela très beau mon grand fou mais après tu aurais eu un grand battement de cœur en pensant que cinq minutes de

310 2962 502 35 retard et nous étions engloutis »...

2329 3079 13 24 3
