1424 2299
677 56 138 26 - 11 -

179 129 1151 39 90 Jean, roi de Saxe, né en 1801. — L. a. s., 7 janvier 1843,

233 167 1095 36 2 p. in-4. 12 »

268 202 1063 32 Belle lettre écrite comme commandant général des gardes nationales

234 233 1097 33 auprès du roi Frédéric-Auguste, son frère. Il annonce que le landstag

234 264 1096 33 s’étant séparé il s'est remis à ses travaux littéraires et archéologiques.

181 296 1149 36 91 Jussieu (Ant.-Laurent de), neveu de Bernard et le continua¬

234 332 1098 38 teur de ses découvertes de botanique, né en Lyon. — L. a. s. à

235 368 1095 37 Jacques Laffitte; 14 novembre 1830, 1 p. in-4. 15 »

182 403 1150 38 92 Koutousoff (Michel), prince de Smolensk, un des plus célèbres

236 439 1092 35 feld-maréchaux russes de ce siècle, né en 1745, mort en 1813.

236 475 1095 38 — Let. sig. avec la souscript. aut.; 1789, 1 p. in-4. Piquée

238 508 1093 39 d’humidité dans la partie blanche du bas de la lettre. 30 »

183 546 1149 36 93 Lacondamine (Ch.-M. de), illustre astronome, mathématicien

237 582 1096 41 et voyageur, de l’Académie française. — L. a. s. à l’abbé

237 618 1096 38 Venuti; Rome, 15 août 1755, 1 p. pet. in-4, cachet à ses

238 654 1095 28 armes. Jolie lettre. 18 »

185 690 1148 37 94 La Fontaine (Jean de), le grand fabuliste. — Pièce aut. sig.,

239 723 1093 39 28 septembre 1656, 1/2 p. pet. in-4. Belle pièce. Rare. 80 »

271 762 1064 31 Reçu délivré en sa qualité de maître ancien et triennal des eaux et

238 793 561 31 forêts du duché de Château-Thierry.

186 829 1148 36 95 Lagrange (Ad.-Edouard Lelièvre, marquis de), numismate,

240 864 1095 35 sénateur, membre de l’Institut. — L. a. s. à M. Read ; Paris,

241 900 1092 36 17 février 1849, 2 p. 1/2 in-8. 15 »

276 936 1060 32 Curieuse épitre politique. « L’Italie est en proie aux barbares, la

241 968 1095 32 France est paralysée par le mot sacramentel de république, elle ne

240 999 1096 32 peut agir. Le Président (Napoléon III) continue à se bien conduire; il

240 1031 1096 31 devrait seulement ne pas découcher toutes les nuits; il vaudrait mieux

241 1062 786 31 recevoir ses houris à l’Elysée; ce serait plus sûr. »

187 1098 1150 36 96 La Harpe (F.-C.), instituteur de l’empereur Alexandre Ier,

241 1133 1096 37 directeur de la République helvétique. — L. a. s., Morges,

240 1169 1096 36 22 mai 1813, 2 p. in-4. Curieuse. 5 »

187 1209 1145 38 97 Lamartine (Alphonse de), illustre écrivain et homme d’Etat.

239 1246 1098 37 — L. a. s., Paris, 22 décembre 1863, 1 p. in-8. 6 »

187 1287 1147 37 98 Lamennais, illustre écrivain français, né à Saint-Malo. — L.

241 1323 1096 36 a. s. à Mary Lafon; Paris, 13 mars 1848, 1 p. in-8. 12 »

275 1359 1065 31 Il déclare que si la confiance de ses concitoyens l’appelait à remplir

241 1390 1098 32 les hautes fonctions de représentant du peuple, il croirait de son

241 1422 275 31 devoir d’accepter.

187 1457 1154 36 99 Landon (C.-P.), peintre et écrivain sur la peinture, auteur

242 1492 1097 37 des Annales du Musée. — L. a. s. à M. Arnaud, 1810,1 p. in-4. 5 »

171 1532 1169 37 100 La Ville (l’abbé J.-I. de), diplomate et littérateur, membre

241 1568 1099 40 de l’Académie française, évêque de Tricomie, né vers 1690,

242 1604 1098 35 mort en 1774. — L. a. s. à M. Rodier; Versailles, 23 mai 1765,

242 1641 1097 36 1 p. in-4. Lare. 14 »

171 1679 1165 38 101 Lawrence (sir Thomas), le célèbre peintre de portraits. — L.

242 1717 1098 37 a. s.; (1815), 1 p. in-8. 15 »

173 1756 1167 38 102 Le Bailly (Ant.-F.), un de nos fabulistes modernes qui ont le

241 1792 1101 38 plus approché de La Fontaine, né à Caen. — L. a. s. à M. De¬

240 1827 1100 42 ville, médecin; Paris, 14 avril 1820, 1/2 p. pet. in-4. 8 »

277 1863 1065 34 Spirituelle épitre dans laquelle il est question des Fables de Marie

243 1896 400 25 et du Fablier des Dames.

173 1931 1168 37 103 Leclerc (Daniel), célèbre médecin et littérateur gènevois,

242 1967 1098 34 auteur d’une Histoire de la Médecine, né en 1652, mort en 1728. —

241 2003 1099 37 L. a. s. (à Bernouilli); Genève, 19 octobre 1716, 3 p. in-4. Belle

242 2039 1095 30 et intéressante lettre. 12 »
