1432 2245
613 71 140 27 - 16 -

105 146 1162 41 157 Rossel (Louis-Nathaniel), délégué à la guerre sous la

174 182 1088 38 Commune, né à Saint-Brieuc, fusillé à Satory. — Pièce sig.

175 215 1089 44 au général Eudes; Paris, 1er mai 1871, 1 p. in-4. Rare. 18 »

212 253 1054 33 Pièce officielle de la Commune comme délégué à la guerre sur la

175 285 639 32 répartition des armes dans les régiments.

104 316 1162 38 158 Rousseau (J.-J.), l’illustre écrivain. — L. a. s. à M. Lenieps;

176 351 1090 38 (Montmorency, 18 juin 1761), 1 p. in-8. 60 »

213 388 1055 32 Jolie lettre où il donne des détails sur sa santé. « Mon cher ami, je

175 419 1093 32 viens d’êtré sondé pour la seconde fois avec le plus grand soin, et il

175 451 853 31 est constaté que je n'ai point de pierre dans la vessie. »

106 482 1161 41 159 Sadolet (Jacopo), illustre écrivain du XVIe siècle, secrétaire

176 517 1091 37 de Léon X, évêque de Carpentras. — Let. sig., avec la sous¬

175 553 1090 38 cription aut., au cardinal Morone; 10 juillet 1544, 1 p. in-fol.

178 590 1089 36 Un peu piquée. 15 »

105 625 1163 36 160 Saint-Simon (Max.-H., marquis de), littérateur et botaniste

175 660 1094 37 distingué, auteur d’un livre curieux sur les jacinthes, fixé en

175 697 1095 33 Hollande où il est mort en 1799. — Let. aut.; Amsterdam,

177 732 1092 36 1er mars 1775, 4 p. in-4. Curieuse. 6 »

106 768 1165 37 161 Salvandy (N.-A. de), historien et homme politique, de l’Aca¬

177 803 1094 40 démie française. —L. a. s.; Chantemerle, 26 septembre 1827,

177 834 1094 43 4 p. in-4. 15 »

212 875 1059 31 Lettre des plus curieuses où il donne son opinion sur Voltaire.

179 907 1093 31 « C’est là, à mon sens, le plus grand reproche encouru par Voltaire,

178 938 1097 32 qu’il a toujours flatté, soit l’opinion, soit le pouvoir, qu’il a été le cour¬

177 969 1097 33 tisan de son siècle, au lieu d’être son guide, qu’il a desservi tous les

178 1001 1096 31 mauvais penchants de son temps, pour avoir des succès, au lieu de

178 1033 439 31 tempérer en éclairant. »

110 1063 1165 38 162 Sandeau (Jules), romancier et auteur dramatique, de l’Aca¬

178 1099 1096 38 démie française, mort récemment. — L. a. s. à un journaliste;

180 1135 1094 37 (1846), 1 p. in-8. Jolie lettre. 8 »

109 1170 1166 38 163 Saxe-Weimar (Amélie de Brunswick, duchesse de), prin¬

179 1207 1096 36 cesse célèbre, protectrice de Goethe et de Schiller. — L. a. s.

180 1242 1095 45 à M. Meyer, éditeur des ouvrages de Winckelmann; Tinfurst,

179 1277 1096 38 8 sept. 1797, 2 p. in-4, avec traduction française. 20 »

216 1308 1060 38 Charmants et spirituelle épître par laquelle elle l’invite à venir la

180 1346 1096 32 voir; elle y parle de ses voyages et dit à ce propos. « J’ai appris à

181 1377 1095 32 regarder le monde comme une tapisserie ambulante et de cette

182 1409 654 31 manière je ne m’y trouve pas trop mal. »

111 1440 1166 37 164 Scheffer (Ary), un des plus célèbres peintres de l’école fran¬

182 1476 1097 39 çaise moderne. — L. a. s. à un de ses camarades, 2 p. 1/2

181 1512 1095 30 in-8. 7 »

218 1547 953 33 Belle lettre relative à son tableau La Marguerite à l'Eglise.

113 1578 1164 37 165 Scribe (Eug.), le grand vaudevilliste, de l’Académie française.

183 1608 1094 43 — L. a. s.; 22 juillet 1846, 3 p. in-8. 9 »

219 1650 1060 32 Belle lettre adressée à un compositeur qu’il appelle « mon cher et

186 1681 757 31 illustre maître », pour lui proposer un scénario.

113 1712 1165 38 166 Sibour (M.-D.-Aug.), archevêque de Paris, successeur de

184 1748 1094 38 Monseigneur Affre, né en 1792, assassiné par l’abbé Verger, le

185 1784 1090 37 3 janvier 1857. — L. a. s.; Paris, 19 avril 1852, 3/4 de p. in-8.

183 1821 1095 36 Jolie pièce. 8 »

114 1854 1165 36 167 Simon (Jules), homme d’Etat, de l’Acad. fr. — L. a. s.,

186 1888 1090 49 18 avril 1870, 3 p. in-8. Lettre des plus curieuses sur le plé¬

190 1925 1090 38 biscite 10 »

117 1953 1166 55 Soulary (Joséphin), célèbre poète lyonnais. — L. a. s.

186 1993 1098 42 M. A. Feuillet; 1859, 2 p. in-8. 10 »

307 2056 787 35 Rouen. — Imprimerie J. Lecerf, rue des Bons-Enfants, 46.
