1432 2245
589 114 143 26 - 14 -

145 188 1099 33 chal doit onze cent mille francs à l’ancienne liste civile et que dans ces

146 220 1098 31 conditions il lui est impossible d’autoriser une disposition de la nature

146 251 410 25 de celle dont il l’entretient.

75 282 1169 37 130 Morville (G.-J.-B. Fleuriau de), célèbre homme d’Etat, ambas¬

146 318 1098 35 sadeur en Hollande, membre de l’Académie française, né en

147 354 1097 36 1686, mort en 1732. — L. a. s., 1 p. in-4. Belle lettre. 15 »

76 390 1170 36 131 Muller (J.-H.-F.), célèbre acteur et auteur dramatique alle¬

147 425 1100 37 mand, créateur du ballet à Vienne, protégé de l’empereur

146 461 1099 36 Joseph II, né en 1738, mort en 1815. — L. a. s.; 1763, 1 p. in-f.,

147 497 1098 36 cachet. Superbe lettre. Rare. 14 »

76 532 1166 42 132 Naigeon (J.-S.), célèbre philosophe du XVIIIe siècle. — L. a.

146 568 1099 37 s.: 1784, 1 p. 1 /2 in-4, cachet. Belle lettre. 15 «

76 603 1169 38 133 Napoléon Ier, empereur des Français. — Let. sig. N. au comte

147 634 1099 42 de Montalivet; Paris, 11 mars 1808, 1 p. in-4. 16 »

184 676 1062 26 Curieuse lettre sur la construction d’un certain nombre d’écluses dans

147 707 1098 32 l’Est, et sur les travaux de la Marne pour perfectionner sa navigation

148 739 417 25 entre Paris et Saint-Dizier.

76 770 1169 39 134 Napoléon III, empereur des Français. — Let. sig. au cardinal

147 805 1099 37 Barnabe; 15 janvier 1867, 1 p. in-f., sceau. Superbe pièce. 15 »

76 845 1170 37 135 Necker (Mme), épouse du ministre, femme célèbre du

146 882 1101 34 XVIIIe siècle. — L. a. s. à Bernardin de Saint-Pierre; Saint-

148 917 1098 37 Ouen, 1773, 2 p. in-8, cachet. Rare. 25 »

185 953 1063 32 Charmante épître sur la lecture d’un ouvrage de Bernardin de Saint-

151 985 101 25 Pierre.

77 1020 1169 37 136 Nelson (Horace), le plus illustre marin qu’ait eu l’Angleterre.

146 1056 1102 36 — L. a. s. à lady Hamilton; à bord de la Victory, 30 décembre

148 1091 1099 37 1804, 4 p. pl. in-4. 100 »

185 1127 1063 32 Superbe lettre. Il lui accuse réception de sa dernière lettre où elle lui

147 1159 1102 31 annonçait son voyage dans le Norfolk avec sa « dear adoptive Ha » c’est-

147 1190 1103 31 à-dire sa chère fille adoptive Horatia, âgée alors de quatre ans, Il vou¬

149 1222 755 31 drait revenir en Angleterre pour se rétablir, etc.

76 1257 1173 36 137 Nemours (Louis d’Orléans, duc de), fils de Louis-Philippe. —

149 1292 1099 38 L. a. s. à la marquise...; 25 janvier 1840, 1 p. in-8. Charmante

148 1328 1099 35 épître. 6 »

77 1363 1171 38 138 Nesselrode (Ch.-Robert, comte de), un des plus célèbres

147 1399 1103 37 diplomates de son temps, chancelier de l’empire de Russie. —

150 1435 1098 39 L. a. s., en français, au poète Petroni; Paris, 1810, 1/2 p. in-4,

149 1465 1098 34 cachet. 6 »

77 1510 1170 37 139 Ney (Michel), prince de la Moskowa, illustre maréchal de

150 1546 1098 37 l’Empire. — Let. aut. à M. d'Odeleben (écrivain allemand qui

148 1582 1100 38 suivit Napoléon pendant la campagne de Saxe), juin 1813,

149 1618 1098 36 1 p. 1/4 in-8. 20 »

187 1653 1062 33 Lettre historique écrite après la bataille de Bautzen. Il l’autorise à

149 1685 1100 32 faire un rapport sur cette bataille et sur la marche de l’armée jusqu’à

150 1716 1099 32 ce jour; il entre dans des details sur la disposition des esprits. Il est

149 1747 1100 32 probable qu’on ira bientôt sur Dresde; Torgau et Wittemberg sont au

151 1779 364 31 moment d’être dégagés.

79 1814 1169 37 140 Nodier (Charles), un de nos écrivains les plus originaux, de

150 1850 1099 39 l’Académie française. — L. a. s., Paris, 29 octobre, 1 p. in-8,

151 1887 1097 29 écornée. 6 »

81 1925 1167 37 141 Ollivier (Emile), premier ministre de Napoléon III. — L. a. s.,

152 1962 1095 36 1 p. in-8. 10 »

189 1996 1060 32 Il recommande que l’on publie de suite le discours qu’il vient de

152 2028 1097 33 prononcer, avant l’ensemble de la question romaine. « Cette dernière

152 2059 1098 33 publication lui nuirait, tandis que l’achat de mon discours ne fera que

151 2091 504 26 donner envie de lire les autres. »
