<?xml version="1.0" encoding="utf-8"?>
<alto xmlns="http://www.loc.gov/standards/alto/ns-v4#" xmlns:xsi="http://www.w3.org/2001/XMLSchema-instance" xsi:schemaLocation="http://www.loc.gov/standards/alto/ns-v4# https://gitlab.inria.fr/scripta/escriptorium/-/raw/develop/app/escriptorium/static/alto-4-1-baselines.xsd">
<Description>
<MeasurementUnit>pixel</MeasurementUnit><sourceImageInformation><fileName>1883_10_RDA_N080-7.png</fileName></sourceImageInformation>
<OCRProcessing ID="IdOcr">
<ocrProcessingStep>
<processingDateTime>2020-10-31T11:21:59.412+01:00</processingDateTime>
<processingSoftware>
<softwareCreator>READ COOP</softwareCreator>
<softwareName>Transkribus</softwareName>
</processingSoftware>
</ocrProcessingStep>
</OCRProcessing>
</Description>
<Layout>
<Page HEIGHT="2299" ID="Page1" PHYSICAL_IMG_NR="1" WIDTH="1424">
<TopMargin HEIGHT="93" HPOS="0" VPOS="0" WIDTH="1424"/>
<LeftMargin HEIGHT="2034" HPOS="0" VPOS="93" WIDTH="159"/>
<RightMargin HEIGHT="2034" HPOS="1332" VPOS="93" WIDTH="92"/>
<BottomMargin HEIGHT="172" HPOS="0" VPOS="2127" WIDTH="1424"/>
<PrintSpace HEIGHT="2034" HPOS="159" VPOS="93" WIDTH="1173">
<TextBlock HEIGHT="29" HPOS="667" ID="r_1_1" VPOS="98" WIDTH="126">
<Shape>
<Polygon POINTS="667 98 793 98 793 127 667 127"/>
</Shape>
<TextLine BASELINE="668 126 792 126" HEIGHT="27" HPOS="668" ID="tl_1" VPOS="99" WIDTH="124">
<String CONTENT="- 7 -" HEIGHT="27" HPOS="668" ID="string_tl_1" VPOS="99" WIDTH="124"/>
</TextLine>
</TextBlock>
<TextBlock HEIGHT="129" HPOS="214" ID="r_2_1" VPOS="173" WIDTH="1101">
<Shape>
<Polygon POINTS="214 173 1315 173 1315 302 214 302"/>
</Shape>
<TextLine BASELINE="215 207 1313 207" HEIGHT="33" HPOS="215" ID="tl_2" VPOS="174" WIDTH="1098">
<String CONTENT="essentiel de faire connaître un procédé qui tend à économiser notre" HEIGHT="33" HPOS="215" ID="string_tl_2" VPOS="174" WIDTH="1098"/>
</TextLine>
<TextLine BASELINE="216 238 1313 238" HEIGHT="32" HPOS="216" ID="tl_3" VPOS="206" WIDTH="1097">
<String CONTENT="poudre, surtout dans une circonstance où nous devons ménager tous" HEIGHT="32" HPOS="216" ID="string_tl_3" VPOS="206" WIDTH="1097"/>
</TextLine>
<TextLine BASELINE="219 270 1314 270" HEIGHT="32" HPOS="219" ID="tl_4" VPOS="238" WIDTH="1095">
<String CONTENT="les moyens qui peuvent être employés à triompher de nos ennemis" HEIGHT="32" HPOS="219" ID="string_tl_4" VPOS="238" WIDTH="1095"/>
</TextLine>
<TextLine BASELINE="219 301 994 301" HEIGHT="33" HPOS="219" ID="tl_5" VPOS="268" WIDTH="775">
<String CONTENT="et à assurer notre liberté et notre indépendance. »" HEIGHT="33" HPOS="219" ID="string_tl_5" VPOS="268" WIDTH="775"/>
</TextLine>
</TextBlock>
<TextBlock HEIGHT="38" HPOS="163" ID="r_2_2" VPOS="299" WIDTH="1152">
<Shape>
<Polygon POINTS="163 299 1315 299 1315 337 163 337"/>
</Shape>
<TextLine BASELINE="164 336 1314 336" HEIGHT="36" HPOS="164" ID="tl_6" VPOS="300" WIDTH="1150">
<String CONTENT="51 Du Barry (la comtesse), célèbre maîtresse de Louis XV. —" HEIGHT="36" HPOS="164" ID="string_tl_6" VPOS="300" WIDTH="1150"/>
</TextLine>
</TextBlock>
<TextBlock HEIGHT="67" HPOS="219" ID="r_2_3" VPOS="334" WIDTH="1095">
<Shape>
<Polygon POINTS="219 334 1314 334 1314 401 219 401"/>
</Shape>
<TextLine BASELINE="220 374 1312 374" HEIGHT="39" HPOS="220" ID="tl_7" VPOS="335" WIDTH="1092">
<String CONTENT="Reçu aut. sig.; Louveciennes, 15 février 1784, 1 p. in-8" HEIGHT="39" HPOS="220" ID="string_tl_7" VPOS="335" WIDTH="1092"/>
</TextLine>
<TextLine BASELINE="220 400 1313 400" HEIGHT="35" HPOS="220" ID="tl_8" VPOS="365" WIDTH="1093">
<String CONTENT="obl. 17 »" HEIGHT="35" HPOS="220" ID="string_tl_8" VPOS="365" WIDTH="1093"/>
</TextLine>
</TextBlock>
<TextBlock HEIGHT="42" HPOS="164" ID="r_2_4" VPOS="406" WIDTH="1149">
<Shape>
<Polygon POINTS="164 406 1313 406 1313 448 164 448"/>
</Shape>
<TextLine BASELINE="165 447 1312 447" HEIGHT="40" HPOS="165" ID="tl_9" VPOS="407" WIDTH="1147">
<String CONTENT="52 Du Bois (J.-P.-J.), géographe français du XVIIIe siècle, au" HEIGHT="40" HPOS="165" ID="string_tl_9" VPOS="407" WIDTH="1147"/>
</TextLine>
</TextBlock>
<TextBlock HEIGHT="181" HPOS="218" ID="r_2_5" VPOS="442" WIDTH="1099">
<Shape>
<Polygon POINTS="218 442 1317 442 1317 623 218 623"/>
</Shape>
<TextLine BASELINE="219 481 1314 481" HEIGHT="38" HPOS="219" ID="tl_10" VPOS="443" WIDTH="1095">
<String CONTENT="service du roi de Pologne, et qui accompagna en qualité de" HEIGHT="38" HPOS="219" ID="string_tl_10" VPOS="443" WIDTH="1095"/>
</TextLine>
<TextLine BASELINE="219 517 1315 517" HEIGHT="39" HPOS="219" ID="tl_11" VPOS="478" WIDTH="1096">
<String CONTENT="secrétaire une ambassade envoyée par ce monarque en Hol¬" HEIGHT="39" HPOS="219" ID="string_tl_11" VPOS="478" WIDTH="1096"/>
</TextLine>
<TextLine BASELINE="220 551 1316 551" HEIGHT="37" HPOS="220" ID="tl_12" VPOS="514" WIDTH="1096">
<String CONTENT="lande. — La Sainte Bible et le Nouveau Testament, mise en vers par" HEIGHT="37" HPOS="220" ID="string_tl_12" VPOS="514" WIDTH="1096"/>
</TextLine>
<TextLine BASELINE="219 587 1316 587" HEIGHT="37" HPOS="219" ID="tl_13" VPOS="550" WIDTH="1097">
<String CONTENT="J.-P.-J. Du Bois, copie du temps avec dédicaces, au comte et à" HEIGHT="37" HPOS="219" ID="string_tl_13" VPOS="550" WIDTH="1097"/>
</TextLine>
<TextLine BASELINE="221 622 1314 622" HEIGHT="36" HPOS="221" ID="tl_14" VPOS="586" WIDTH="1093">
<String CONTENT="la comtesse de Brühl, 52 p. in-4. 10 »" HEIGHT="36" HPOS="221" ID="string_tl_14" VPOS="586" WIDTH="1093"/>
</TextLine>
</TextBlock>
<TextBlock HEIGHT="40" HPOS="166" ID="r_2_6" VPOS="620" WIDTH="1150">
<Shape>
<Polygon POINTS="166 620 1316 620 1316 660 166 660"/>
</Shape>
<TextLine BASELINE="167 659 1315 659" HEIGHT="38" HPOS="167" ID="tl_15" VPOS="621" WIDTH="1148">
<String CONTENT="53 Duhamel-Dumonceau (H.-L.), illustre botaniste et agro¬" HEIGHT="38" HPOS="167" ID="string_tl_15" VPOS="621" WIDTH="1148"/>
</TextLine>
</TextBlock>
<TextBlock HEIGHT="103" HPOS="219" ID="r_2_7" VPOS="655" WIDTH="1098">
<Shape>
<Polygon POINTS="219 655 1317 655 1317 758 219 758"/>
</Shape>
<TextLine BASELINE="222 687 1314 687" HEIGHT="31" HPOS="222" ID="tl_16" VPOS="656" WIDTH="1092">
<String CONTENT="nome, le créateur de la science de l'arboriculture. — L. a. s." HEIGHT="31" HPOS="222" ID="string_tl_16" VPOS="656" WIDTH="1092"/>
</TextLine>
<TextLine BASELINE="220 731 1316 731" HEIGHT="38" HPOS="220" ID="tl_17" VPOS="693" WIDTH="1096">
<String CONTENT="(au physicien Ludot, de Troyes); 1er août (1751), 5 p. 1/4" HEIGHT="38" HPOS="220" ID="string_tl_17" VPOS="693" WIDTH="1096"/>
</TextLine>
<TextLine BASELINE="222 757 1314 757" HEIGHT="28" HPOS="222" ID="tl_18" VPOS="729" WIDTH="1092">
<String CONTENT="in-4. 7 »" HEIGHT="28" HPOS="222" ID="string_tl_18" VPOS="729" WIDTH="1092"/>
</TextLine>
</TextBlock>
<TextBlock HEIGHT="128" HPOS="222" ID="r_2_8" VPOS="764" WIDTH="1095">
<Shape>
<Polygon POINTS="222 764 1317 764 1317 892 222 892"/>
</Shape>
<TextLine BASELINE="252 797 1316 797" HEIGHT="32" HPOS="252" ID="tl_19" VPOS="765" WIDTH="1064">
<String CONTENT="Superbe lettre scientifique, dans laquelle il se défend d’avoir attaqué" HEIGHT="32" HPOS="252" ID="string_tl_19" VPOS="765" WIDTH="1064"/>
</TextLine>
<TextLine BASELINE="225 829 1316 829" HEIGHT="32" HPOS="225" ID="tl_20" VPOS="797" WIDTH="1091">
<String CONTENT="Ludot au sujet d’expériences de botanique. Il en prend à témoin" HEIGHT="32" HPOS="225" ID="string_tl_20" VPOS="797" WIDTH="1091"/>
</TextLine>
<TextLine BASELINE="223 861 1314 861" HEIGHT="33" HPOS="223" ID="tl_21" VPOS="828" WIDTH="1091">
<String CONTENT="M. de Jussieu, et il saisit cette occasion pour exposer la méthode qu’il" HEIGHT="33" HPOS="223" ID="string_tl_21" VPOS="828" WIDTH="1091"/>
</TextLine>
<TextLine BASELINE="224 891 957 891" HEIGHT="32" HPOS="224" ID="tl_22" VPOS="859" WIDTH="733">
<String CONTENT="emploie pour composer et publier ses ouvrages." HEIGHT="32" HPOS="224" ID="string_tl_22" VPOS="859" WIDTH="733"/>
</TextLine>
</TextBlock>
<TextBlock HEIGHT="43" HPOS="167" ID="r_2_9" VPOS="890" WIDTH="1148">
<Shape>
<Polygon POINTS="167 890 1315 890 1315 933 167 933"/>
</Shape>
<TextLine BASELINE="168 932 1314 932" HEIGHT="41" HPOS="168" ID="tl_23" VPOS="891" WIDTH="1146">
<String CONTENT="54 Dumas (Alexandre) père, le grand romancier. — Pièce de" HEIGHT="41" HPOS="168" ID="string_tl_23" VPOS="891" WIDTH="1146"/>
</TextLine>
</TextBlock>
<TextBlock HEIGHT="38" HPOS="222" ID="r_2_10" VPOS="926" WIDTH="1092">
<Shape>
<Polygon POINTS="222 926 1314 926 1314 964 222 964"/>
</Shape>
<TextLine BASELINE="223 963 1313 963" HEIGHT="36" HPOS="223" ID="tl_24" VPOS="927" WIDTH="1090">
<String CONTENT="vers aut. sig., 4 p. pl. in-4. 30 »" HEIGHT="36" HPOS="223" ID="string_tl_24" VPOS="927" WIDTH="1090"/>
</TextLine>
</TextBlock>
<TextBlock HEIGHT="33" HPOS="253" ID="r_2_11" VPOS="962" WIDTH="941">
<Shape>
<Polygon POINTS="253 962 1194 962 1194 995 253 995"/>
</Shape>
<TextLine BASELINE="254 994 1193 994" HEIGHT="31" HPOS="254" ID="tl_25" VPOS="963" WIDTH="939">
<String CONTENT="Superbe pièce en l’honneur du grand navigateur Lapérouse." HEIGHT="31" HPOS="254" ID="string_tl_25" VPOS="963" WIDTH="939"/>
</TextLine>
</TextBlock>
<TextBlock HEIGHT="38" HPOS="166" ID="r_2_12" VPOS="994" WIDTH="1150">
<Shape>
<Polygon POINTS="166 994 1316 994 1316 1032 166 1032"/>
</Shape>
<TextLine BASELINE="167 1031 1315 1031" HEIGHT="36" HPOS="167" ID="tl_26" VPOS="995" WIDTH="1148">
<String CONTENT="55 Du Tillot (Guillaume), marquis de Félino, ministre des" HEIGHT="36" HPOS="167" ID="string_tl_26" VPOS="995" WIDTH="1148"/>
</TextLine>
</TextBlock>
<TextBlock HEIGHT="182" HPOS="220" ID="r_2_13" VPOS="1029" WIDTH="1097">
<Shape>
<Polygon POINTS="220 1029 1317 1029 1317 1211 220 1211"/>
</Shape>
<TextLine BASELINE="222 1072 1311 1072" HEIGHT="42" HPOS="222" ID="tl_27" VPOS="1030" WIDTH="1089">
<String CONTENT="infants don Philippe et Ferdinand de Parme, célèbre par la" HEIGHT="42" HPOS="222" ID="string_tl_27" VPOS="1030" WIDTH="1089"/>
</TextLine>
<TextLine BASELINE="221 1103 1315 1103" HEIGHT="37" HPOS="221" ID="tl_28" VPOS="1066" WIDTH="1094">
<String CONTENT="vigueur de ses réformes, appelé par Duclos le grand ministre" HEIGHT="37" HPOS="221" ID="string_tl_28" VPOS="1066" WIDTH="1094"/>
</TextLine>
<TextLine BASELINE="222 1138 1316 1138" HEIGHT="36" HPOS="222" ID="tl_29" VPOS="1102" WIDTH="1094">
<String CONTENT="d’un petit Etat, né en 1711, mort en 1774. — Let. sig., avec la" HEIGHT="36" HPOS="222" ID="string_tl_29" VPOS="1102" WIDTH="1094"/>
</TextLine>
<TextLine BASELINE="222 1174 1312 1174" HEIGHT="36" HPOS="222" ID="tl_30" VPOS="1138" WIDTH="1090">
<String CONTENT="souscript. aut., au comte de Firmian, à Milan; Parme, 8 no¬" HEIGHT="36" HPOS="222" ID="string_tl_30" VPOS="1138" WIDTH="1090"/>
</TextLine>
<TextLine BASELINE="223 1210 1313 1210" HEIGHT="36" HPOS="223" ID="tl_31" VPOS="1174" WIDTH="1090">
<String CONTENT="vembre 1788, 2 p. in-fol. Superbe lettre. 15 »" HEIGHT="36" HPOS="223" ID="string_tl_31" VPOS="1174" WIDTH="1090"/>
</TextLine>
</TextBlock>
<TextBlock HEIGHT="40" HPOS="170" ID="r_2_14" VPOS="1207" WIDTH="1147">
<Shape>
<Polygon POINTS="170 1207 1317 1207 1317 1247 170 1247"/>
</Shape>
<TextLine BASELINE="171 1246 1316 1246" HEIGHT="38" HPOS="171" ID="tl_32" VPOS="1208" WIDTH="1145">
<String CONTENT="56 Elderen (Jean-Louis, baron d’), célèbre prélat du XVIIe siècle," HEIGHT="38" HPOS="171" ID="string_tl_32" VPOS="1208" WIDTH="1145"/>
</TextLine>
</TextBlock>
<TextBlock HEIGHT="138" HPOS="224" ID="r_2_15" VPOS="1244" WIDTH="1095">
<Shape>
<Polygon POINTS="224 1244 1319 1244 1319 1382 224 1382"/>
</Shape>
<TextLine BASELINE="225 1283 1318 1283" HEIGHT="38" HPOS="225" ID="tl_33" VPOS="1245" WIDTH="1093">
<String CONTENT="grand doyen et évêque de Liège, élu contre le gré de la" HEIGHT="38" HPOS="225" ID="string_tl_33" VPOS="1245" WIDTH="1093"/>
</TextLine>
<TextLine BASELINE="228 1318 1315 1318" HEIGHT="37" HPOS="228" ID="tl_34" VPOS="1281" WIDTH="1087">
<String CONTENT="France. — Let. sig., avec la souscript. aut., au roi d’Angleterre" HEIGHT="37" HPOS="228" ID="string_tl_34" VPOS="1281" WIDTH="1087"/>
</TextLine>
<TextLine BASELINE="226 1354 1316 1354" HEIGHT="38" HPOS="226" ID="tl_35" VPOS="1316" WIDTH="1090">
<String CONTENT="(Guillaume III); Liège, 3 décembre 1693, 2 p. in-fol. Belle" HEIGHT="38" HPOS="226" ID="string_tl_35" VPOS="1316" WIDTH="1090"/>
</TextLine>
<TextLine BASELINE="226 1381 1316 1381" HEIGHT="28" HPOS="226" ID="tl_36" VPOS="1353" WIDTH="1090">
<String CONTENT="lettre. 16 »" HEIGHT="28" HPOS="226" ID="string_tl_36" VPOS="1353" WIDTH="1090"/>
</TextLine>
</TextBlock>
<TextBlock HEIGHT="39" HPOS="173" ID="r_2_16" VPOS="1387" WIDTH="1146">
<Shape>
<Polygon POINTS="173 1387 1319 1387 1319 1426 173 1426"/>
</Shape>
<TextLine BASELINE="174 1425 1318 1425" HEIGHT="37" HPOS="174" ID="tl_37" VPOS="1388" WIDTH="1144">
<String CONTENT="57 Estrées (le card. César d'), évêque de Laon, ambassadeur de" HEIGHT="37" HPOS="174" ID="string_tl_37" VPOS="1388" WIDTH="1144"/>
</TextLine>
</TextBlock>
<TextBlock HEIGHT="110" HPOS="224" ID="r_2_17" VPOS="1423" WIDTH="1095">
<Shape>
<Polygon POINTS="224 1423 1319 1423 1319 1533 224 1533"/>
</Shape>
<TextLine BASELINE="225 1458 1318 1458" HEIGHT="34" HPOS="225" ID="tl_38" VPOS="1424" WIDTH="1093">
<String CONTENT="Louis XIV à Rome, un des auteurs de la Guirlande de Julie," HEIGHT="34" HPOS="225" ID="string_tl_38" VPOS="1424" WIDTH="1093"/>
</TextLine>
<TextLine BASELINE="227 1496 1318 1496" HEIGHT="36" HPOS="227" ID="tl_39" VPOS="1460" WIDTH="1091">
<String CONTENT="membre de l’Académie française. — L. a. s., en italien;" HEIGHT="36" HPOS="227" ID="string_tl_39" VPOS="1460" WIDTH="1091"/>
</TextLine>
<TextLine BASELINE="225 1532 1318 1532" HEIGHT="36" HPOS="225" ID="tl_40" VPOS="1496" WIDTH="1093">
<String CONTENT="21 mai 1696, 1 p. in-8. Jolie lettre. 14 »" HEIGHT="36" HPOS="225" ID="string_tl_40" VPOS="1496" WIDTH="1093"/>
</TextLine>
</TextBlock>
<TextBlock HEIGHT="103" HPOS="172" ID="r_2_18" VPOS="1530" WIDTH="1151">
<Shape>
<Polygon POINTS="172 1530 1323 1530 1323 1633 172 1633"/>
</Shape>
<TextLine BASELINE="173 1568 1320 1568" HEIGHT="37" HPOS="173" ID="tl_41" VPOS="1531" WIDTH="1147">
<String CONTENT="58 Eudes (F.), célèbre général de la Commune, inspecteur des" HEIGHT="37" HPOS="173" ID="string_tl_41" VPOS="1531" WIDTH="1147"/>
</TextLine>
<TextLine BASELINE="227 1604 1322 1604" HEIGHT="37" HPOS="227" ID="tl_42" VPOS="1567" WIDTH="1095">
<String CONTENT="forts du Sud. — Pièce aut. sig., 3/4 de p. in-8., cachet de la" HEIGHT="37" HPOS="227" ID="string_tl_42" VPOS="1567" WIDTH="1095"/>
</TextLine>
<TextLine BASELINE="229 1632 1320 1632" HEIGHT="29" HPOS="229" ID="tl_43" VPOS="1603" WIDTH="1091">
<String CONTENT="Commune. 15 »" HEIGHT="29" HPOS="229" ID="string_tl_43" VPOS="1603" WIDTH="1091"/>
</TextLine>
</TextBlock>
<TextBlock HEIGHT="97" HPOS="226" ID="r_2_19" VPOS="1638" WIDTH="1097">
<Shape>
<Polygon POINTS="226 1638 1323 1638 1323 1735 226 1735"/>
</Shape>
<TextLine BASELINE="258 1671 1322 1671" HEIGHT="32" HPOS="258" ID="tl_44" VPOS="1639" WIDTH="1064">
<String CONTENT="Reçu de l’intendant général la somme de 6,000 francs pour les frais" HEIGHT="32" HPOS="258" ID="string_tl_44" VPOS="1639" WIDTH="1064"/>
</TextLine>
<TextLine BASELINE="228 1702 1321 1702" HEIGHT="31" HPOS="228" ID="tl_45" VPOS="1671" WIDTH="1093">
<String CONTENT="généraux nécessités par son commandement. — Une note en marge" HEIGHT="31" HPOS="228" ID="string_tl_45" VPOS="1671" WIDTH="1093"/>
</TextLine>
<TextLine BASELINE="227 1734 1178 1734" HEIGHT="32" HPOS="227" ID="tl_46" VPOS="1702" WIDTH="951">
<String CONTENT="indique que le général Cluseret a refusé le visa de cette pièce." HEIGHT="32" HPOS="227" ID="string_tl_46" VPOS="1702" WIDTH="951"/>
</TextLine>
</TextBlock>
<TextBlock HEIGHT="74" HPOS="173" ID="r_2_20" VPOS="1732" WIDTH="1151">
<Shape>
<Polygon POINTS="173 1732 1324 1732 1324 1806 173 1806"/>
</Shape>
<TextLine BASELINE="174 1771 1323 1771" HEIGHT="38" HPOS="174" ID="tl_47" VPOS="1733" WIDTH="1149">
<String CONTENT="59 Faure (Jules), le célèbre baryton. — L. a. s. (à Auber), 3/4" HEIGHT="38" HPOS="174" ID="string_tl_47" VPOS="1733" WIDTH="1149"/>
</TextLine>
<TextLine BASELINE="228 1805 1323 1805" HEIGHT="36" HPOS="228" ID="tl_48" VPOS="1769" WIDTH="1095">
<String CONTENT="de p. in-8. Jolie lettre. 5 »" HEIGHT="36" HPOS="228" ID="string_tl_48" VPOS="1769" WIDTH="1095"/>
</TextLine>
</TextBlock>
<TextBlock HEIGHT="39" HPOS="175" ID="r_2_21" VPOS="1804" WIDTH="1151">
<Shape>
<Polygon POINTS="175 1804 1326 1804 1326 1843 175 1843"/>
</Shape>
<TextLine BASELINE="176 1842 1325 1842" HEIGHT="37" HPOS="176" ID="tl_49" VPOS="1805" WIDTH="1149">
<String CONTENT="60 Ferdinand III, empereur d’Allemagne. — Let. sig. à" HEIGHT="37" HPOS="176" ID="string_tl_49" VPOS="1805" WIDTH="1149"/>
</TextLine>
</TextBlock>
<TextBlock HEIGHT="66" HPOS="228" ID="r_2_22" VPOS="1839" WIDTH="1097">
<Shape>
<Polygon POINTS="228 1839 1325 1839 1325 1905 228 1905"/>
</Shape>
<TextLine BASELINE="229 1878 1324 1878" HEIGHT="38" HPOS="229" ID="tl_50" VPOS="1840" WIDTH="1095">
<String CONTENT="Piccolomini; château d’Eberstorf, 10 septembre 1639, 2 p. in-fol.," HEIGHT="38" HPOS="229" ID="string_tl_50" VPOS="1840" WIDTH="1095"/>
</TextLine>
<TextLine BASELINE="230 1904 1322 1904" HEIGHT="27" HPOS="230" ID="tl_51" VPOS="1877" WIDTH="1092">
<String CONTENT="sceau. 15 »" HEIGHT="27" HPOS="230" ID="string_tl_51" VPOS="1877" WIDTH="1092"/>
</TextLine>
</TextBlock>
<TextBlock HEIGHT="65" HPOS="229" ID="r_2_23" VPOS="1911" WIDTH="1098">
<Shape>
<Polygon POINTS="229 1911 1327 1911 1327 1976 229 1976"/>
</Shape>
<TextLine BASELINE="262 1944 1326 1944" HEIGHT="32" HPOS="262" ID="tl_52" VPOS="1912" WIDTH="1064">
<String CONTENT="Il le félicite sur le don que vient de lui faire le roi d’Espagne, Phi¬" HEIGHT="32" HPOS="262" ID="string_tl_52" VPOS="1912" WIDTH="1064"/>
</TextLine>
<TextLine BASELINE="230 1975 670 1975" HEIGHT="31" HPOS="230" ID="tl_53" VPOS="1944" WIDTH="440">
<String CONTENT="lippe IV, du duché d’Amalfi." HEIGHT="31" HPOS="230" ID="string_tl_53" VPOS="1944" WIDTH="440"/>
</TextLine>
</TextBlock>
<TextBlock HEIGHT="147" HPOS="177" ID="r_2_24" VPOS="1974" WIDTH="1149">
<Shape>
<Polygon POINTS="177 1974 1326 1974 1326 2121 177 2121"/>
</Shape>
<TextLine BASELINE="178 2011 1324 2011" HEIGHT="36" HPOS="178" ID="tl_54" VPOS="1975" WIDTH="1146">
<String CONTENT="61 Ferdinand, infant et duc de Parme, l’élève de Condillac, né" HEIGHT="36" HPOS="178" ID="string_tl_54" VPOS="1975" WIDTH="1146"/>
</TextLine>
<TextLine BASELINE="230 2050 1323 2050" HEIGHT="39" HPOS="230" ID="tl_55" VPOS="2011" WIDTH="1093">
<String CONTENT="en 1751, mort en 1802. — L. a. s., en français, au comte" HEIGHT="39" HPOS="230" ID="string_tl_55" VPOS="2011" WIDTH="1093"/>
</TextLine>
<TextLine BASELINE="231 2085 1325 2085" HEIGHT="38" HPOS="231" ID="tl_56" VPOS="2047" WIDTH="1094">
<String CONTENT="d’Argental; Colorno, 7 janvier 1780, 1 p. pet. in-4, cachet à" HEIGHT="38" HPOS="231" ID="string_tl_56" VPOS="2047" WIDTH="1094"/>
</TextLine>
<TextLine BASELINE="232 2120 1324 2120" HEIGHT="37" HPOS="232" ID="tl_57" VPOS="2083" WIDTH="1092">
<String CONTENT="ses armes. Très jolie lettre. 16 »" HEIGHT="37" HPOS="232" ID="string_tl_57" VPOS="2083" WIDTH="1092"/>
</TextLine>
</TextBlock>
</PrintSpace>
</Page>
</Layout>
</alto>