1432 2245
655 137 121 46 - 2 -

170 218 1127 38 5 Andrieux (Fr.-Guill.-J.-S.), poète comique, de l'Acad. franc.,

207 255 1091 36 né en 1759, mort en 1833. — L. a. s. à M. Valant, homme de

207 290 1092 38 lettres; 17 janvier 1829, 1 p. in-4. 5 »

236 327 1065 32 Il repousse l’épithète de favori d'Apollon et regrette de ne pouvoir

205 358 1096 37 prendre d’engagement vis-vis du désir qu’il lui exprime de se présenter

204 389 1097 32 à l’Académie française, le règlement défendant formellement de dis¬

205 421 336 31 poser de son suffrage.

170 452 1132 35 6 Anne d’Autriche, reine de France, femme de Louis XIII. —

205 487 1095 37 L. a. s., 1 p. in-4. Belle lettre. 45 »

171 521 1129 39 7 Argencourt (Pierre de Conty d’), célèbre ingénieur du règne

205 559 1097 45 de Louis XIII, protégé par Richelieu, connu par ses travaux

205 588 1096 44 pour la construction de la digue de La Rochelle. — Quittance

205 631 1095 36 sig., 1625, 1 p. in-8 oblong. Rare. 11 »

170 666 1132 41 8 Armaignac, gentilhomme français du XVIe siècle, fidèle valet

206 702 1095 37 de chambre de Henri IV qu'il aida à fuir de St-Germain, le

205 738 1096 36 20 février 1576; il est souvent parlé de lui dans les Mémoires de

206 773 1095 37 d'Aubigné. — P. s.; Nérac, 31 août 1579, 1. p. in-4. 12 »

242 810 1062 29 Pièce curieuse. Il reconnaît avoir reçu du trésorier du roi de Na¬

207 841 1095 31 varre la somme de 200 livres à lui comptées pour la pension et l’entre¬

206 872 607 26 tien annuels de son fris «aux escolles».

170 903 1136 37 9 Artistes, 4 feuilles de présence, 10 pages in-f. — Ces feuilles

208 939 1097 37 contiennent environ 300 signatures de peintres, statuaires,

206 975 1099 34 musiciens, acteurs, hommes de lettres, etc. 15 »

245 1010 1066 33 On remarque dans le nombre : Isabey père, Auber, Léon de La¬

207 1042 1098 32 borde, Farochon, Rohaul de Fleury, Justin Ouvrié, Samson, Signol,

206 1073 1064 33 Dantan jeune, Mainvielle, Menjaud, Elwart, Vogt, Habeneck, etc.

155 1104 1151 38 10 Aumale (Mlle d'), amie et secrétaire de Mme de Maintenon. —

208 1141 1099 36 L. a. s. au cardinal de Fleury; Soissons, 5 octobre 1739,

207 1177 1099 35 2 p. in-4. 16 »

156 1211 1150 37 11 Banks (Jos.), célèbre naturaliste et voyageur anglais du

206 1248 1102 36 XVIIIe siècle, compagnon du capitaine Cook, né en 1740, mort

208 1283 1098 37 en 1820. — L.a. s. à M. John lngen Housz, à Vienne; Londres,

209 1319 1097 37 1782, 4 p. in-4. Très belle lettre scientifique. 15 »

156 1354 1151 38 12 Banville (Théodore de), poète romantique. — Le Pressoir, très

205 1390 1101 37 jolie pièce de vers aut. sig., 1 p. 1/2 in-4. 15 »

157 1426 1151 37 13 Barante (A.-G.-P., baron de), historien des ducs de Bour¬

209 1462 1098 38 gogne, de l'Académie française. — L. a. s. (à Philarète Chasles);

211 1495 1097 40 1 juillet 1861, 1 p. 1/2 in-8. 10 »

245 1533 1065 31 Curieuse lettre où il lui accuse réception de son ouvrage sur les

210 1564 1099 30 Mœurs de l'Italie au commencement du XVIIe siècle et fait l’éloge de

210 1596 1100 31 son talent. Il lui rappelle qu’il est toujours disposé à lui donner son suf¬

212 1627 1099 32 frage à l’Académie française. «On est obligé de choisir, non point

211 1659 1100 31 d’après le mérite des candidats, mais d’après les chances probables

212 1690 1099 32 de succès. » (On sait que Philarète Chasles était depuis longtemps sur

212 1721 1096 32 les rangs, mais, que son caractère difficile, qui lui avait créé beaucoup

211 1753 559 30 d’ennemis, fut toujours un obstacle).

160 1784 1149 36 14 Barthélemy (A.-M.), poète, auteur de Némésis, né en 1796,

213 1820 1095 36 mort en 1867. — L. a. s. à Mme Le Chevalier; Londres, 4 mai

214 1856 1095 36 1848, 3 p. in-4, cachet. 5 »

250 1891 740 32 Il exprime ses craintes sur la situation politique.

161 1922 1150 36 15 Beaumarchais (Caron de), l'auteur du Mariage de Figaro. — L.

214 1958 1097 37 a. s. au libraire Bossange; 17 nivôse an 7, 1 p. in-8. 30 »

249 1994 1064 33 Spirituelle épitre. « Vous savés que le cuivre des œufs gravés, qu’à

213 2025 1101 33 pondus notre grand Voltaire, nous manque : vous savés même que les

212 2057 1102 31 7 exemplaires livrés sont privés de cette gravure! J’en suis chagrin. Il

214 2088 1097 32 nous faut fondre (non cette cloche), car ce n’est qu’une sonnette. Mais

216 2119 462 26 efin il nous faut la fondre! »
