1424 2299
627 97 141 28 - 13 -

115 171 1165 39 116 Marrast (Armand), rédacteur en chef du National, président

187 207 1093 31 de l’Assemblée constituante en 1848. — L. a. s. à l’éditeur

186 243 1093 37 Ladvocat; Sainte-Pélagie, 1er fév. 1832, 2 p. in-8. Curieuse. 8 »

115 279 1166 38 117 Maximilien Ier, empereur d’Allemagne.— Pièce sig. sur

186 315 1093 37 vélin; Cœnelens, 16 avril 1509, 1 p. in-fol. obl. Un peu

187 351 1093 34 fripée. 22 »

222 385 1059 34 Ordre de payer un trimestre de ses gages à son secrétaire, Antoine

187 418 243 31 de Waudripont.

116 450 1164 40 118 Maximilien-Joseph Ier, roi de Bavière. — L. a. s., en français,

188 481 1093 42 au marquis de Cubières; Nymphenbourg, 22 juin 1821, 1 p.

189 521 1092 36 pet. in-4, cachet à ses armes. Jolie lettre. 12 »

117 557 1165 36 119 Mazarin (le cardinal), l’illustre homme d’Etat. — L. a. s., en

188 593 1094 36 italien, à un prélat; Paris, 8 avril 1640, 2 p. in-4. 40 »

224 628 1060 33 Au sujet de la mission dont il est question de le charger au congrès

188 660 643 31 de Cologne pour la conclusion de la paix.

116 692 1167 36 120 Méhégan (J.-A.-T. de), maréchal de camp, officier distingué

189 727 1093 38 qui se signala par sa bravoure durant la guerre de Sept Ans,

189 763 1093 37 mort en 1792.— L. a. s. au duc...; Gotha, 16 mai 1762, 3 p. pet.

188 799 1094 28 in-4. Belle lettre. 15 »

118 834 1166 37 121 Melanchton (Philippe), l’illustre réformateur. — Pièce aut.

190 870 1094 36 sig., en latin, 1 p. in-fol. 20 »

118 906 1168 36 122 Mélissus (Paul), un des plus célèbres poètes latins allemands

189 941 1096 35 du XVIe siècle, ami de Ramus et d’Henri Estienne, surnommé

190 977 1096 36 le Pindare de l’Allemagne, né en 1539, mort en 1602. — L. a. s., en

190 1013 1095 37 latin, à Juste Lipse; Paris, 4 mars 1585, 1 p. in-4. Rare. 25 »

225 1049 1061 31 Il ne voulait pas lui écrire, lui ayant déjà adressé deux lettres avec

188 1080 1099 32 le poème de de Thou (probablement le de re accepitraria). Il s'inquiète

191 1112 1095 31 de sa maladie et lui donne des conseils pour sa santé. Douza va

193 1143 903 25 bientôt sans doute les accabler de ses vers et de ses lettres.

124 1174 1165 37 123 Mengs (Ant.-Raphaël), un des plus célèbres peintres de l’Alle¬

195 1210 1093 37 magne, né en Bohême en 1728, mort en 1779. — L. a. s., en italien;

196 1245 1092 38 13 décembre 1768, 3/4 de p. in-8. 30 »

124 1282 1167 36 124 Metternich (le prince de), le célèbre diplomate autrichien. —

195 1317 1094 37 L. a. s., Kœnigsmark, 3 octobre 1855, 2 p. 3/4 in-8. 15 »

231 1351 1059 34 Très curieuse lettre dans laquelle il dit que n'ayant plus à gouver¬

196 1379 1095 37 ner les hommes, il songe à écrire des mémoires, il compare la guerre

197 1416 987 31 entre la France et la Russie à un cataclysme ante-diluvien, etc.

126 1447 1167 34 125 Mignard (Pierre), le grand peintre.— Quittance sig. sur

198 1482 1093 36 vélin; 1693, in-8. 20 »

126 1523 1166 36 126 Mirabeau (H.-G.-R., comte de), l’illustre orateur. — L. a. s.;

198 1558 1092 38 (château de Vincennes), 17 août 1778, 1 p. in-8. 30 »

236 1595 1058 32 Jolie lettre écrite de prison, dans laquelle il est question de son amie

200 1627 280 31 (Sophie Monnier).

129 1661 1164 37 127 Molé (le comte Mathieu), célèbre homme d’Etat, ministre de

199 1698 1094 36 Louis-Philippe, de l’Académie française. — L. a. s. au baron...;

199 1728 1095 42 Paris, 23 mai 1844, 1 p. in-8. 10 »

238 1769 938 31 Belle lettre de recommandation en faveur d’Alfred de Vigny.

129 1805 1165 37 128 Monck (Georges), duc d’Albemarle, célèbre général anglais,

200 1841 1095 36 le restaurateur de Charles II. — Let. sig. au colonel Robert

199 1877 1095 37 Bennet; 12 mars 1659, 1/2 p. in-f. 15 »

129 1916 1166 38 129 Montalivet (Marc-Camille, comte de), ministre du roi Louis-

200 1952 1095 38 Philippe. — Let. sig. au baron de Perregaux; Paris, 23 sep¬

200 1988 1095 37 tembre 1830, 1 p. in-f. 10 »

240 2023 1057 33 Il regrette de ne pas pouvoir accéder au désir du maréchal Marmont

203 2054 1092 33 qui réclame, par son intermédiaire, une voiture lui appartenant et qui se

202 2086 1094 32 trouve déposée dans les remises des Tuileries; il l’informe que le maré¬
