1683 2207
1360 24 308 40 <b>BELGIQUE</b>

321 474 793 43 Commissaire Général : <b>Jean Van Lerberghe</b>

322 503 1010 49 Conseiller Artistique du Ministère de l’Instruction Publique.

161 790 1373 54 La cimaise de la Biennale de Paris étant réservée exclusivement aux jeunes,

126 839 1411 65 je me suis demandé pourquoi ne pas réserver à ces artistes également la

130 890 1405 63 partie « textes ». J’ai donc demandé à certains d’entre eux de formuler en

131 944 1249 60 peu de mots ce qu'ils désirent réaliser en peignant ou en sculptant.

164 991 1376 61 Jef Verheyen, représentant du groupe anversois Hessenhuis, qui s’impose

133 1041 1407 64 par une très grande activité, est un subjectif avoué : « L’action qu’exerce la

134 1093 1407 63 peinture, écrit-il, se développe au plus intime de notre être. Echappant à toute

133 1143 1409 63 approche raisonnée, elle prend racine dans la totalité des phénomènes...

136 1194 1408 59 Ni l'histoire, ni le temps ne pourront un jour révéler la vérité picturale, puisque

135 1245 1411 56 celle-ci existe dans l'instant... Il n’y aura jamais d’étalon qui puisse mesurer

137 1294 1409 63 les pouvoirs (ou limites) de l'imagination. Quant à ce qu'on appelle l’évolution,

137 1352 1033 52 elle n'a de limites que chez ceux qui ne la vivent point. »

173 1394 1375 58 L’attitude du dessinateur Van Thienen, par contre, est entièrement diffé¬

140 1446 1409 58 rente : « Pour moi, l'art est un dialogue... Je ne puis concevoir l’artiste « œil »...

141 1496 1409 59 Ouvert au monde, il y prend son sujet, pas pour l’anecdote, sans doute, mais

143 1547 1409 63 un peu comme un point d'appui en dehors de lui-même... Le ton de ce dialogue

142 1598 1411 57 est celui d’une conversation entre vieux amis, faite de longs cheminements

144 1657 867 52 silencieux et jalonnés d’apparentes banalités. »

180 1698 1375 59 Pour Pierre Lahaut, la projection d'un monde imaginaire, dans les deux

145 1749 1410 58 dimensions de ses toiles, révèle un autre processus : « Le peintre, écrit-il,

147 1800 1410 58 ouvre sa toile à un monde, qui rapidement lui devient indépendant et où, voisinant

148 1851 1409 58 entre ciel et terre, l'eau contre l'écorce et sur la pierre, se meuvent des êtres

148 1908 1003 56 étranges munis de toutes les passions des hommes. »

182 1951 1376 62 Voici trois points de vue différents. Ces textes ont la valeur de témoignages,

1454 2116 33 26 15
