1818 2218
283 53 197 45 <b>BRÉSIL</b>

606 459 876 58 Commissaire Général : <b>Celso Souza e Silva</b>

608 493 873 47 Premier Secrétaire de I'Ambassade du Brésil à Paris.

463 782 1265 62 L’invitation faite au Brésil de prendre part à la deuxième Biennale de Paris

432 834 1298 62 a soulevé le plus vif intérêt dans les milieux artistiques brésiliens. Tout

434 886 1296 64 d'abord, parce que les jeunes artistes du monde entier se rendent parfaite¬

435 939 1295 62 ment compte de l'importance que prend une exposition internationale,où

435 990 1296 60 les œuvres de provenances les plus diverses et de tendances les plus variées

436 1042 1296 64 peuvent être comparées côte à côte, véritable compte rendu universel des

438 1094 1293 62 principales manifestations d'art moderne. En outre, il est également certain

438 1146 1295 61 que les Brésiliens ont été à même d'apprécier la valeur des expositions inter¬

440 1197 1293 56 nationales de cet ordre, depuis qu’a été créée en 1951 la Biennale de Sâo Paulo,

470 1249 1265 55 Les créateurs et organisateurs de la Biennale de Paris, dont le succès n’est

441 1302 1294 58 plus à démontrer depuis la première manifestation en 1959, pourront toujours

441 1353 1295 58 compter sur la reconnaissance et l'admiration du monde artistique brésilien,

473 1404 1263 56 Les peintres et graveurs dont les œuvres ont été retenues pour cette Biennale

445 1456 1292 50 de Paris traduisent assez fidèlement certains courants actuels des arts plas¬

443 1524 266 39 tiques au Brésil.
