1818 2207
210 35 243 31 <b>BULGARIE</b>

349 133 1352 48 n'est certes pas exempte de faiblesses, qui, dans certaines toiles, sautent

349 184 1351 53 aux yeux, soit parce que leurs jeunes auteurs sont incapables de les éviter,

349 236 1352 50 soit parce qu’ils ne possèdent pas l’astuce et la technique, d'ailleurs peu

349 288 700 42 recommandable, pour les camoufler.

384 339 1319 47 Il importe davantage, me semble-t-il, de relever que cette œuvre a des qualités

348 391 1356 47 évidentes, qui l'emportent sur ses défauts. La plupart des toiles, des sculptures

348 442 1357 44 et des gravures des jeunes artistes bulgares sont puisées à la source de la

348 494 1357 44 vie même et inspirées par celle-ci, et c'est là la plus importante de leurs

349 544 1357 45 qualités. La majorité des œuvres est consacrée à la contemporanéité, dévoilant

348 595 1359 43 les aspirations et les sentiments de l’homme moderne. La note caractéris¬

345 646 1362 45 tique et en même temps très positive de cette œuvre est la tendance de toute

348 697 1360 46 une série de jeunes artistes à arriver à un style individuel, personnel, à une

346 747 1363 47 originalité de langage plastique, sans laquelle ne saurait naître une véritable

345 798 1365 49 œuvre d'art. Point n'est besoin d’un long examen des dites œuvres pour

347 849 1362 47 remarquer la facture originale de la plupart d'entre elles, la variété de leur

346 899 1363 50 manière, depuis le souci du détail jusqu'au laconisme poussé à l'extrême,

345 948 1365 52 depuis la palette éblouissante jusqu'à la sobriété voisine de la gravure, où

344 999 1367 52 l’espace et les volumes ne sont qu'ébauchés, depuis le coloris sonore et clair

342 1050 1369 52 jusqu'aux harmonies mineures, car le réalisme tel que nous le concevons

344 1101 1368 53 est justement une méthode et non pas un cliché; car ce réalisme est étranger

342 1152 1371 53 au piétinement sur place, ainsi que le disait Maïakovski : « Plus de poètes,

343 1201 1370 56 de bons, de divers... », ce qui pour nous pourrait se traduire par : « Plus de

343 1253 1371 52 peintres, de bons, de divers... », afin que soient conservées la richesse et la

343 1301 1371 57 diversité de l'expression plastique, sans laquelle disparaîtrait la richesse du

342 1355 796 46 contenu et en fin de compte l'art lui-même.

1210 1983 510 45 Professeur Bogomil Raïnov.

417 2124 31 24 22
