1850 2868
824 94 194 40 - 15 -

209 193 1439 46 40 Garibaldi (Gius.), le célèbre général et patriote italien. —

275 237 1371 47 L. 8. à son ami Trecchi ; Fino, près Côme, 1859, 1/2 p. in-8.

278 282 1368 36 Sur l’achat de revolvers. 6 »

210 326 1438 47 41 Gautier (Théophile), le brillant critique. — L. a. s. à L. Lurine,

281 372 1366 45 1/2 p. in-8. 3 »

211 415 1438 47 42 Gavarni, le spirituel dessinateur. — L. a. s. à M. Delaunay,

279 460 1370 46 direct, de l’Artiste, 1/2 p. in-8. 4 »

320 511 1333 38 Il invite Jules Janin à venir fumer sa pipe au sortir de la comédie. « Il ne serait

282 550 1290 39 pas du tout mal reçu ; personne ne lui ferait de sottise, ha ! mon Dieu non ! »

213 588 1436 47 43 Girardet (Karl), célèbre peintre et dessinateur vignettiste.

280 632 1370 47 — L. a. s. à M. Delaunay, 1840, 1 p. in-4. 4 »

320 678 1332 41 Relative à un dessin, vue prise sur le Righi, en Suisse, qu’il exécute pour son

283 717 397 32 abonnement à l’Artiste.

213 756 1438 47 44 Goncourt (Jules de), célèbre littérateur. — L. a. s., 1 p. in-8.

281 801 1370 46 Au sujet de sa pièce d’Henriette. 3 »

213 845 1442 47 45 Grévy (Jules), représentant du Jura, ex-président de l’Assem¬

282 889 1370 47 blée nationale. L. a. s., 1848,1 p. 1/2 in-8. 6 »

310 935 1347 38 Très curieuse lettre relative à son amendement de 1848. Il a été humilié que cette

284 974 1373 40 dame ait pu lui demander comment il a voté sur la grande question de la prési¬

284 1014 1373 39 dence de la République. « Où étiez-vous donc, dit-il, lorsque la tribune et la presse

283 1053 1374 40 retentissaient du fameux amendement Grévy ! Vous ne savez pas que c’est le

284 1093 649 35 plus beau fleuron de ma couronne !.. »

215 1131 1439 52 46 Janin (Jules), le prince des critiques. — L. a. s., 1 p. in-8. 1 »

216 1175 1440 49 47 Joséphine, impératrice des Français. L. a. s. au général

285 1213 1371 53 Berthier; 26 frim., 1 p. in-18. 12 »

218 1269 1440 46 48 Haussonville (le comte Jos. d’), littérateur et homme poli¬

285 1314 1372 46 tique, de l’Acad. fr. — L. a. s., 1871, 1 p. in-8. 5 »

327 1359 1329 40 Intéressante lettre relative à l’établissement d’une Université complète à Nancy.

289 1399 1372 39 Il désirerait que ses collègues de l’Institut lui vinssent en aide. « Il ne s’agit de rien

288 1438 1373 40 moins, dit-il, que de l’avenir des hautes études en France, et de la revendication

289 1478 1282 39 pacifique, mais efficace un jour ou l’autre, de notre vieille unité territoriale.»

221 1522 1440 51 49 Hugo (Victor), illustre écrivain. — L. a. s. à M. Loriot ;

288 1566 1372 46 Hauteville-House, 1867, 2 p. in-8. Jolie lettre. 4 »

225 1616 1438 45 50 Lachambeaudie (Pierre), un de nos meilleurs fabulistes mo¬

291 1655 1372 51 dernes, né à Sarlat. — L. a. s. à M. Delarue, 3/4 de pages

293 1706 1366 35 in-8. 4 »

338 1750 1328 39 Il avait oublié la demande qu’on lui avait faite de l’adresse de Béranger. « Le

282 1790 1382 38 souvenir de la captivité et le chaos de la position politique me font perdre la tête.»

227 1833 1437 46 51 Lafontaine (Henri), un de nos plus célèbres acteurs de drames,

295 1879 1369 45 né à Bordeaux. — L. a. s. à M. Boïeldieu, 1863, 2 p. in-8. 3 »

228 1928 1440 50 52 Lamennais (F. de), illustre écrivain français. — L. a. s. à

304 1966 1361 53 Mlle de La Tour-du-Pin, 1834, 2 p. in-8. 6 »

342 2018 1333 40 Intéressante épître politique. « Ou a feint de croire, dit-il, que je haïssais le

302 2058 1367 40 puissant, parce que je défendais le faible, que j’étais l’ennemi du riche, parce que

296 2096 1372 42 je gémissais avec le pauvre et que je m'efforçais de le consoler par l’espérance d’un

299 2136 1371 39 meilleur avenir. J’aime tous les hommes sans exception, et c’est parce que je les

301 2176 1369 40 aime que je voudrais qu’ils s’aimassent davantage entre eux, et que la portion la

303 2215 1368 42 plus nombreuse comme la plus infortunée de la grande famille n’en fût pas la plus

301 2258 238 31 délaissée....»

233 2297 1438 48 53 La Place (P.-Simon de), illustre géomètre, astronome et phy¬

301 2342 1368 47 sicien, de l’Acad. fr. — L. a. s. à S. A. royale....; Paris, 18 sept.

305 2387 1364 47 1811, 1 p. in-f. Belle pièce, mais dont un coin de la marge

302 2434 472 45 supérieure est coupé.

348 2475 1324 42 Hommage d’un exemplaire de son Mémoire sur les probabilités, qu’il a lu à

304 2515 1369 42 l’Institut et qui fait partie d’un grand ouvrage qu’il doit publier bientôt sur cette

309 2558 339 31 intéressante matière.
