1416 2299
652 103 138 29 - 13 -

156 177 1147 37 99 Hervilly (Ernest d’), auteur de la Belle Sainara. — L. a. s. au

210 206 1093 45 directeur au journal Le Boulevard, 1862, 1 p. in-8. 3 »

241 254 1060 33 Jolie lettre relative à plusieurs pièces de vers de sa composition,

209 285 725 32 dont une a pour titre : Les Cordons du poêle.

142 320 1162 42 100 Hoche (Lazare), illustre général de la République. — L. a. s.;

210 356 1094 38 Sarreguemines, 22 brumaire, 1/2 p. pet. in-4. 20 »

139 395 1167 37 101 Hugo (Victor), l’illustre écrivain, de l’Acad. fr. — L. a. s. à

210 432 1094 37 Jules Pelletan, 1838, 1 p. in-8. 5 »

247 473 1057 32 Il lui adresse un billet pour assister à la représentation de Ruy-Blas.

140 507 1165 38 102 Joseph (Fr. Leclerc du Tremblay, dit le père), confident de

209 543 1095 38 Richelieu, et que l’on appelait l'Eminence grise. — L. a. s.;

209 579 1096 37 Rueil, 14 avril (1634), 1 p. in-4. 50 »

250 619 1056 33 Belle lettre. Nouvelles du roi et de M. le cardinal. Escapade du

212 650 1035 31 prince Thomas. Affaire concernant les Bénédictines de Reims, etc.

141 685 1165 38 103 Kersaint (Guy), célèbre conventionnel girondin, décapité en

213 721 1092 38 1793. — L. a. s. à M. Desbordes, 1777, 1 p. in-4. Rare. 10 »

142 762 1165 39 104 Louis XVI, roi des Français. — Poésies historiques de 1774

212 797 1096 38 à 1783, environ 50 pièces. Réunion intéressante formée par

212 833 1094 29 M. Villenave. 15 »

142 873 1160 37 105 Mausart (Jules Hardoin), l’illustre architecte de Louis XIV.

210 909 1095 37 — Let. si g. ; Marly, 8 nov. 1703, 2 p. in-4. 42 »

249 949 1059 32 Curieuse lettre. Il demande que le fonds de 100,000 livres destiné pour

213 980 1094 32 les ouvrages à faire à l'église de l’Hôtel des Invalides pendant l’année

215 1011 1092 33 1704, soit mis à sa disposition dans le plus bref délai possible. (Les

213 1043 1093 32 bâtiments dont la construction avait été dirigée par Mansart, qui avait

213 1074 1095 32 donné seul les dessins du dôme, furent complètement achevés en 1704.)

144 1109 1165 38 106 Marceau (Ir.-Séverin Desgraviers), illustre général de la.

214 1145 1092 38 République. — P. a. s.; octobre 1793, 1 p. in-fol. 15 »

252 1186 1056 32 Demande de ses appointements comme général de brigade à l’armée

214 1217 155 26 de l’Ouest.

144 1253 1162 36 107 Marguerite de Valois, reine de Navarre, fille de Henri II

215 1289 1092 37 et de Catherine de Médicis, première femme de Henri IV, dite

215 1325 1090 37 la Reine Margot, princesse célèbre par ses galanteries et son

216 1360 1092 37 amour pour les arts. — Pièce aut. sig., sur vélin; Paris,

215 1395 1091 37 31 déc. 1614, 1 p. in-4. obl. 38 »

254 1431 1055 32 Reçu de la somme de trois mille écus « pour nostre cartier de juillet

216 1463 1013 32 mil six sans saise de la pantion qu’il pleist au roi nous donner. »

145 1498 1162 35 108 Marie Leczinska, reine de France, femme de Louis XV. —

215 1533 1094 37 Let. aut. au comte de Saint-Florentin; 1/2 p. in-4., cachet à

215 1569 1092 29 ses armes. 30 »

255 1605 1011 32 Belle lettre dans laquelle il est question de Lassone, son médecin.

149 1640 1159 40 109 Marignan (J.-J. de Médicis, marquis de), un des plus célèbres

218 1676 1090 37 capitaines du XVIe siècle, né en 1497, mort en 1555. — Let. sig.,

213 1711 1094 37 avec la souscript. aut., au capitaine Lanfranchi ; 9 août 1554,

217 1747 1090 37 1 p. in-f., traces de cachet. Rare. 35 »

145 1787 1163 36 110 Marquis, député de la Meuse à la Convention, commissaire

216 1822 1092 37 pour les départements d’Outre-Rhin, en remplacement de

215 1858 1092 37 Ru d 1er. — Let. sig. au sous-préfet de l’arrondissement de

216 1892 1091 38 Toul; Nancy, an XII, 2 p. in-4. 3 »

145 1933 1163 39 111 Maupertuis (P.-L. Moreau de), géomètre et astronome, de

216 1969 1091 37 l’Acad. fr. — Pièce aut., (1749), 3 p. in-4. 18 »

255 2009 1053 25 Minute d'une lettre très-curieuse sur la mort de Mme du Chastelet :

218 2040 1090 32 « On mande que M. de Voltaire fend les rochers par ses cris; il a

220 2071 1088 32 raison, s’il sent comme il doit la perte qu’il vient de faire et qu’il en
