1424 2299
130 108 231 29 XVIe année.

609 109 123 27 N° 70.

879 108 313 29 Novembre 1881.

477 231 371 52 REVUE

637 317 56 21 SES

90 374 1156 148 AUTOGRAPHES

230 562 875 45 DES CURIOSITÉS DE L'HISTOIRE & DE LA BIOGRAPHIE

344 642 651 35 Fondée en 1866 par Gabriel CHARAVAY

108 701 1126 29 PARAISSANT CHAQUE MOIS, SOUS LA DIRECTION DE

400 751 547 35 EUGÈNE CHARAVAY Fils

208 856 920 36 PRIX DE L’ABONNEMENT : Pour un an (12 numéros) :

86 909 1169 31 France, 3 f.; Etranger, 4 f. — On s’abonne à Paris, chez M. Eugène CHARAVAY,

394 941 545 31 8, quai du Louvre. — Et à Londres:

179 978 984 30 chez M. A.-W. Thibaudeau, 18, Green Street, St-Martin’s Place.

120 1063 1135 36 Sommaire : 1° Une vente d’autographes.— 2° M. Dubrunfaut.— 3° Auto¬

85 1104 475 34 graphes divers à prix marqués.

252 1242 844 32 UNE VENTE D’AUTOGRAPHES.

127 1336 1132 38 Le 22 novembre courant, aura lieu par nos soins la première

86 1376 1173 39 vente d'autographes de la saison. On ne commence pas aussitôt

86 1415 1170 40 que cela ordinairement, aujourd’hui surtout où l’on prolonge son

86 1456 1172 39 séjour à la campagne le plus tard possible; mais les pièces de

85 1496 1174 40 choix se vendent toujours, et les amateurs retardataires n’hési¬

87 1536 1172 40 tent pas à envoyer leurs commissions plutôt que de perdre une

86 1577 1174 38 occasion. Tous nos lecteurs ont dû recevoir le catalogue, qui est

86 1616 1172 39 en distribution depuis plusieurs jours; néanmoins, suivant

87 1656 1173 40 notre habitude, nous allons donner un aperçu rapide des pièces

88 1696 1173 40 principales, qui permettra de juger, avec notre mode de

89 1737 910 39 groupement, de l’importance de celte collection :

128 1790 1132 41 Académie française : Jean Balesdens; Boileau-Despréaux ;

89 1823 1171 46 le cardinal de Boisgelin, une lettre curieuse écrite d’exil;

91 1870 1170 39 Boisrobert, un des premiers membres de l'Académie, dont les

88 1910 1172 39 autographes sont rares; Buffon ; Chapelain, une superbe lettre;

90 1949 1172 42 Charpentier, épître des plus curieuses qui contient des détails

89 1990 1172 39 piquants sur Mézeray, son ancien collègue; Colardeau, une bien

88 2030 1176 41 jolie lettre à Le Kain ; Condillac ; Destouches, comparant Mlles

89 2071 1173 39 Sallé et Camargo, les célèbres danseuses; le cardinal Dubois,
