1432 2245
566 116 138 26 — 16 —

52 190 1162 37 135 Vauvenargues (Luc de Clapiers, marquis de), illustre mora¬

123 225 1091 43 liste français. — Fragment aut., 2 p. in-4. 45 »

169 256 1013 31 Feuillet extrait, de son manuscrit intitulé : Nouveaux caractères.

52 306 1159 37 136 Verdollin (L.), député des Basses-Pyrénées à la Convention.

121 342 1093 37 — L. a. s.; Paris, 26 novembre 1788, 1 p. in-4. Curieuse. 5 »

52 391 1162 37 137 Voltaire, l’illustre écrivain. — Let. aut. sig. V. au marquis

121 427 1091 37 de Villevieille; Forney, 1770,2 p. in-4, fragment de cachet. 45 »

169 462 1042 33 Curieuse lettre sur le Système de la nature, du baron d’Holbach.

126 488 1088 38 IL est de son avis, il y a dés morceaux d’éloquence dans ce livre, mais

122 525 1093 32 ils sont noyés dans des déclamations et dans des répétitions. « Ce n'est

123 556 1092 32 point un ouvrage qui puisse être imprimé à Paris; en rendant gloire

123 587 1089 32 à Dieu, il dit trop la vérité aux hommes. Il leur faut un dieu aussi

122 619 936 32 impertinent qu’eux.; ils l’ont toujours fait à leur image. »

411 763 446 54 CABINET

83 859 1104 82 D’AUTOGRAPHES

587 970 97 20 DE LA

199 1016 870 38 MAISON Gabriel CHARAVAY

540 1086 196 26 DIRIGÉE PAR

322 1136 633 38 Eugène CHARAVAY Fils

217 1202 832 36 (Ancienne Maison CHARON, puis Aug. LAVERDET)

526 1261 215 21 FONDÉE EN 1838

407 1305 457 38 Quai du Louvre, 8

88 1445 1128 38 Galerie d’autographes, sorte de musée autographique où les

52 1485 1126 39 pièces sont disposées dans des cadres, avec l’indication des prix.

88 1547 1128 37 Collection considérable d’autographes des célébrités de tous

53 1587 1162 39 genres : souverains, hommes d’Etat, littérateurs, savants, peintres,

53 1628 1163 37 dessinateurs, graveurs, musiciens, acteurs et autres artistes;

53 1668 1164 37 nombreux cartons de pièces relatives aux provinces de France et

54 1708 352 28 aux familles nobles.

88 1770 999 36 Grand choix d’autographes pour l’illustration des livres.

88 1832 1127 38 L’authenticité des autographes est garantie, sans condition de temps,

54 1873 545 28 c’est-à-dire d’une manière absolue.

90 1934 1125 37 Achat de collections d’autographes, au comptant; rédaction de

54 1974 1162 38 catalogues, ventes à l’amiable ou aux enchères pour le compte

55 2015 288 35 des possesseurs.

227 2095 821 26 Rouen. — Imprimerie J. Lecerf, rue des Bons-Enfants, 46-48.
