1424 2299
610 122 122 28 - 3 -

126 197 1131 39 Femmes célèbres : Gabrielle d’Estrées; Ninon de Lanclos ;

86 237 1169 42 la marquise de Pompadour et Mme du Barry ; Mme de Chalabre,

86 278 1171 40 écrivant à Robespierre, dont elle devint la maîtresse, une lettre

87 318 1173 41 qu’il aurait pu signer lui-même; Mme de Maintenon et

88 358 1172 43 Mlle d'Aumale, 3 lettres charmantes; Mlle de Montpensier, la

89 398 1172 44 célèbre frondeuse; Mmes de La Fayette, de Graffigny et d’Hou¬

88 438 100 30 detot.

129 493 1133 40 Peintres, Sculpteurs et Architectes : Baroncelli, artiste

90 533 1172 40 italien du XVe siècle; Le Guerchin ; Léonard de Vinci, pièce

89 573 1175 41 précieuse; Caffieri, Girardon, Macé et Falconet, le sculpteur

88 612 1176 43 favori de Mme de Pompadour; Jacques de Brosse et Claude

89 653 1176 43 Perrault; Mignard; Bouchardon; Hennequin ; Hoey ; Houel

91 693 324 39 et Joseph Vernet.

130 746 1134 38 Compositeurs de musique : Beethoven et Mendelssohn-Bar¬

91 786 1172 42 tholdy, les lettres de ce dernier en français sont peu communes;

90 827 1177 41 Sacchini; Salieri, lettre et morceau de musique; Mattei et

93 867 1174 41 Paisiello; Calvisius, pièce unique; Nicolaï, le célèbre auteur

94 906 1173 44 des Joyeuses Commères de Windsor ; Lully père; Lully fils ;

96 947 602 42 Champein ; Grétry et Boieldieu.

135 1002 1134 40 Artistes dramatiques : Dorfeuille, lettre curieuse pour

97 1041 1172 42 l’histoire du théâtre à l’époque de la Révolution ; Fleury et

95 1080 1171 41 Lekain, une des plus belles lettres connues; Mlle Raucourt,

95 1122 1173 40 épitre très-digne à propos de Mlle Georges; Duthé, la célèbre

95 1161 177 31 danseuse.

135 1214 1133 37 Savants et Médecins : Bourdelot, intéressante lettre sur le

95 1254 1173 42 grand Condé; Broussais, épitre remarquable; Euler; Geoffroy

96 1295 1171 39 Saint-Hilaire, appréciant le caractère de George Sand ; les deux

96 1335 1174 41 frères Antoine et Bernard de Jussieu; le baron Larrey ; Linné;

98 1375 1169 40 Guy Patin; Poncet, autographe aussi rare qu’intéressant;

104 1415 383 40 Tournefort et Volta.

137 1468 1132 37 Divers : Saint Vincent de Paul; Leibnitz; Mélanchton;

96 1509 1171 39 Jacques Lescot, belle lettre sur un ouvrage du cardinal de

97 1548 1167 40 Richelieu, dont il était le confesseur, et dont il écrivit la vie;

97 1588 1171 40 Daubenton ; Mesmer ; Montgolfier et Pilâtre de Rozier ; Ange

97 1629 241 38 Politien, etc.

430 1793 506 32 M. DUBRUNFAUT.

139 1889 1128 40 Né à Lille, le 1er septembre 1797, M. Dubrunfaut passa ses

97 1929 1170 41 premières années dans cette ville. A l’âge de douze ans, il fut

97 1969 1170 41 envoyé par sa famille au collège Stanislas, à Paris, pour achever

97 2010 1171 39 ses études; puis il revint à Lille, où il trouva un emploi dans

96 2051 1171 39 une maison de banque. Ses dispositions personnelles ne l’en¬

98 2090 1170 40 traînaient pas du tout vers la finance; aussi, au retour d’un
