1424 2245
637 117 137 26 - 12 -

132 191 1159 38 86 Frédéric II, roi de Prusse, dit le Grand. — Let. sig. avec

185 227 1104 35 3 lignes aut., en français, à Thiriot; Remusberg, 17 fév. 1739,

187 257 1103 42 3/4 de p. in-4. 40 »

218 298 1072 34 Curieuse lettre sur Voltaire. Il a reçu la Voltairomanie, pièce qui

188 330 1103 32 fait peu d’honneur à son auteur et lui assure qu'il n’en marquera

187 362 1105 31 rien à Cirey. Il l’exhorte fortement à ne pas abandonner M. de Voltaire

186 393 1106 31 dans cette occasion. « Vous ne pouvez, sans vous faire beaucoup de

188 424 1104 32 tort, manquer à son égard aux devoirs de l’amitié. » Puis il ajoute en

187 456 1106 31 post-scriptum : « Souvenez-vous que vous devez votre témoignage à

186 487 1028 31 M. de Voltaire, qui est votre ami, et à la vérité qui le réclame. »

131 528 1161 40 87 Gautier (Théophile), le brillant critique. — L. a. s. au direc¬

186 566 1106 37 teur d’un journal, 1 p. in-18. 10 »

220 602 1073 31 Il le prie de continuer à lui envoyer les billets de première représen¬

187 634 1106 31 tation et lui mande que son ami Gérard de Nerval est chargé de faire

188 665 1105 31 les notes insérées dans le corps du journal qui remplaceront son

187 697 151 24 feuilleton.

131 731 1157 36 88 Girardin (Emile de), le célèbre publiciste, mort récemment.

186 767 1107 37 — L. a. s. à M. Henry, ordonnateur de la religion saint-

185 802 1106 36 simonienne, 5 janvier 1832, 1 p. in-4. 3 »

219 838 1074 31 Désirant assister aux conférences, il demande des billets pour lui et

188 870 250 25 Mme de Girardin.

132 905 1160 37 89 Glatigny (Albert), célèbre poète romantique. — L. a. s. à un

182 941 1110 36 journaliste, 1871, 1 p. in-8. 5 »

219 977 1074 32 Etabli à Lillebonne, après une maladie sérieuse, il se réjouit de se

186 1008 1069 32 trouver avec ses amis, lui qui a été si près de la Serpillière finale.

134 1043 1160 36 90 Gourdan (C.-C.-C.), conventionnel, membre du Conseil des

187 1079 1105 37 Anciens où il se lit remarquer par sa vive opposition au

190 1115 1103 36 18 brumaire. — Let. sig. aux administrateurs des domaines;

187 1151 1105 36 5 fructidor an VI, 1 p. 1/2 in-4. 4 »

221 1186 1072 31 Belle lettre écrite par Piguet et signée de Dubuisson, ses deux

188 1218 449 31 collègues de la Haute-Saône.

134 1253 1155 40 91 Grévy (Jules), président de la République française. — L. a.

187 1283 1106 42 s., 1 p. in-18. 3 5 »

134 1329 1160 37 92 Grisar (Albert), gracieux compositeur dramatique, auteur des

190 1365 1105 44 romances populaires la Folle et Adieu, beau rivage de France, né à

188 1400 1104 36 Anvers.— L. a. s. à Carmouche, 1835, 1 p. in-8. 3 »

220 1436 681 32 Relative à la partition du Diable à Séville.

135 1471 1158 37 93 Grozelier (Nic.), prêtre de l’Oratoire, poète et littérateur du

188 1507 1106 36 XVIIIe siècle, né à Beaune.— L. a. s. à M. Macault, son neveu;

188 1542 1105 37 Beaune, 26 septembre 1763, 1 p. in-8. 4 »

135 1583 1159 36 94 Guérin (le baron Pierre-Narcisse), célèbre peintre d’histoire,

190 1619 1104 36 membre de l’Institut. — L. a. s. à Mme Népomucène Le mer¬

189 1654 1105 37 cier, 1 p. in-8. 3 »

133 1694 1161 36 95 Halévy (Fromental), illustre compositeur, l’auteur de la Juive.

190 1729 1104 37 — L. a. s. à Panofka, 1 p. in-18. Charmante épître. 3 »

136 1770 1158 36 96 Hautpoul (la comtesse d’), célèbre poète et romancière. —

189 1805 1104 37 Pièce sig., 1827, 1 p. in-4 oblong. 3 »

223 1841 1073 31 Reçu de la somme de 200 francs comme secours à titre d’encourage¬

192 1873 234 25 ment littéraire.

136 1907 1154 38 97 Henri IV, roi de France. — Pièce sig., sur vélin, 1600, 1 p.

190 1944 1101 37 in-4 oblong. 6 »

224 1979 485 33 Curieuse permission de chasse.

137 2015 1155 37 98 Hersent (Louis), célèbre peintre d’histoire, de l’Institut. — L.

191 2050 1104 37 a. s. à M. David, secrétaire général des Douanes, 1820, 1 p. 1/2

192 2087 1101 37 pet. in-4. 4 »
