1432 2245
611 80 120 26 - 8 —

162 154 1090 31 jours regardé comme une chose extrêmement inconvenante l’aliéna¬

163 185 1088 31 tion des meubles et ornements d’église, aussi, vient-il d’adresser aux

164 217 1033 32 préfets des instructions pour lesquelles il sollicite son approbation.

106 252 1146 36 32 Boufflers (L.-F., duc de), brave maréchal de France, défen¬

161 288 1091 37 seur de Lille contre le prince Eugène et Marlborough, d’une

161 324 1091 37 ancienne famille de Picardie. — Let. sig. ; camp d’Arestorff,

163 359 1088 37 13 octobre 1690, 1 p. in-4. 4 »

191 396 1062 32 Relative à une affaire concernant la demoiselle Bachelet, qui a fait

161 427 401 31 beaucoup de bruit à Metz.

106 457 1145 38 33 Bouillerot (Alphonse), député de l’Eure à la Convention. —

158 494 1095 36 L. a. s. au citoyen Servières, directeur du Conservatoire des

158 529 1094 36 Arts-et-Métiers; Paris, 18 janvier 1793, 1 p.in-4. 5 »

192 565 1059 31 Demande de renseignements sur le citoyen Labourau, chimiste,

160 597 1094 31 membre de la Société des Arts, qui a découvert le moyen d’améliorer

159 627 1094 31 et de conserver les cuirs. Il lui parle ensuite d’une affaire concernant

161 659 1092 32 la création d’un canal, puis il ajoute : « Vous voyez que l’orage poli¬

161 690 1093 32 tique qui nous menace ne nous ralentit pas sur les objets particuliers

159 722 621 32 qui peuvent devenir utiles à la patrie. »

105 757 1149 38 34 Bouvier (Alexis), romancier et auteur dramatique contempo¬

158 793 1094 36 rain. — L. a. s., 1879, 1 p. in-8. 2 »

189 829 862 32 Relative à son ouvrage Amour, misère et compagnie.

104 864 1150 37 35 Breteuil (le baron de), célèbre diplomate et ministre des

158 900 1096 37 règnes de Louis XV et Lous XVI, qui dirigea les poursuites

159 936 1095 36 dans l’affaire du Collier. — Let. sig. à M. Duperron, direc¬

158 972 1095 37 teur de l’imprimerie royale ; Versailles, 1786,1/2 p. in-fol. 3 »

194 1007 1060 33 Relative à la traduction en vers de l'llliade et de l'Odyssée d'Homère,

160 1040 319 31 par M. de Rochefort.

105 1070 1151 37 36 Brizard (Gabriel), historien érudit, auteur de l’Histoire généa¬

159 1106 1097 36 logique de la maison de Beaumont en Dauphiné. — L. a. s.; Main-

159 1141 1094 38 tenon, 16 mars 1791, 1 p. pet. in-4. 5 »

106 1181 1148 38 37 Broglie (V., duc de), ministre de Louis-Philippe, de l’Acad.

161 1217 1093 37 fr. — L. a. s. à M. David, inspecteur général des douanes,

162 1254 1093 37 1 p. 1/2 in-8. 3 »

193 1288 1062 34 Jolie lettre relative au transport de sa bibliothèque, et plus particu¬

164 1321 1093 30 lièrement des manuscrits et de la correspondance de Necker et de

163 1353 198 25 Mme de Staël.

108 1382 1150 42 38 Brossin (P.), général russe. — L. a. s., en français, à

161 1414 1094 41 M. Ravrio; Rouen, 1820, 1 p. in-4. 2 »

109 1454 1146 38 39 Brunei (M.-L), célèbre ingénieur français, constructeur du

162 1484 1094 42 tunnel de la Tamise. — L. a. s., 1834, 1 p. in-18. 5 »

110 1525 1147 38 40 Camus (Arm.-Gaston), célèbre constituant et conventionnel,

163 1561 1094 35 un des commissaires arrêtés par Dumouriez, ministre des

163 1596 1094 43 finances, érudit, de l’Institut. — L. a. s. aux citoyens com¬

163 1632 1094 38 posant le bureau de comptabilité nationale, 30 messidor an V,

165 1670 1091 36 2 p. in-4. 4 »

112 1703 1145 36 41 Catherine de Médicis, reine et régente de France. — Pièce

164 1739 1093 38 sig. sur vélin; La Réole, 4 octobre 1578, 1 p. in-fol. 17 »

198 1777 405 32 Belle pièce sur l'Orléanais.

111 1812 1146 36 42 Champfleury (Jules Fleury, dit), littérateur, chef de l’école

165 1847 1089 38 réaliste, né à Laon. — L. a. s.; Sèvres, 15 mars 1880, 1 p.

164 1884 1093 30 in-8. 3 »

196 1919 1064 31 Il lui adresse une nouvelle de sa composition intitulée : une Prin¬

167 1952 407 27 cesse au rire de mouette.

112 1986 1147 42 43 Charles VIII, roi de France. — Lettres patentes sig.; données

167 2022 1090 37 au Plessis-du-Parc, le 26e jour de décembre 1486, in-f. obl. 30 »

200 2058 1060 29 Document intéressant. Le roi, en reconnaissance des bons services
