<?xml version="1.0" encoding="UTF-8"?>
<alto xmlns:xsi="http://www.w3.org/2001/XMLSchema-instance"
      xmlns="http://www.loc.gov/standards/alto/ns-v2#"
      xmlns:page="http://schema.primaresearch.org/PAGE/gts/pagecontent/2013-07-15"
      xsi:schemaLocation="http://www.loc.gov/standards/alto/ns-v2# http://www.loc.gov/standards/alto/alto.xsd">
   <Description>
      <MeasurementUnit>pixel</MeasurementUnit>
      <OCRProcessing ID="IdOcr">
         <ocrProcessingStep>
            <processingDateTime>2020-10-31T11:22:23.647+01:00</processingDateTime>
            <processingSoftware>
               <softwareCreator>READ COOP</softwareCreator>
               <softwareName>Transkribus</softwareName>
            </processingSoftware>
         </ocrProcessingStep>
      </OCRProcessing>
   </Description>
   <Layout>
      <Page ID="Page1" PHYSICAL_IMG_NR="1" HEIGHT="2245" WIDTH="1424">
         <TopMargin HEIGHT="79" WIDTH="1424" VPOS="0" HPOS="0"/>
         <LeftMargin HEIGHT="2062" WIDTH="27" VPOS="79" HPOS="0"/>
         <RightMargin HEIGHT="2062" WIDTH="0" VPOS="79" HPOS="1424"/>
         <BottomMargin HEIGHT="104" WIDTH="1424" VPOS="2141" HPOS="0"/>
         <PrintSpace HEIGHT="2062" WIDTH="1397" VPOS="79" HPOS="27">
            <TextBlock ID="region_1538043199783_51"
                       HEIGHT="59"
                       WIDTH="125"
                       VPOS="106"
                       HPOS="559">
               <Shape>
                  <Polygon POINTS="559,106 559,165 684,165 684,106"/>
               </Shape>
               <TextLine ID="line_1538043199868_52"
                         BASELINE="165"
                         HEIGHT="59"
                         WIDTH="125"
                         VPOS="106"
                         HPOS="559">
                  <String ID="string_line_1538043199868_52"
                          HEIGHT="59"
                          WIDTH="125"
                          VPOS="106"
                          HPOS="559"
                          CONTENT="- 4 -"/>
               </TextLine>
            </TextBlock>
            <TextBlock ID="r_2_1" HEIGHT="163" WIDTH="1185" VPOS="205" HPOS="33">
               <Shape>
                  <Polygon POINTS="33,205 1218,205 1218,368 33,368"/>
               </Shape>
               <TextLine ID="tl_2"
                         BASELINE="245"
                         HEIGHT="39"
                         WIDTH="1183"
                         VPOS="206"
                         HPOS="34">
                  <String ID="string_tl_2"
                          HEIGHT="39"
                          WIDTH="1183"
                          VPOS="206"
                          HPOS="34"
                          CONTENT="voyage qu’il fit en Belgique et en Hollande, il s'adonna défini¬"/>
               </TextLine>
               <TextLine ID="tl_3"
                         BASELINE="286"
                         HEIGHT="39"
                         WIDTH="1178"
                         VPOS="247"
                         HPOS="38">
                  <String ID="string_tl_3"
                          HEIGHT="39"
                          WIDTH="1178"
                          VPOS="247"
                          HPOS="38"
                          CONTENT="tivement à la carrière industrielle et scientifique. Plus tard il"/>
               </TextLine>
               <TextLine ID="tl_4"
                         BASELINE="326"
                         HEIGHT="40"
                         WIDTH="1181"
                         VPOS="286"
                         HPOS="35">
                  <String ID="string_tl_4"
                          HEIGHT="40"
                          WIDTH="1181"
                          VPOS="286"
                          HPOS="35"
                          CONTENT="professa la chimie a l’Ecole de Commerce de Paris, et s’attacha"/>
               </TextLine>
               <TextLine ID="tl_5"
                         BASELINE="367"
                         HEIGHT="40"
                         WIDTH="1178"
                         VPOS="327"
                         HPOS="34">
                  <String ID="string_tl_5"
                          HEIGHT="40"
                          WIDTH="1178"
                          VPOS="327"
                          HPOS="34"
                          CONTENT="à propager la connaissance de la chimie appliquée à l’industrie."/>
               </TextLine>
            </TextBlock>
            <TextBlock ID="r_2_2" HEIGHT="362" WIDTH="1189" VPOS="375" HPOS="32">
               <Shape>
                  <Polygon POINTS="32,375 1221,375 1221,737 32,737"/>
               </Shape>
               <TextLine ID="tl_6"
                         BASELINE="416"
                         HEIGHT="40"
                         WIDTH="1143"
                         VPOS="376"
                         HPOS="74">
                  <String ID="string_tl_6"
                          HEIGHT="40"
                          WIDTH="1143"
                          VPOS="376"
                          HPOS="74"
                          CONTENT="Le peu de place dont nous disposons ne nous permet pas"/>
               </TextLine>
               <TextLine ID="tl_7"
                         BASELINE="448"
                         HEIGHT="31"
                         WIDTH="1183"
                         VPOS="417"
                         HPOS="34">
                  <String ID="string_tl_7"
                          HEIGHT="31"
                          WIDTH="1183"
                          VPOS="417"
                          HPOS="34"
                          CONTENT="malheureusement de citer tous les travaux et toutes les inven¬"/>
               </TextLine>
               <TextLine ID="tl_8"
                         BASELINE="488"
                         HEIGHT="31"
                         WIDTH="1183"
                         VPOS="457"
                         HPOS="35">
                  <String ID="string_tl_8"
                          HEIGHT="31"
                          WIDTH="1183"
                          VPOS="457"
                          HPOS="35"
                          CONTENT="tions dont la science est redevable à M. Dubrunfaut. La"/>
               </TextLine>
               <TextLine ID="tl_9"
                         BASELINE="528"
                         HEIGHT="31"
                         WIDTH="1183"
                         VPOS="497"
                         HPOS="35">
                  <String ID="string_tl_9"
                          HEIGHT="31"
                          WIDTH="1183"
                          VPOS="497"
                          HPOS="35"
                          CONTENT="distillation et la fabrication des eaux-de-vie furent tour à"/>
               </TextLine>
               <TextLine ID="tl_10"
                         BASELINE="575"
                         HEIGHT="38"
                         WIDTH="1181"
                         VPOS="537"
                         HPOS="35">
                  <String ID="string_tl_10"
                          HEIGHT="38"
                          WIDTH="1181"
                          VPOS="537"
                          HPOS="35"
                          CONTENT="tour l’objet de ses recherches et de ses découvertes. Il s’oc¬"/>
               </TextLine>
               <TextLine ID="tl_11"
                         BASELINE="615"
                         HEIGHT="38"
                         WIDTH="1187"
                         VPOS="577"
                         HPOS="33">
                  <String ID="string_tl_11"
                          HEIGHT="38"
                          WIDTH="1187"
                          VPOS="577"
                          HPOS="33"
                          CONTENT="cupa d’une façon toute particulière de la fabrication du sucre"/>
               </TextLine>
               <TextLine ID="tl_12"
                         BASELINE="656"
                         HEIGHT="39"
                         WIDTH="1186"
                         VPOS="617"
                         HPOS="34">
                  <String ID="string_tl_12"
                          HEIGHT="39"
                          WIDTH="1186"
                          VPOS="617"
                          HPOS="34"
                          CONTENT="de betterave ; les mémoires qu’il écrivit sur cette question"/>
               </TextLine>
               <TextLine ID="tl_13"
                         BASELINE="697"
                         HEIGHT="40"
                         WIDTH="1182"
                         VPOS="657"
                         HPOS="36">
                  <String ID="string_tl_13"
                          HEIGHT="40"
                          WIDTH="1182"
                          VPOS="657"
                          HPOS="36"
                          CONTENT="ont été justement remarqués. En 1833 il abandonna l’ensei¬"/>
               </TextLine>
               <TextLine ID="tl_14"
                         BASELINE="736"
                         HEIGHT="38"
                         WIDTH="864"
                         VPOS="698"
                         HPOS="34">
                  <String ID="string_tl_14"
                          HEIGHT="38"
                          WIDTH="864"
                          VPOS="698"
                          HPOS="34"
                          CONTENT="gnement pour mettre ses théories en pratique."/>
               </TextLine>
            </TextBlock>
            <TextBlock ID="r_2_3" HEIGHT="364" WIDTH="1187" VPOS="754" HPOS="35">
               <Shape>
                  <Polygon POINTS="35,754 1222,754 1222,1118 35,1118"/>
               </Shape>
               <TextLine ID="tl_15"
                         BASELINE="794"
                         HEIGHT="39"
                         WIDTH="1146"
                         VPOS="755"
                         HPOS="75">
                  <String ID="string_tl_15"
                          HEIGHT="39"
                          WIDTH="1146"
                          VPOS="755"
                          HPOS="75"
                          CONTENT="Indépendamment de mémoires, de brochures, d’articles"/>
               </TextLine>
               <TextLine ID="tl_16"
                         BASELINE="835"
                         HEIGHT="39"
                         WIDTH="1181"
                         VPOS="796"
                         HPOS="36">
                  <String ID="string_tl_16"
                          HEIGHT="39"
                          WIDTH="1181"
                          VPOS="796"
                          HPOS="36"
                          CONTENT="insérés dans les Comptes-rendus de l'Académie des Sciences,"/>
               </TextLine>
               <TextLine ID="tl_17"
                         BASELINE="874"
                         HEIGHT="39"
                         WIDTH="1182"
                         VPOS="835"
                         HPOS="37">
                  <String ID="string_tl_17"
                          HEIGHT="39"
                          WIDTH="1182"
                          VPOS="835"
                          HPOS="37"
                          CONTENT="dans le Dictionnaire du Commerce, etc., M. Dubrunfaut a"/>
               </TextLine>
               <TextLine ID="tl_18"
                         BASELINE="916"
                         HEIGHT="40"
                         WIDTH="1182"
                         VPOS="876"
                         HPOS="36">
                  <String ID="string_tl_18"
                          HEIGHT="40"
                          WIDTH="1182"
                          VPOS="876"
                          HPOS="36"
                          CONTENT="publié : De l'art de la Distillation (1824); De la Fabrication du"/>
               </TextLine>
               <TextLine ID="tl_19"
                         BASELINE="956"
                         HEIGHT="41"
                         WIDTH="1182"
                         VPOS="915"
                         HPOS="36">
                  <String ID="string_tl_19"
                          HEIGHT="41"
                          WIDTH="1182"
                          VPOS="915"
                          HPOS="36"
                          CONTENT="Sucre de betteraves (1822); Sucrage des vendanges avec les"/>
               </TextLine>
               <TextLine ID="tl_20"
                         BASELINE="996"
                         HEIGHT="40"
                         WIDTH="1183"
                         VPOS="956"
                         HPOS="37">
                  <String ID="string_tl_20"
                          HEIGHT="40"
                          WIDTH="1183"
                          VPOS="956"
                          HPOS="37"
                          CONTENT="sucres raffinés de canne, de betterave, etc. (1854); Notice histo¬"/>
               </TextLine>
               <TextLine ID="tl_21"
                         BASELINE="1037"
                         HEIGHT="40"
                         WIDTH="1182"
                         VPOS="997"
                         HPOS="37">
                  <String ID="string_tl_21"
                          HEIGHT="40"
                          WIDTH="1182"
                          VPOS="997"
                          HPOS="37"
                          CONTENT="rique sur la distillation des betteraves (1856); L’Osmose et ses"/>
               </TextLine>
               <TextLine ID="tl_22"
                         BASELINE="1077"
                         HEIGHT="40"
                         WIDTH="1181"
                         VPOS="1037"
                         HPOS="38">
                  <String ID="string_tl_22"
                          HEIGHT="40"
                          WIDTH="1181"
                          VPOS="1037"
                          HPOS="38"
                          CONTENT="applications industrielles (1873); Le Sucre dans ses rapports"/>
               </TextLine>
               <TextLine ID="tl_23"
                         BASELINE="1117"
                         HEIGHT="40"
                         WIDTH="900"
                         VPOS="1077"
                         HPOS="38">
                  <String ID="string_tl_23"
                          HEIGHT="40"
                          WIDTH="900"
                          VPOS="1077"
                          HPOS="38"
                          CONTENT="avec la science, l’agriculture, le commerce, etc."/>
               </TextLine>
            </TextBlock>
            <TextBlock ID="r_2_4" HEIGHT="723" WIDTH="1186" VPOS="1125" HPOS="39">
               <Shape>
                  <Polygon POINTS="39,1125 1225,1125 1225,1848 39,1848"/>
               </Shape>
               <TextLine ID="tl_24"
                         BASELINE="1165"
                         HEIGHT="39"
                         WIDTH="1139"
                         VPOS="1126"
                         HPOS="80">
                  <String ID="string_tl_24"
                          HEIGHT="39"
                          WIDTH="1139"
                          VPOS="1126"
                          HPOS="80"
                          CONTENT="C’est, croyons-nous, vers 1830, — il y a plus d’un demi-"/>
               </TextLine>
               <TextLine ID="tl_25"
                         BASELINE="1206"
                         HEIGHT="40"
                         WIDTH="1181"
                         VPOS="1166"
                         HPOS="40">
                  <String ID="string_tl_25"
                          HEIGHT="40"
                          WIDTH="1181"
                          VPOS="1166"
                          HPOS="40"
                          CONTENT="siècle,— que M. Dubrunfaut s’occupa d’autographes. Il se"/>
               </TextLine>
               <TextLine ID="tl_26"
                         BASELINE="1245"
                         HEIGHT="39"
                         WIDTH="1180"
                         VPOS="1206"
                         HPOS="41">
                  <String ID="string_tl_26"
                          HEIGHT="39"
                          WIDTH="1180"
                          VPOS="1206"
                          HPOS="41"
                          CONTENT="contenta, pour commencer, des pièces que lui donnaient ses"/>
               </TextLine>
               <TextLine ID="tl_27"
                         BASELINE="1278"
                         HEIGHT="32"
                         WIDTH="1178"
                         VPOS="1246"
                         HPOS="42">
                  <String ID="string_tl_27"
                          HEIGHT="32"
                          WIDTH="1178"
                          VPOS="1246"
                          HPOS="42"
                          CONTENT="nombreux amis du monde savant. De ce nombre était Jullien"/>
               </TextLine>
               <TextLine ID="tl_28"
                         BASELINE="1325"
                         HEIGHT="38"
                         WIDTH="1179"
                         VPOS="1287"
                         HPOS="43">
                  <String ID="string_tl_28"
                          HEIGHT="38"
                          WIDTH="1179"
                          VPOS="1287"
                          HPOS="43"
                          CONTENT="de Paris, qui lui laissait prendre dans sa volumineuse corres¬"/>
               </TextLine>
               <TextLine ID="tl_29"
                         BASELINE="1366"
                         HEIGHT="40"
                         WIDTH="1174"
                         VPOS="1326"
                         HPOS="43">
                  <String ID="string_tl_29"
                          HEIGHT="40"
                          WIDTH="1174"
                          VPOS="1326"
                          HPOS="43"
                          CONTENT="pondance les lettres de contemporains pouvant lui faire plaisir."/>
               </TextLine>
               <TextLine ID="tl_30"
                         BASELINE="1406"
                         HEIGHT="39"
                         WIDTH="1175"
                         VPOS="1367"
                         HPOS="44">
                  <String ID="string_tl_30"
                          HEIGHT="39"
                          WIDTH="1175"
                          VPOS="1367"
                          HPOS="44"
                          CONTENT="Il fut à cette époque un des premiers clients du père Danquin,"/>
               </TextLine>
               <TextLine ID="tl_31"
                         BASELINE="1446"
                         HEIGHT="40"
                         WIDTH="1177"
                         VPOS="1406"
                         HPOS="45">
                  <String ID="string_tl_31"
                          HEIGHT="40"
                          WIDTH="1177"
                          VPOS="1406"
                          HPOS="45"
                          CONTENT="de Lefèvre et de Charon; sa collection s’augmenta rapidement"/>
               </TextLine>
               <TextLine ID="tl_32"
                         BASELINE="1486"
                         HEIGHT="39"
                         WIDTH="1173"
                         VPOS="1447"
                         HPOS="45">
                  <String ID="string_tl_32"
                          HEIGHT="39"
                          WIDTH="1173"
                          VPOS="1447"
                          HPOS="45"
                          CONTENT="des nombreuses pièces qu’il achetait dans les ventes, où il"/>
               </TextLine>
               <TextLine ID="tl_33"
                         BASELINE="1527"
                         HEIGHT="40"
                         WIDTH="1176"
                         VPOS="1487"
                         HPOS="45">
                  <String ID="string_tl_33"
                          HEIGHT="40"
                          WIDTH="1176"
                          VPOS="1487"
                          HPOS="45"
                          CONTENT="assistait toujours lui-même, et devint par la suite ce qu’elle est"/>
               </TextLine>
               <TextLine ID="tl_34"
                         BASELINE="1568"
                         HEIGHT="41"
                         WIDTH="1176"
                         VPOS="1527"
                         HPOS="46">
                  <String ID="string_tl_34"
                          HEIGHT="41"
                          WIDTH="1176"
                          VPOS="1527"
                          HPOS="46"
                          CONTENT="aujourd'hui, c’est-à-dire la plus importante de Paris. Il collec¬"/>
               </TextLine>
               <TextLine ID="tl_35"
                         BASELINE="1606"
                         HEIGHT="38"
                         WIDTH="1174"
                         VPOS="1568"
                         HPOS="47">
                  <String ID="string_tl_35"
                          HEIGHT="38"
                          WIDTH="1174"
                          VPOS="1568"
                          HPOS="47"
                          CONTENT="tionnait à peu près tous les genres : les savants en première ligne,"/>
               </TextLine>
               <TextLine ID="tl_36"
                         BASELINE="1647"
                         HEIGHT="40"
                         WIDTH="1177"
                         VPOS="1607"
                         HPOS="47">
                  <String ID="string_tl_36"
                          HEIGHT="40"
                          WIDTH="1177"
                          VPOS="1607"
                          HPOS="47"
                          CONTENT="ce qui est tout naturel; les grands écrivains, les artistes et les"/>
               </TextLine>
               <TextLine ID="tl_37"
                         BASELINE="1686"
                         HEIGHT="39"
                         WIDTH="1174"
                         VPOS="1647"
                         HPOS="48">
                  <String ID="string_tl_37"
                          HEIGHT="39"
                          WIDTH="1174"
                          VPOS="1647"
                          HPOS="48"
                          CONTENT="personnages de la Révolution. Il y a une série cependant à"/>
               </TextLine>
               <TextLine ID="tl_38"
                         BASELINE="1726"
                         HEIGHT="38"
                         WIDTH="1177"
                         VPOS="1688"
                         HPOS="46">
                  <String ID="string_tl_38"
                          HEIGHT="38"
                          WIDTH="1177"
                          VPOS="1688"
                          HPOS="46"
                          CONTENT="laquelle il n’attachait pas autant d’importance : ce sont les"/>
               </TextLine>
               <TextLine ID="tl_39"
                         BASELINE="1766"
                         HEIGHT="40"
                         WIDTH="1177"
                         VPOS="1726"
                         HPOS="46">
                  <String ID="string_tl_39"
                          HEIGHT="40"
                          WIDTH="1177"
                          VPOS="1726"
                          HPOS="46"
                          CONTENT="souverains; il fit néanmoins une exception pour la fameuse"/>
               </TextLine>
               <TextLine ID="tl_40"
                         BASELINE="1806"
                         HEIGHT="39"
                         WIDTH="1175"
                         VPOS="1767"
                         HPOS="47">
                  <String ID="string_tl_40"
                          HEIGHT="39"
                          WIDTH="1175"
                          VPOS="1767"
                          HPOS="47"
                          CONTENT="lettre de Napoléon à Marie-Louise, qu’il paya 1,200 fr. à la vente"/>
               </TextLine>
               <TextLine ID="tl_41"
                         BASELINE="1847"
                         HEIGHT="39"
                         WIDTH="646"
                         VPOS="1808"
                         HPOS="47">
                  <String ID="string_tl_41"
                          HEIGHT="39"
                          WIDTH="646"
                          VPOS="1808"
                          HPOS="47"
                          CONTENT="Lajarriette. C’est un de ses joyaux."/>
               </TextLine>
            </TextBlock>
            <TextBlock ID="r_2_5" HEIGHT="282" WIDTH="1182" VPOS="1854" HPOS="43">
               <Shape>
                  <Polygon POINTS="43,1854 1225,1854 1225,2136 43,2136"/>
               </Shape>
               <TextLine ID="tl_42"
                         BASELINE="1895"
                         HEIGHT="40"
                         WIDTH="1136"
                         VPOS="1855"
                         HPOS="87">
                  <String ID="string_tl_42"
                          HEIGHT="40"
                          WIDTH="1136"
                          VPOS="1855"
                          HPOS="87"
                          CONTENT="M. Dubrunfaut, qui était chevalier de la Légion d’honneur"/>
               </TextLine>
               <TextLine ID="tl_43"
                         BASELINE="1935"
                         HEIGHT="40"
                         WIDTH="1176"
                         VPOS="1895"
                         HPOS="47">
                  <String ID="string_tl_43"
                          HEIGHT="40"
                          WIDTH="1176"
                          VPOS="1895"
                          HPOS="47"
                          CONTENT="depuis 1861, a été promu au grade d’officier en 1878; mais il"/>
               </TextLine>
               <TextLine ID="tl_44"
                         BASELINE="1975"
                         HEIGHT="40"
                         WIDTH="1176"
                         VPOS="1935"
                         HPOS="47">
                  <String ID="string_tl_44"
                          HEIGHT="40"
                          WIDTH="1176"
                          VPOS="1935"
                          HPOS="47"
                          CONTENT="avait déjà reçu de nombreuses distinctions honorifiques. Une"/>
               </TextLine>
               <TextLine ID="tl_45"
                         BASELINE="2015"
                         HEIGHT="40"
                         WIDTH="1177"
                         VPOS="1975"
                         HPOS="47">
                  <String ID="string_tl_45"
                          HEIGHT="40"
                          WIDTH="1177"
                          VPOS="1975"
                          HPOS="47"
                          CONTENT="anecdote à ce propos : On sait que c’est à son insu que plusieurs"/>
               </TextLine>
               <TextLine ID="tl_46"
                         BASELINE="2055"
                         HEIGHT="39"
                         WIDTH="1176"
                         VPOS="2016"
                         HPOS="47">
                  <String ID="string_tl_46"
                          HEIGHT="39"
                          WIDTH="1176"
                          VPOS="2016"
                          HPOS="47"
                          CONTENT="de ses amis et compatriotes firent les démarches nécessaires"/>
               </TextLine>
               <TextLine ID="tl_47"
                         BASELINE="2095"
                         HEIGHT="39"
                         WIDTH="1178"
                         VPOS="2056"
                         HPOS="46">
                  <String ID="string_tl_47"
                          HEIGHT="39"
                          WIDTH="1178"
                          VPOS="2056"
                          HPOS="46"
                          CONTENT="pour lui obtenir le ruban rouge, M. Dumas, de l’Académie, fut"/>
               </TextLine>
               <TextLine ID="tl_48"
                         BASELINE="2135"
                         HEIGHT="40"
                         WIDTH="1177"
                         VPOS="2095"
                         HPOS="44">
                  <String ID="string_tl_48"
                          HEIGHT="40"
                          WIDTH="1177"
                          VPOS="2095"
                          HPOS="44"
                          CONTENT="chargé de lui annoncer la nouvelle. Il alla le voir et l’interpella"/>
               </TextLine>
            </TextBlock>
            <GraphicalElement ID="r_5" HEIGHT="435" WIDTH="4" VPOS="79" HPOS="1420"/>
         </PrintSpace>
      </Page>
   </Layout>
</alto>
