9994 4671
6993 630 7086 679 8.1
7595 640 7816 682 CHEFS
7876 640 7956 679 DE
8016 639 8611 682 GOUVERNEMENT

6990 938 7018 966 ■f
7046 941 7069 985 7
7162 922 7360 970 LOUIS
7392 924 7506 980 XII,
7548 938 7593 967 n.
7632 924 7656 965 à
7684 919 7829 974 Blois,
7867 935 7924 979 27
7956 921 8055 978 juin

6992 1005 7054 1034 m.
7087 994 7112 1034 à
7147 988 7298 1044 Paris,
7332 1005 7344 1033 1
7376 989 7554 1047 janvier
7583 988 7713 1032 1515.

7042 1079 7087 1115 L.
7114 1079 7170 1124 S.,
7193 1089 7287 1113 avec
7312 1078 7350 1113 la
7373 1077 7639 1125 souscription
7660 1073 7923 1121 autographe,
7944 1074 7964 1112 à
7985 1089 8027 1112 sa

6991 1132 7070 1170 fille
7088 1133 7257 1178 (Claude
7269 1133 7316 1169 de
7331 1133 7497 1180 France)
7509 1145 7517 1179 ;
7540 1130 7686 1168 Madon
7704 1128 7808 1175 (près
7820 1129 7868 1164 de
7886 1129 8025 1178 Blois),

6994 1187 7038 1223 16
7070 1187 7315 1235 septembre,
7357 1188 7415 1235 1/2
7449 1200 7486 1235 p.
7517 1187 7606 1231 in-4
7637 1182 7804 1228 oblong,
7838 1190 7944 1218 trace
7978 1185 8026 1220 de

6988 1241 7141 1277 cachet.
7160 1262 7208 1267 —
7232 1241 7275 1277 P.

7024 1305 7106 1335 Belle
7127 1307 7220 1335 lettre
7234 1306 7364 1336 relative
7385 1306 7401 1334 à
7423 1302 7556 1334 l’évêché
7580 1304 7616 1332 de
7640 1300 7857 1337 Comminges.
7874 1300 7921 1329 En
7941 1301 8026 1330 voici

6990 1347 7016 1375 le
7036 1352 7121 1377 texte
7142 1358 7148 1377 :

7026 1400 7037 1415 «
7059 1390 7112 1419 Ma
7128 1390 7200 1426 fille,
7215 1390 7274 1427 j’ay
7288 1398 7379 1418 receu
7394 1398 7450 1417 voz
7464 1389 7576 1416 lectres
7595 1394 7650 1421 par
7670 1393 7703 1412 ce
7721 1389 7852 1419 porteur
7872 1384 8024 1413 touchant

6987 1431 7018 1459 la
7038 1440 7129 1469 grâce
7149 1432 7185 1460 de
7199 1432 7292 1460 ceulx
7305 1431 7358 1468 qui
7375 1435 7430 1459 ont
7445 1430 7508 1457 esté
7521 1436 7603 1465 pour
7620 1425 7752 1454 l’évêché
7768 1425 7804 1453 de
7822 1425 8025 1463 Comminges

6988 1473 7065 1503 dont
7082 1483 7153 1503 mon
7169 1482 7266 1502 neveu
7282 1474 7319 1501 de
7334 1472 7413 1501 Foix
7436 1471 7591 1505 (l’illustre
7612 1469 7745 1501 Gaston,
7760 1467 7810 1495 fils
7829 1467 7866 1495 de
7886 1468 7916 1495 la
7936 1476 8025 1497 sœur

6988 1515 7026 1543 de
7057 1516 7154 1545 Louis
7183 1516 7252 1550 XII,
7283 1516 7336 1543 tué
7366 1521 7402 1541 en
7437 1512 7509 1540 1512
7541 1511 7557 1538 à
7586 1511 7613 1538 la
7645 1509 7770 1537 bataille
7800 1509 7837 1537 de
7869 1509 8024 1545 Ravenne)

6987 1566 7068 1587 vous
7089 1567 7106 1586 a
7132 1557 7258 1593 escript.
7278 1557 7313 1584 Je
7334 1555 7397 1583 suis
7419 1553 7488 1581 bien
7514 1553 7621 1589 d’avys
7648 1560 7708 1587 que
7734 1552 7764 1579 la
7788 1551 7921 1579 donnez.
7949 1551 7987 1580 Et
8007 1551 8024 1579 à

6988 1605 7056 1629 tant
7076 1601 7193 1628 Nostre
7213 1598 7366 1634 Seigneur
7384 1604 7465 1624 vous
7485 1595 7529 1623 ait
7543 1602 7579 1622 en
7595 1602 7629 1622 sa
7643 1593 7761 1623 saincte
7776 1594 7880 1631 garde.
7898 1594 8026 1631 Escript

6987 1641 7005 1669 à
7024 1642 7143 1670 Madon
7162 1642 7192 1669 le
7210 1647 7278 1668 xvi®
7295 1638 7369 1674 jour
7388 1637 7427 1665 de
7447 1636 7642 1672 septembre.

7482 1688 7493 1703 «
7515 1678 7633 1707 Vostre
7653 1678 7716 1707 bon
7738 1678 7810 1716 père

7597 1731 7609 1746 »
7631 1722 7728 1758 Loys.
7751 1732 7763 1748 »

7024 1777 7085 1811 (Le
7114 1777 7216 1804 comté
7248 1775 7286 1803 de
7317 1774 7522 1811 Comminges
7543 1776 7620 1805 était
7649 1776 7732 1806 situé
7762 1786 7800 1806 en
7821 1778 7976 1816 Guyenne
7997 1784 8026 1808 et

6987 1818 7069 1846 avait
7089 1826 7169 1854 pour
7192 1817 7325 1854 capitale
7344 1816 7619 1856 Saint-Bertrand,
7642 1819 7725 1857 siège
7747 1820 7818 1849 d’un
7839 1819 7953 1850 évêché
7973 1821 8028 1859 qui

6986 1859 7060 1888 était
7082 1860 7316 1896 généralement
7336 1868 7436 1888 connu
7458 1869 7534 1889 sous
7558 1862 7585 1890 le
7605 1870 7679 1891 nom
7701 1863 7739 1891 de
7767 1863 7982 1902 Comminges.
8005 1865 8027 1894 Il

6985 1900 7069 1930 avait
7095 1902 7144 1930 été
7165 1901 7252 1930 réuni
7274 1901 7291 1929 à
7312 1902 7342 1930 la
7359 1910 7520 1932 couronne
7538 1904 7576 1933 de
7597 1905 7719 1934 France
7739 1906 7766 1935 le
7787 1906 7823 1935 25
7846 1907 7920 1937 août
7941 1909 8029 1947 1498.

6986 1943 7078 1972 Deux
7094 1944 7254 1972 membres
7274 1944 7310 1972 de
7332 1945 7362 1973 la
7381 1944 7501 1974 famille
7521 1946 7559 1975 de
7579 1947 7660 1976 Foix
7681 1948 7805 1977 avaient
7824 1950 7872 1978 été
7894 1951 8030 1988 évêques

6985 1986 7023 2014 de
7044 1985 7261 2024 Comminges,
7284 1987 7402 2024 Pierre,
7423 1988 7460 2016 de
7482 1997 7555 2026 1422
7579 1990 7596 2018 à
7620 1999 7708 2027 1440,
7730 1996 7759 2020 et
7778 1992 8029 2030 Jean-Baptiste,

6986 2028 7024 2056 de
7048 2038 7120 2066 1471
7145 2029 7162 2057 à
7192 2029 7281 2060 i5oi.
7309 2030 7355 2059 De
7382 2031 7454 2067 plus
7482 2032 7509 2061 le
7530 2035 7633 2062 comté
7660 2034 7697 2062 de
7725 2034 7931 2072 Comminges
7957 2036 8031 2066 était

6988 2070 7169 2109 limitrophe
7193 2072 7234 2101 du
7249 2082 7327 2111 pays
7349 2073 7386 2101 de
7401 2073 7492 2103 Foix.
7508 2075 7570 2104 Ces
7582 2076 7665 2104 deux
7677 2076 7750 2105 faits
7762 2076 7945 2114 expliquent
7961 2079 8032 2107 l’in¬

6986 2115 7165 2144 tervention
7184 2115 7259 2145 d’un
7283 2117 7422 2145 membre
7442 2117 7479 2145 de
7500 2124 7580 2147 cette
7607 2119 7733 2148 illustre
7752 2119 7871 2148 famille
7892 2129 7929 2148 en
7950 2127 8031 2150 cette

6987 2158 7161 2195 occasion.)

6987 2247 7018 2292 ■F
7041 2247 7068 2293 8
7092 2263 7123 2292 ■+
7160 2249 7497 2309 FRANÇOIS
7529 2252 7568 2306 I,
7594 2266 7638 2294 n.
7670 2251 7696 2294 à
7723 2251 7927 2310 Cognac,
7964 2268 8013 2298 12
8044 2255 8308 2313 septembre
8338 2268 8473 2315 1494,
8497 2269 8648 2302 comte
8672 2259 9035 2318 d’Angoulême,
9058 2263 9128 2306 fils
9148 2263 9205 2306 de

6989 2313 7166 2359 Louise
7189 2316 7245 2359 de
7276 2313 7464 2370 Savoie,
7496 2315 7559 2359 roi
7591 2316 7631 2359 le
7668 2332 7682 2359 1
7717 2315 7892 2372 janvier
7924 2317 8058 2374 r515,
8087 2335 8149 2364 m.
8176 2324 8201 2364 à
8226 2319 8564 2377 Rambouillet,
8591 2323 8641 2367 3i
8671 2339 8795 2367 mars
8826 2326 8956 2383 1547.

7036 2397 7082 2432 L.
7114 2398 7161 2432 A.
7188 2397 7226 2432 S.
7263 2397 7284 2431 à
7309 2397 7547 2442 l’empereur
7569 2397 7900 2442 Charles-Quint;
7935 2397 8007 2443 (fin
8036 2412 8141 2436 mars
8168 2401 8177 2436 I
8192 2401 8295 2448 526),
8327 2401 8385 2448 1/2
8407 2412 8446 2448 p.
8468 2402 8564 2450 in-4.
8593 2404 8715 2450 (Coll.
8740 2405 8986 2453 Chambry.)
9004 2427 9048 2433 —
9072 2409 9113 2442 P.

7023 2466 7190 2494 Précieuse
7210 2466 7303 2493 lettre
7323 2465 7419 2493 écrite
7440 2465 7532 2500 après
7553 2475 7588 2494 sa
7609 2466 7687 2494 mise
7707 2474 7745 2493 en
7766 2466 7888 2495 liberté.
7910 2477 7922 2493 «
7945 2468 8120 2507 Monsyeur
8140 2480 8213 2499 mon
8235 2471 8297 2499 bon
8317 2471 8412 2506 frère,
8434 2471 8574 2510 j'envoye
8595 2482 8629 2501 ce
8650 2479 8780 2510 porteur
8800 2479 8874 2502 mon
8895 2481 9075 2513 secretayre
9096 2478 9206 2505 devers

6985 2515 7065 2535 vous
7083 2516 7164 2543 pour
7183 2515 7264 2534 vous
7284 2507 7371 2543 fayre
7391 2506 7542 2535 entendre
7562 2516 7637 2535 mon
7656 2509 7786 2544 arryvée
7806 2514 7837 2537 et
7857 2517 7936 2547 ausy
7955 2510 7994 2539 de
8014 2520 8081 2540 mes
8102 2514 8274 2549 nouvelles,
8288 2522 8367 2541 vous
8382 2520 8497 2550 pryant
8516 2516 8544 2542 le
8564 2524 8676 2552 croyre
8693 2516 8731 2543 de
8751 2524 8785 2544 ce
8805 2515 8879 2552 qu’il
8900 2526 8981 2546 vous
9002 2518 9080 2555 dyra
9101 2520 9138 2547 de
9156 2528 9205 2547 ma

6985 2553 7065 2584 part,
7080 2553 7110 2576 et
7126 2555 7207 2575 vous
7221 2547 7305 2575 ferez
7322 2547 7444 2584 playsir
7456 2547 7484 2581 à,
7504 2553 7612 2576 vostre
7634 2548 7697 2577 bon
7716 2549 7809 2583 frère,
7830 2559 7904 2588 amy
7921 2556 7953 2580 et
7969 2553 8094 2591 oblygé,
8115 2554 8289 2591 Françoys.
8311 2565 8325 2580 »

7022 2589 7170 2617 Derrière
7190 2594 7272 2616 cette
7293 2590 7384 2616 lettre
7406 2596 7438 2615 se
7464 2594 7576 2616 trouve
7596 2595 7677 2618 cette
7697 2596 7790 2620 note:
7818 2599 7831 2617 «
7854 2593 7961 2623 Lettre
7981 2597 8022 2623 du
8044 2604 8100 2632 roy
8119 2595 8155 2623 de
8176 2596 8296 2624 France
8316 2596 8333 2623 à
8358 2596 8566 2633 l’Empereur,
8588 2606 8698 2626 receue
8720 2599 8748 2626 le
8768 2607 8816 2627 un
8838 2599 8947 2629 d’avril
8974 2609 8983 2629 i
8992 2600 9028 2629 52
9032 2602 9061 2630 ô.
9083 2613 9093 2626 »

7021 2630 7186 2668 (François
7208 2632 7230 2665 I,
7249 2630 7307 2658 fait
7331 2630 7511 2667 prisonnier
7531 2630 7548 2658 à
7567 2631 7596 2658 la
7621 2631 7748 2661 bataille
7767 2634 7803 2661 de
7825 2636 7919 2664 Pavie
7940 2637 7968 2665 le
7982 2645 8021 2674 24
8044 2637 8160 2666 février
8185 2637 8271 2673 1525,
8290 2637 8372 2667 avait
8388 2638 8435 2668 été
8457 2640 8552 2668 remis
8569 2648 8607 2669 en
8624 2639 8736 2669 liberté
8755 2640 8782 2669 le
8801 2641 8836 2670 18
8858 2651 8941 2671 mars
8963 2643 9062 2680 1526.)

6986 2738 7016 2767 +•
7040 2740 7068 2786 9
7091 2722 7363 2769 ■+HENRI
7392 2722 7456 2777 II,
7481 2736 7526 2766 n.
7564 2722 7589 2766 à
7611 2720 8247 2789 Saint-Germain-en-Laye,
8267 2729 8318 2774 3i
8354 2745 8479 2776 mars
8503 2734 8638 2794 1519,
8674 2733 8742 2778 roi
8764 2735 8804 2779 le
8829 2734 8880 2781 31
8915 2752 9041 2781 mars
9069 2740 9204 2798 1647,

6989 2807 7051 2835 m.
7071 2795 7096 2836 à
7119 2790 7270 2847 Paris,
7301 2790 7340 2834 le
7369 2804 7419 2833 10
7437 2787 7585 2847 juillet
7608 2790 7743 2849 155g,
7768 2792 7907 2837 d’une
7929 2794 8135 2840 blessure
8157 2810 8293 2855 reçue
8317 2831 8329 2850 ,
8359 2797 8398 2841 le
8422 2813 8479 2859 29
8502 2799 8620 2857 juin,
8650 2800 8766 2845 dans
8790 2817 8853 2846 un
8875 2803 9082 2848 tournoi.

7040 2876 7086 2912 L.
7103 2876 7161 2921 S.,
7174 2886 7268 2912 avec
7285 2874 7319 2910 la
7334 2869 7600 2919 souscription
7622 2879 7660 2906 et
7678 2872 7775 2908 trois
7790 2873 7918 2921 lignes
7929 2878 8210 2926 autographes,

6989 2929 7010 2965 à
7027 2942 7100 2967 son
7128 2930 7243 2967 oncle
7266 2929 7301 2966 le
7324 2929 7398 2964 duc
7420 2926 7466 2962 de
7487 2924 7652 2961 Ferrare
7673 2926 7868 2970 (Hercule
7891 2930 7927 2964 II
7947 2930 8096 2979 d’Este,
8116 2944 8212 2980 gen¬

6988 2984 7057 3020 dre
7087 2985 7134 3020 de
7159 2983 7280 3020 Louis
7303 2983 7415 3029 XII);
7443 2977 7665 3026 Offemont,
7687 2991 7706 3014 2
7736 2980 7833 3016 août
7868 2982 7979 3029 1553,
8007 2985 8071 3032 3/4
8096 2987 8143 3021 de
8170 2999 8208 3033 p.

6989 3035 7140 3086 in-fol.,
7160 3038 7313 3075 cachet.
7334 3058 7376 3064 —
7402 3037 7443 3072 P.
7467 3034 7514 3071 de
7536 3034 7792 3069 Moncornet.

7021 3107 7289 3139 Remerciements
7310 3109 7365 3138 des
7386 3108 7467 3136 bons
7481 3105 7587 3135 offices
7607 3102 7681 3141 qu’il
7697 3102 7741 3131 lui
7758 3111 7775 3131 a
7801 3104 7920 3133 rendus
7938 3114 7993 3135 sur
8015 3108 8044 3135 la
8058 3107 8209 3136 demande

6987 3149 7024 3177 de
7051 3149 7192 3187 l’évêque
7219 3151 7257 3179 de
7283 3152 7410 3181 Lodève
7432 3147 7636 3186 (Dominique
7662 3146 7699 3174 de
7732 3145 7850 3182 Cabre,
7869 3146 7988 3182 évêque
8018 3149 8055 3176 de
8087 3149 8163 3186 1547
8191 3150 8208 3177 à

6992 3190 7090 3229 1557).
7113 3192 7215 3221 Henri
7236 3195 7265 3222 II
7287 3203 7304 3222 a
7324 3194 7431 3230 ajouté
7452 3200 7502 3220 ces
7523 3194 7605 3219 mots
7625 3188 7662 3216 de
7684 3196 7718 3216 sa
7737 3187 7823 3215 main
7839 3197 7846 3216 :
7870 3198 7882 3213 «
7903 3188 7937 3216 Je
7956 3198 7994 3217 ne
8019 3199 8099 3227 puys
8117 3196 8208 3228 tenyr

6986 3233 7024 3261 de
7058 3242 7139 3263 vous
7164 3234 7253 3271 dyre,
7286 3244 7360 3265 mon
7390 3235 7491 3269 oncle,
7512 3241 7572 3270 que
7599 3231 7626 3268 je
7648 3239 7696 3258 me
7717 3237 7789 3257 sens
7819 3234 7888 3257 tant
7912 3234 7986 3259 tenu
8007 3236 8038 3259 et
8060 3231 8164 3269 obligé
8191 3232 8208 3260 à

6985 3284 7066 3305 vous
7084 3276 7139 3304 des
7162 3276 7341 3306 continuelz
7363 3276 7489 3315 plaisirs
7519 3283 7579 3313 que
7597 3282 7677 3302 vous
7698 3280 7746 3300 me
7772 3270 7864 3299 faites
7884 3279 7944 3308 que
7967 3272 7995 3309 je
8017 3274 8088 3302 n’en
8114 3282 8208 3312 seray

6987 3318 7098 3353 jameis
7114 3318 7269 3355 inguerat.
7286 3331 7298 3347 »
7313 3336 7349 3341 —
7358 3320 7484 3356 (Leduc
7499 3320 7536 3348 de
7549 3318 7683 3347 Ferrare
7695 3313 7807 3348 s’allia,
7819 3322 7857 3341 en
7876 3313 7963 3348 i556,
7979 3324 8053 3344 avec
8066 3316 8209 3346 HenriII

6986 3365 7016 3388 et
7038 3361 7115 3390 Paul
7138 3360 7182 3389 IV
7200 3367 7311 3390 contre
7325 3363 7370 3391 les
7392 3361 7584 3399 Espagnols;
7605 3359 7625 3387 il
7646 3358 7694 3387 fut
7711 3357 7838 3385 nommé
7857 3365 7914 3393 par
7932 3358 7960 3386 le
7977 3359 8060 3396 Pape
8080 3360 8206 3396 général

6985 3402 7021 3430 de
7038 3403 7165 3431 l’armée
7184 3403 7221 3431 de
7239 3404 7369 3441 l’Eglise
7387 3410 7418 3434 et
7435 3413 7491 3441 par
7505 3405 7533 3433 le
7554 3402 7601 3432 roi
7619 3402 7656 3430 de
7670 3400 7790 3430 France
7809 3408 7866 3428 son
7880 3400 8207 3440 lieutenant-général

6984 3453 7023 3473 en
7044 3445 7167 3481 Italie.)

6985 3550 7015 3579 •e
7046 3551 7151 3582 10^
7187 3538 7589 3584 CATHERINE
7635 3536 7717 3581 DE
7750 3522 8039 3594 MÉDICIS,
8080 3554 8126 3584 n.
8165 3543 8189 3584 à
8226 3540 8467 3597 Florence,
8511 3541 8559 3586 13
8608 3542 8724 3587 avril
8769 3545 8904 3607 1519,
8947 3548 9118 3595 femme
9152 3553 9206 3596 de

6989 3604 7137 3649 Henri
7165 3605 7210 3649 II
7235 3607 7312 3664 (27
7339 3606 7529 3651 octobre
7560 3603 7713 3660 1533),
7736 3605 7923 3663 régente
7947 3606 8125 3664 (i56o),
8155 3621 8215 3652 m.
8257 3622 8313 3651 au
8343 3606 8534 3654 château
8561 3609 8617 3654 de
8644 3610 8792 3668 Blois,
8819 3614 8841 3657 5
8868 3614 9045 3673 janvier
9074 3619 9204 3678 1089.

7036 3687 7082 3724 L.
7099 3688 7146 3724 A.
7168 3688 7208 3725 S.
7234 3702 7249 3722 «
7270 3688 7291 3724 à
7309 3688 7346 3724 la
7364 3700 7489 3737 royne
7509 3688 7707 3732 d’Ecosse,
7731 3687 7943 3735 douyrière
7961 3690 8008 3726 de
8028 3691 8192 3736 France,
8210 3690 8391 3728 madame
8407 3703 8471 3729 ma
8489 3692 8570 3730 fille
8592 3707 8606 3728 »
8621 3706 8630 3741 ;
8654 3694 9206 3738 Saint-Germain-en-Lave.

6988 3751 7035 3775 20
7057 3742 7268 3778 décembre
7294 3742 7403 3788 1583,
7431 3743 7493 3790 3/4
7507 3744 7554 3780 de
7575 3755 7612 3791 p.
7636 3741 7769 3787 in-fol.
7792 3741 7910 3787 (Coll.
7934 3743 8200 3794 d'Hervilly.)
8220 3766 8268 3773 —
8291 3746 8333 3783 P.
8354 3746 8401 3783 de
8420 3747 8601 3785 Thomas
8620 3750 8666 3786 de
8691 3751 8788 3789 Leu.
