3605 4694
790 621 873 661 lvi
1329 621 1410 661 LE
1458 622 1880 664 CATALOGUE
1928 622 2206 664 ALFRED
2256 624 2489 666 BOVET
2843 615 2906 663 C.
2939 632 3027 665 xm

787 930 859 963 est
895 917 1232 962 libéralement
1266 927 1461 961 ouverte
1498 932 1590 961 aux
1617 914 1931 969 chercheurs;
1962 916 1986 959 à
2017 916 2084 961 M.
2112 915 2277 972 Jouin,
2307 916 2510 961 l’auteur
2541 917 2605 962 du
2643 916 2914 977 Catalogue
2948 917 3029 962 des

781 989 1032 1051 portraits
1057 988 1348 1049 historiques
1370 991 1563 1049 exposés
1590 1005 1651 1034 au
1687 985 1990 1040 Trocadéro;
2014 1000 2058 1033 et
2082 992 2107 1033 à
2130 989 2196 1033 M.
2224 988 2374 1034 Henri
2402 989 2460 1033 de
2491 990 2660 1047 LTsle,
2691 992 2809 1036 dont
2838 990 3028 1036 l’érudi¬

788 1062 889 1106 tion
924 1060 1341 1121 bibliographique
1372 1073 1440 1107 est
1472 1062 1508 1107 si
1537 1061 1756 1107 étendue.
1779 1058 1907 1105 C’est
1928 1063 1953 1104 à
1974 1076 2064 1106 eux
2099 1077 2191 1121 que
2221 1072 2339 1106 cette
2369 1062 2569 1106 seconde
2603 1063 2780 1108 édition
2811 1063 2913 1109 doit
2944 1063 3027 1108 des

790 1133 1149 1178 améliorations
1171 1133 1402 1179 sensibles
1425 1135 1505 1195 qui
1530 1135 1573 1179 la
1592 1133 1820 1179 rendront
1847 1132 2003 1177 moins
2030 1133 2224 1194 indigne
2246 1134 2329 1178 des
2352 1132 2580 1193 suffrages
2607 1136 2670 1180 du
2694 1136 2856 1196 public
2874 1137 3025 1182 lettré.

909 1206 1204 1251 Maintenant
1230 1221 1306 1251 ma
1328 1207 1461 1252 tâche
1483 1219 1553 1253 est
1575 1205 1823 1252 terminée.
1846 1205 1898 1249 Je
1926 1220 1982 1251 ne
2005 1207 2114 1266 puis
2136 1222 2220 1266 pas
2242 1205 2364 1261 dire,
2388 1219 2572 1250 comme
2594 1207 2635 1251 le
2658 1209 2793 1266 poète
2815 1209 3028 1268 antique,

789 1295 883 1340 que
911 1278 1084 1323 l’heure
1114 1277 1177 1322 du
1207 1294 1347 1339 repos
1370 1293 1439 1326 est
1461 1280 1645 1325 arrivée
1674 1296 1682 1323 :
1717 1293 1830 1322 mon
1854 1280 1957 1338 âge,
1982 1280 2049 1324 les
2077 1278 2355 1324 conditions
2384 1277 2565 1322 mêmes
2588 1279 2645 1323 de
2670 1294 2746 1323 ma
2769 1280 2843 1325 vie
2865 1292 2909 1326 et
2931 1297 3029 1326 mes

788 1352 954 1397 études
986 1350 1296 1411 m’éloignent
1325 1353 1385 1398 de
1415 1354 1458 1399 la
1488 1354 1641 1399 douce
1664 1350 1865 1396 oisiveté
1897 1351 1935 1396 si
1957 1352 2094 1398 chère
2115 1356 2140 1397 à
2175 1353 2380 1397 Horace.
2414 1349 2539 1395 Mais
2567 1362 2684 1396 cette
2710 1366 2874 1397 œuvre
2904 1369 3029 1398 mar¬

790 1439 940 1484 quera
968 1424 1086 1468 dans
1113 1439 1190 1468 ma
1220 1425 1423 1471 carrière
1457 1442 1550 1471 une
1584 1428 1720 1485 étape
1742 1424 1949 1470 décisive
1982 1437 2026 1469 et
2066 1427 2306 1485 peut-être
2343 1424 2544 1483 unique,
2571 1438 2650 1467 car
2682 1424 2936 1468 l’occasion
2972 1426 3030 1470 de

790 1498 976 1542 dresser
1012 1513 1075 1541 un
1113 1509 1248 1542 autre
1278 1498 1542 1545 inventaire
1570 1499 1628 1543 de
1665 1509 1780 1543 cette
1809 1510 1994 1554 nature,
2028 1498 2146 1543 dans
2174 1499 2258 1543 des
2292 1496 2571 1543 conditions
2602 1496 2729 1542 aussi
2759 1496 3032 1556 exception¬

790 1571 955 1627 nelles,
979 1586 1091 1616 avec
1125 1571 1208 1616 des
1235 1573 1609 1618 collaborateurs
1638 1571 1675 1616 si
1702 1571 1807 1616 unis
1829 1586 1916 1631 par
1943 1571 2138 1616 l’amitié
2166 1583 2211 1617 et
2238 1587 2324 1631 par
2346 1573 2390 1617 la
2417 1568 2757 1616 confraternité
2785 1569 2867 1614 des
2889 1572 3030 1630 goûts

786 1656 831 1689 et
857 1644 941 1689 des
972 1644 1280 1704 aspirations,
1312 1661 1361 1690 se
1386 1645 1860 1705 représentera-t-elle
1884 1644 2070 1703 jamais,
2108 1645 2192 1690 dût
2226 1646 2269 1689 la
2292 1657 2452 1690 nature
2487 1644 2717 1689 clémente
2751 1658 2828 1688 me
2860 1643 3030 1704 garder

788 1734 958 1763 encore
992 1719 1047 1762 de
1071 1719 1208 1778 longs
1241 1719 1401 1775 jours?
1434 1717 1567 1776 Quoi
1600 1717 1715 1776 qu’il
1738 1717 1909 1773 arrive,
1938 1716 2013 1774 j’ai
2050 1720 2276 1777 éprouvé,
2318 1719 2532 1778 pendant
2568 1719 2632 1763 les
2660 1730 2827 1778 quatre
2854 1718 3029 1762 années

787 1792 1066 1834 consacrées
1094 1793 1119 1833 à
1147 1801 1267 1832 cette
1302 1803 1480 1842 œuvre,
1515 1803 1608 1831 une
1636 1789 1787 1832 douce
1816 1789 2083 1845 jouissance
2114 1794 2139 1834 à
2168 1790 2295 1835 vivre
2326 1792 2444 1836 dans
2478 1790 2717 1836 l’intimité
2745 1792 2802 1837 de
2830 1805 3027 1851 person¬

789 1876 933 1920 nages
968 1860 1178 1905 illustres
1209 1863 1235 1903 à
1272 1859 1354 1902 des
1384 1858 1516 1902 titres
1551 1857 1588 1901 si
1614 1857 1787 1902 divers.
1828 1858 1916 1901 J’ai
1946 1860 2178 1918 accompli
2221 1875 2298 1904 ma
2326 1863 2460 1907 tâche
2499 1878 2581 1907 cou
2609 1879 2798 1920 amore,
2834 1864 3030 1909 sachant

788 1933 958 1992 qu’elle
992 1931 1156 1976 n’était
1190 1946 1274 1990 pas
1309 1931 1366 1975 de
1405 1930 1545 1975 celles
1583 1929 1665 1988 qui
1701 1940 1959 1987 apportent
1986 1933 2011 1973 à
2046 1930 2148 1974 leur
2181 1943 2345 1975 auteur
2376 1934 2419 1977 la
2448 1934 2657 1991 fortune,
2688 1938 2752 1980 les
2784 1937 3030 1982 honneurs

787 2021 849 2050 ou
887 2005 930 2049 la
967 2002 1260 2063 popularité,
1300 2002 1420 2047 mais
1450 2002 1719 2047 convaincu
1756 2000 1927 2060 qu’elle
1953 2001 2215 2047 incombait
2246 2018 2306 2047 au
2332 2004 2405 2048 fils
2429 2016 2473 2048 et
2503 2008 2528 2048 à
2562 2005 2792 2051 l’héritier
2820 2009 2877 2051 de
2911 2009 3031 2053 celui

786 2077 870 2138 qui
908 2093 933 2122 a
964 2076 1106 2121 fondé
1142 2076 1184 2121 la
1218 2075 1398 2121 science
1426 2075 1507 2122 des
1547 2073 1882 2135 autographes.
1910 2074 1963 2118 Je
1997 2089 2069 2118 me
2102 2074 2200 2118 suis
2231 2090 2449 2119 souvenu
2485 2091 2578 2134 que
2612 2077 2723 2121 c’est
2759 2093 2815 2122 en
2850 2079 3030 2125 France

785 2167 876 2211 que
924 2151 964 2195 le
1008 2149 1124 2210 goût
1155 2149 1239 2194 des
1287 2150 1607 2210 autographes
1656 2164 1682 2194 a
1722 2146 1821 2208 pris
1862 2146 2111 2192 naissance
2153 2159 2197 2192 et
2244 2164 2269 2193 a
2312 2148 2489 2193 obtenu
2532 2164 2619 2193 son
2666 2150 2776 2209 plus
2823 2153 3032 2211 complet

786 2224 1201 2284 développement,
1233 2234 1277 2268 et
1315 2222 1390 2282 j’ai
1429 2225 1593 2284 essayé
1627 2222 1685 2268 de
1726 2237 1782 2267 ne
1810 2237 1894 2282 pas
1926 2236 2001 2266 me
2035 2232 2248 2267 montrer
2277 2220 2474 2282 indigne
2510 2222 2594 2267 des
2626 2222 2845 2282 précieux
2877 2225 3031 2270 ensei¬

785 2309 1039 2361 gnements
1079 2297 1136 2342 de
1179 2312 1292 2342 mon
1335 2297 1442 2358 père
1485 2296 1658 2342 vénéré
1691 2308 1736 2342 et
1779 2296 1835 2341 de
1876 2311 1976 2342 mes
2018 2294 2216 2342 maîtres
2259 2295 2316 2341 de
2359 2295 2541 2341 l’Ecole
2585 2296 2667 2341 des
2711 2294 2930 2342 Chartes.
2978 2298 3032 2343 Je

785 2372 879 2419 n’ai
927 2373 1102 2432 qu’une
1141 2371 1441 2433 prétention,
1479 2372 1593 2418 c’est
1633 2371 1816 2416 d’avoir
1857 2371 2075 2429 toujours
2114 2370 2340 2432 apporté,
2387 2371 2507 2417 dans
2544 2370 2775 2416 l’exercice
2819 2371 2877 2417 de
2918 2387 3030 2418 mon

784 2447 951 2493 métier
989 2463 1045 2492 en
1080 2446 1271 2508 général
1308 2457 1353 2491 et
1389 2446 1508 2492 dans
1545 2447 1588 2492 la
1624 2445 1872 2491 rédaction
1911 2445 1969 2491 de
2004 2457 2075 2491 cet
2115 2445 2380 2492 inventaire
2421 2462 2476 2492 en
2507 2445 2801 2507 particulier,
2842 2458 2947 2492 tout
2991 2447 3031 2492 le

780 2522 903 2578 zèle,
944 2533 1048 2566 tout
1087 2522 1293 2567 l’amour
1336 2519 1709 2581 professionnel,
1747 2531 1878 2565 toute
1915 2520 1956 2565 la
1995 2520 2277 2566 conscience
2314 2521 2431 2566 dont
2475 2519 2517 2579 je
2551 2520 2648 2566 suis
2687 2520 2901 2581 capable.
2940 2520 3029 2566 J’ai

781 2596 853 2639 été
892 2607 1098 2639 soutenu
1140 2610 1224 2654 par
1257 2606 1374 2639 cette
1413 2594 1670 2638 fortifiante
1710 2595 1885 2653 pensée
1926 2608 2039 2651 que,
2077 2594 2546 2654 quelqu’imparfaite
2585 2595 2755 2654 qu’elle
2789 2594 2880 2651 fût,
2916 2610 3030 2639 mon

782 2681 943 2711 œuvre
980 2666 1122 2711 serait
1150 2667 1398 2726 profitable
1433 2670 1459 2711 à
1489 2682 1588 2712 mes
1621 2664 2017 2725 contemporains
2046 2677 2092 2710 et
2120 2681 2209 2711 aux
2245 2667 2549 2726 générations
2587 2667 2790 2712 futures.
2828 2668 3031 2712 Ceux-là

781 2739 910 2781 seuls
938 2738 1020 2795 qui
1045 2750 1127 2782 ont
1155 2739 1470 2797 l’expérience
1495 2740 1578 2784 des
1612 2740 1777 2784 études
1803 2738 2048 2782 d’histoire
2075 2750 2120 2783 et
2151 2739 2436 2786 d’érudition
2470 2740 2848 2799 comprendront
2874 2740 3031 2797 quelle

782 2823 969 2852 somme
1003 2809 1058 2853 de
1094 2810 1282 2865 travail,
1319 2810 1376 2854 de
1417 2811 1698 2855 recherches
1734 2822 1778 2855 et
1816 2810 1874 2854 de
1918 2809 2132 2869 patience
2163 2827 2188 2856 a
2226 2815 2363 2858 coûté
2402 2825 2475 2858 cet
2514 2809 2797 2857 inventaire.
2833 2809 3031 2855 Ceux-là

780 2880 909 2925 seuls
940 2880 1070 2924 aussi
1103 2892 1409 2941 partageront
1442 2882 1484 2926 la
1520 2882 1813 2927 satisfaction
1844 2897 1935 2942 que
1963 2881 2037 2939 j’ai
2072 2885 2299 2931 ressentie
2331 2889 2356 2931 à
2385 2886 2630 2931 redresser
2657 2882 2740 2926 des
2773 2896 2978 2939 erreurs,
3005 2886 3030 2928 à

779 2952 965 2998 fournir
998 2953 1079 2998 des
1113 2953 1338 2999 éléments
1364 2970 1614 3000 nouveaux
1649 2955 1675 3000 à
1701 2955 1934 3000 l’histoire
1959 2958 2177 3016 générale
2200 2974 2261 3004 ou
2291 2957 2613 3020 particulière,
2641 2958 2665 2999 à
2700 2966 2925 3014 apporter
2952 2970 3030 3002 ma

780 3026 934 3087 pierre
969 3030 994 3071 à
1024 3038 1144 3073 cette
1175 3041 1341 3072 œuvre
1375 3028 1432 3073 de
1469 3028 1617 3074 vérité
1652 3028 1921 3090 historique
1961 3029 1998 3074 si
2031 3030 2222 3078 difficile
2259 3036 2285 3077 à
2317 3031 2530 3077 réaliser.
2568 3026 2700 3072 C’est
2736 3029 2762 3071 à
2796 3042 2935 3074 cause
2972 3030 3029 3075 de

778 3111 899 3145 cette
932 3099 1060 3145 mine
1090 3100 1389 3161 inépuisable
1417 3102 1474 3148 de
1504 3103 1916 3165 renseignements
1944 3104 2128 3150 fournis
2151 3121 2237 3166 par
2266 3107 2334 3151 les
2363 3105 2648 3149 documents
2676 3100 2910 3162 analysés,
2936 3119 3029 3164 que

780 3175 819 3219 le
847 3174 1094 3235 catalogue
1127 3175 1276 3220 Bovet
1310 3187 1381 3221 est
1407 3179 1573 3223 assuré
1607 3178 1722 3223 d’un
1753 3179 1920 3223 succès
1949 3179 2149 3225 durable
2182 3180 2359 3239 auprès
2389 3177 2447 3220 de
2483 3175 2526 3219 la
2559 3172 2786 3232 postérité
2817 3189 3024 3224 savante.

778 3247 886 3306 Que
917 3247 975 3293 de
1011 3247 1151 3293 livres
1188 3248 1299 3310 plus
1329 3249 1545 3297 brillants
1573 3263 1616 3297 et
1651 3253 1758 3312 plus
1792 3254 2072 3313 remarqués
2102 3264 2276 3297 auront
2311 3250 2380 3296 été
2409 3249 2493 3292 dès
2526 3246 2799 3307 longtemps
2821 3249 3027 3307 oubliés,

778 3335 869 3378 que
897 3321 1088 3367 celui-ci
1128 3338 1232 3368 sera
1266 3338 1436 3370 encore
1477 3326 1698 3370 consulté
1740 3340 1852 3370 avec
1892 3325 2008 3370 fruit
2038 3340 2125 3385 par
2164 3326 2229 3370 les
2261 3320 2519 3368 historiens
2545 3329 2588 3363 et
2621 3334 2707 3378 par
2748 3320 2815 3366 les
2844 3322 3028 3368 érudits

780 3404 823 3435 et
862 3395 1110 3442 recherché
1138 3413 1224 3458 par
1259 3398 1326 3443 les
1361 3398 1698 3459 bibliophiles!
1730 3399 1868 3444 Cette
1902 3398 2082 3443 double
2111 3399 2287 3458 pensée
2320 3396 2383 3440 du
2414 3391 2592 3438 service
2627 3393 2780 3438 rendu
2816 3405 2859 3439 et
2891 3395 2948 3440 de
2985 3396 3028 3441 la

781 3466 1041 3521 perpétuité
1089 3469 1145 3515 de
1196 3470 1394 3518 l’œuvre
1442 3472 1682 3517 n’est-elle
1734 3485 1819 3529 pas
1872 3485 1966 3515 une
2009 3470 2219 3530 légitime
2264 3471 2577 3525 récompense
2625 3466 2708 3511 des
2762 3467 2922 3512 efforts
2971 3468 3028 3513 de

781 3532 848 3578 M.
873 3535 1038 3582 Alfred
1070 3541 1217 3587 Bovet
1245 3556 1290 3589 et
1314 3544 1370 3590 de
1397 3560 1472 3590 ses
1500 3543 1907 3590 collaborateurs?

2156 3673 2441 3721 ÉTIENNE
2494 3682 2832 3721 CIIARAVAY.
