3611 4694
800 629 833 680 4
1395 629 1620 670 CHEFS
1682 629 1767 668 DE
1828 614 2427 668 GOUVERNEMENT
2930 614 3025 662 S.l

863 910 886 954 3
979 908 1198 952 MARIE
1240 909 1541 966 D’ANJOU,
1571 925 1618 955 n.
1661 923 1715 966 14
1757 906 1947 951 octobre
1998 922 2134 965 1404,
2176 907 2269 951 fille
2308 905 2373 949 du
2414 905 2504 949 duc
2539 907 2743 964 d’Anjou
2788 905 2933 950 Louis
2983 906 3026 948 II

799 989 843 1021 et
880 975 1143 1019 d’Yolande
1180 974 1441 1035 d’Aragon,
1465 976 1634 1021 femme
1669 975 1725 1020 de
1764 973 1961 1019 Charles
1994 974 2085 1020 VII
2126 972 2261 1031 (avril
2299 973 2452 1028 1422),
2479 986 2542 1017 m.
2581 973 2696 1017 dans
2731 972 2942 1031 l’abbaye
2973 972 3028 1016 de

797 1038 1070 1088 Chatelliers
1091 1055 1146 1083 en
1174 1040 1360 1097 Poitou,
1387 1056 1444 1102 29
1468 1042 1723 1087 novembre
1753 1039 1884 1096 146a.

848 1133 891 1169 P.
921 1131 987 1179 S.;
1019 1129 1438 1176 Montilz-lès-Tours,
1468 1144 1505 1168 11
1539 1131 1619 1168 mai
1650 1130 1761 1177 1452,
1793 1133 1849 1177 1/2
1873 1141 1911 1177 p.
1940 1128 2026 1177 in-4
2050 1129 2215 1179 oblong.

798 1184 960 1234 Rognée
985 1184 1083 1220 dans
1104 1195 1184 1220 une
1206 1187 1354 1233 marge.
1378 1187 1499 1223 Rare.
1523 1208 1571 1213 —
1594 1187 1637 1223 P.

832 1262 900 1292 Elle
924 1262 1067 1299 s'engage
1094 1261 1111 1289 à
1138 1261 1216 1290 faire
1235 1271 1331 1300 payer
1356 1263 1373 1292 à
1394 1264 1469 1292 Jean
1495 1264 1658 1301 Pasquier.
1687 1269 1836 1291 receveur
1857 1261 1899 1290 du
1923 1267 2017 1299 quart
2043 1261 2085 1290 du
2107 1262 2151 1290 sel
2179 1262 2217 1290 de

796 1304 922 1340 Poitou,
951 1305 980 1332 la
1006 1312 1128 1332 somme
1156 1304 1194 1332 de
1214 1304 1300 1342 vingt
1323 1303 1397 1335 e'cus
1421 1315 1482 1344 que
1508 1305 1637 1336 celui-ci
1666 1304 1710 1334 lui
1735 1312 1752 1332 a
1773 1303 1885 1333 baillée
1911 1309 2073 1342 comptant
2101 1315 2112 1330 «
2136 1312 2219 1342 pour

794 1347 872 1376 faire
891 1352 999 1376 nostre
1017 1346 1129 1384 plaisir
1143 1352 1173 1376 et
1191 1347 1347 1378 voulenté.
1357 1359 1370 1376 »

796 1471 931 1514 *4-*
968 1456 1169 1504 LOUIS
1211 1459 1298 1515 XI,
1346 1475 1390 1505 n.
1438 1464 1464 1505 à
1508 1461 1742 1520 Bourges,
1783 1457 1806 1502 3
1852 1457 1994 1515 juillet
2036 1456 2173 1514 1423,
2209 1457 2278 1501 roi
2326 1457 2367 1501 le
2410 1471 2460 1501 21
2508 1455 2653 1513 juillet
2701 1457 2835 1514 1461,
2874 1457 2946 1501 fils
2987 1471 3029 1502 et

795 1539 1074 1570 successeur
1097 1525 1154 1570 de
1177 1525 1374 1572 Charles
1402 1527 1518 1584 VII,
1541 1542 1604 1571 m.
1635 1541 1693 1571 au
1720 1525 1920 1570 château
1950 1523 2014 1568 du
2047 1522 2517 1578 Plessis-lès-Tours,
2545 1523 2603 1568 3o
2626 1523 2737 1567 août
2770 1523 2904 1580 1483.

844 1616 888 1653 L.
907 1616 947 1652 S.
963 1628 1014 1652 au
1032 1616 1108 1653 duc
1127 1617 1174 1653 de
1191 1617 1317 1654 Milan
1337 1616 1699 1664 (Galeazzo-Maria
1716 1615 1867 1662 Sforza,
1887 1627 1925 1651 n.
1946 1614 1968 1650 à
1982 1614 2129 1650 Fermo
2145 1625 2195 1650 en
2215 1626 2326 1661 1444,
2342 1614 2421 1651 duc
2437 1626 2486 1651 en
2510 1613 2620 1661 1466,
2640 1614 2833 1651 assassiné
2848 1614 2882 1651 le
2899 1615 2946 1651 26
2961 1616 3028 1652 dé¬

794 1672 953 1708 cembre
973 1671 1103 1721 1476);
1119 1672 1364 1721 Orléans,27
1378 1672 1640 1721 mars(i46y),
1657 1668 2249 1720 1/2p.in-4oblong,cachet.—
2259 1669 2305 1708 P.

828 1752 938 1781 Lettre
957 1751 995 1779 de
1017 1752 1149 1780 créance
1178 1760 1260 1788 pour
1280 1752 1404 1780 Gaston
1426 1751 1468 1779 du
1493 1751 1594 1788 Lyon,
1622 1749 1768 1778 sénéchal
1790 1748 1829 1776 de
1860 1746 2048 1783 Saintonge,
2073 1752 2104 1775 et
2124 1747 2199 1775 Jean
2230 1747 2304 1776 Phi¬

792 1793 888 1830 lippe,
907 1793 1071 1830 président
1104 1793 1160 1821 des
1181 1793 1334 1829 Comptes
1368 1793 1411 1820 du
1440 1791 1622 1827 Dauphiné.
1651 1801 1663 1816 «
1681 1791 1775 1818 Nous
1801 1798 1965 1826 envoyons
1986 1788 2224 1826 présentement
2249 1798 2306 1826 par

793 1835 904 1863 devers
924 1843 1004 1862 vous
1026 1843 1083 1862 nos
1104 1842 1192 1862 amez
1220 1839 1249 1862 et
1272 1832 1379 1861 féaulx
1401 1832 1601 1861 conseilliers
1629 1831 1753 1859 Gaston
1784 1831 1826 1858 du
1850 1830 1949 1864 Léon,
1974 1835 2083 1857 nostre
2104 1830 2304 1858 chambellan

792 1882 823 1904 et
843 1876 1006 1904 seneschal
1026 1876 1064 1903 de
1086 1875 1275 1912 Xaintonge,
1293 1880 1323 1902 et
1350 1873 1481 1901 maistre
1501 1873 1603 1901 Jehan
1633 1871 1818 1908 Phe-lippes,
1840 1869 2005 1907 présidant
2023 1870 2062 1898 de
2080 1879 2140 1898 noz
2160 1875 2305 1907 comptes

792 1918 834 1946 du
867 1915 1048 1953 Dauphiné,
1080 1917 1232 1953 ausquelz
1253 1923 1352 1944 avons
1373 1912 1500 1951 chargié
1516 1923 1598 1942 vous
1628 1912 1695 1941 dire
1714 1913 1752 1940 de
1770 1920 1829 1948 par
1849 1919 1930 1940 nous
1957 1918 2097 1938 aucunes
2124 1911 2248 1939 choses.
2270 1911 2303 1939 Si

792 1968 871 1987 vous
887 1958 954 1996 prie
973 1966 1033 1994 que
1057 1958 1103 1986 les
1123 1956 1255 1986 veuillés
1277 1956 1378 1985 croire
1397 1961 1427 1984 et
1448 1956 1613 1992 adjouster
1635 1954 1739 1992 plaine
1760 1953 1813 1990 foy
1834 1957 1864 1980 et
1882 1950 2013 1980 créance
2030 1952 2048 1979 à
2065 1959 2099 1979 ce
2114 1951 2208 1987 qu'ilz
2226 1960 2305 1980 vous

792 2001 899 2029 diront
928 2001 966 2029 de
989 2005 1099 2029 nostre
1128 2005 1234 2037 part...
1263 2010 1275 2025 »
1304 2014 1340 2019 —
1369 1999 1503 2033 (Gaston
1536 1998 1578 2026 du
1608 1997 1696 2036 Lyon
1719 1994 1803 2024 avait
1828 1995 1876 2022 été
1904 2001 1945 2021 un
1976 1993 2031 2020 des
2060 1992 2168 2020 fidèles
2202 1992 2306 2020 servi¬

791 2048 881 2071 teurs
907 2042 948 2070 du
971 2041 1115 2078 dauphin
1152 2040 1253 2070 Louis
1274 2045 1303 2069 et
1335 2039 1357 2068 il
1385 2049 1422 2068 en
1445 2039 1528 2069 avait
1554 2041 1603 2068 été
1624 2037 1839 2074 récompensé,
1864 2036 1929 2064 lors
1964 2034 2001 2062 de
2022 2033 2231 2062 l’avènement
2267 2033 2304 2061 de

792 2085 891 2115 Louis
913 2084 966 2119 XI,
993 2093 1051 2121 par
1069 2084 1096 2112 la
1126 2084 1242 2121 charge
1274 2083 1312 2112 de
1343 2082 1490 2111 sénéchal
1512 2083 1550 2112 de
1572 2082 1757 2117 Saintonge.
1783 2079 1806 2107 Il
1834 2078 1953 2112 devint,
1974 2085 2012 2105 en
2044 2075 2134 2112 1469,
2156 2075 2302 2104 sénéchal

791 2129 828 2157 de
846 2127 1012 2156 Toulouse
1029 2131 1060 2155 et
1080 2130 1210 2156 mourut
1228 2125 1323 2163 après
1348 2126 1449 2164 1490.)

790 2256 820 2285 f
844 2243 927 2286 5>‘
959 2238 1274 2287 CHARLES
1316 2239 1454 2296 VIII,
1504 2255 1550 2283 n.
1587 2239 1612 2283 à
1648 2234 1903 2292 Amboise,
1940 2234 1998 2279 3o
2035 2231 2133 2292 juin

792 2309 849 2354 3o
871 2308 984 2354 août
1013 2309 1149 2367 1483,
1173 2323 1235 2353 m.
1264 2310 1289 2353 à
1315 2306 1562 2363 Amboise,
1590 2323 1614 2367 7
1641 2304 1756 2350 avril
1787 2303 1920 2365 1498.

836 2401 881 2437 L.
906 2401 945 2437 S.
969 2413 1048 2437 aux
1069 2399 1303 2437 conseillers
1324 2408 1361 2436 et
1383 2411 1479 2448 gens
1506 2398 1554 2435 de
1586 2409 1646 2434 ses
1668 2404 1851 2445 comptes
1871 2395 1892 2432 à
1918 2393 2050 2441 Paris;

786 2455 994 2504 Amboise,
1015 2469 1041 2504 4
1055 2457 1221 2493 octobre
1237 2455 1386 2504 (148Z),
1405 2455 1470 2504 3/4
1488 2454 1535 2491 de
1552 2465 1591 2503 p.
1616 2453 1718 2500 in-4.
1741 2450 1886 2489 Jaunie
1908 2462 1976 2487 sur
1997 2448 2052 2486 les

789 2522 956 2559 marges.
979 2533 1027 2538 —
1051 2513 1094 2549 P.

823 2589 914 2618 Pièce
934 2590 1112 2627 historique
1126 2590 1167 2619 où
1188 2590 1208 2619 il
1230 2591 1300 2619 leur
1315 2589 1428 2618 mande
1450 2589 1524 2626 qu’il
1540 2588 1626 2617 vient
1640 2587 1678 2616 de
1693 2587 1816 2615 donner
1833 2585 1850 2613 à
1864 2584 1999 2620 Jacques
2015 2582 2053 2610 de

787 2631 910 2661 Coitier
928 2633 970 2667 (le
984 2633 1109 2661 célèbre
1129 2633 1269 2662 médecin
1285 2638 1316 2661 et
1330 2632 1500 2661 conseiller
1521 2631 1557 2660 de
1580 2630 1678 2660 Louis
1698 2629 1754 2666 XI)
1775 2627 1887 2657 l’office
1908 2626 1945 2654 de
1966 2626 2052 2653 vice-

788 2674 947 2709 président
967 2674 1004 2703 de
1026 2676 1054 2704 la
1074 2675 1237 2705 Chambre
1252 2676 1307 2703 des
1323 2675 1486 2712 Comptes.
1511 2684 1523 2700 «
1547 2674 1584 2702 Et
1602 2681 1683 2710 pour
1704 2680 1738 2701 ce
1752 2679 1812 2708 que
1832 2669 1906 2699 ledit
1923 2667 2054 2697 maistre

786 2716 922 2752 Jacques
938 2725 954 2744 a
976 2717 1047 2745 bien
1069 2723 1098 2746 et
1114 2719 1308 2755 loyaulment
1329 2726 1422 2755 servy
1437 2718 1489 2746 feu
1519 2722 1628 2745 nostre
1649 2716 1714 2744 très
1735 2714 1822 2743 chier
1851 2712 2003 2749 seigneur
2023 2715 2054 2738 et

789 2757 860 2793 père
890 2766 951 2793 que
980 2758 1060 2787 Dieu
1090 2760 1224 2788 absoille
1250 2759 1383 2796 jusques
1404 2760 1421 2787 à
1442 2760 1539 2787 l’eure
1560 2759 1597 2787 de
1621 2766 1678 2786 son
1694 2763 1818 2792 trespas
1835 2760 1866 2783 et
1890 2763 1952 2791 que
1972 2761 2053 2781 nous

786 2798 930 2827 désirons
946 2800 972 2828 le
987 2801 1159 2836 pourveoir
1180 2801 1292 2830 d’estat
1310 2801 1388 2829 dont
1405 2801 1425 2829 il
1445 2801 1553 2837 puisse
1571 2799 1882 2829 honnourablement
1900 2794 2054 2832 emploier

788 2849 838 2868 ses
863 2839 954 2876 jours
983 2850 1020 2869 en
1054 2848 1164 2870 nostre
1194 2842 1327 2877 service,
1356 2851 1437 2870 nous
1469 2851 1549 2870 vous
1572 2841 1730 2870 mandons
1757 2845 1786 2868 et
1813 2838 2054 2875 expressément

788 2882 975 2920 enjoignons
996 2893 1068 2921 que,
1087 2890 1195 2913 toutes
1213 2885 1418 2914 excusations
1433 2890 1462 2913 et
1479 2885 1607 2913 faveurs
1625 2891 1766 2918 cessans,
1778 2891 1857 2911 vous
1877 2882 1904 2909 le
1923 2887 2052 2908 recevez

787 2925 877 2954 oudit
891 2925 1018 2955 office...
1031 2938 1043 2953 »
1056 2926 1240 2962 —(Coitier
1254 2926 1363 2955 devint
1376 2928 1447 2962 plus
1459 2926 1529 2955 tard
1543 2926 1707 2964 président
1722 2925 1759 2954 de
1773 2925 1803 2954 la
1819 2923 1982 2954 Chambre
1997 2921 2052 2950 des

788 2968 955 3004 Comptes.
976 2969 1001 2998 Il
1020 2975 1149 2998 mourut
1168 2971 1184 2998 à
1204 2969 1294 2998 Paris
1310 2978 1383 2998 vers
1405 2978 1414 2998 i
1423 2969 1438 2998 5
1442 2979 1460 2999 o
1465 2969 1479 2998 5
1487 2971 1507 3006 .)

786 3088 805 3133 4
841 3088 869 3133 6
903 3102 923 3131 f
959 3087 1150 3133 ANNE
1176 3088 1259 3132 DE
1286 3088 1668 3144 BRETAGNE,
1698 3089 1743 3132 n.
1770 3085 1795 3132 à
1818 3085 2013 3139 Nantes,
2033 3081 2091 3140 26
2107 3081 2284 3140 janvier
2311 3097 2445 3144 1477,
2463 3077 2690 3125 duchesse
2712 3076 2769 3121 de
2797 3077 3020 3138 Bretagne

785 3161 832 3218 (9
850 3155 1117 3216 septembre
1143 3155 1294 3213 1488),
1308 3155 1400 3200 fille
1415 3157 1475 3201 du
1489 3157 1578 3201 duc
1595 3153 1824 3214 François
1840 3152 1906 3209 II,

786 3224 955 3269 femme
973 3224 1028 3268 de
1045 3223 1242 3270 Charles
1260 3223 1377 3268 VIII
1402 3225 1449 3282 (6
1474 3224 1722 3270 décembre
1753 3224 1905 3281 1491),

787 3291 893 3350 puis
914 3292 969 3337 de
995 3291 1142 3337 Louis
1169 3291 1263 3337 XII
1289 3293 1336 3352 (7
1367 3291 1547 3351 janvier
1576 3293 1731 3352 1499),
1758 3305 1818 3334 m.
1846 3304 1904 3334 au

786 3357 978 3404 château
1001 3359 1056 3404 de
1080 3359 1230 3416 Blois,
1256 3373 1284 3418 9
1307 3359 1483 3417 janvier
1517 3360 1648 3416 1514.

838 3447 882 3482 L.
905 3449 963 3493 S.,
994 3461 1061 3485 sur
1078 3450 1200 3497 vélin,
1223 3450 1244 3487 à
1268 3451 1397 3487 Raoul
1432 3449 1622 3495 Hurault,
1651 3446 1840 3483 trésorier
1867 3454 1904 3482 et

788 3510 973 3536 receveur
998 3502 1156 3549 général
1184 3506 1232 3542 de
1254 3517 1313 3542 ses
1336 3506 1537 3551 finances;
1564 3501 1688 3546 Blois,
1711 3513 1755 3548 14
1776 3499 1905 3549 juillet

795 3553 905 3599 i5o8,
928 3556 983 3601 1/2
1001 3569 1036 3603 p.
1059 3558 1191 3596 in-fol.
1210 3561 1374 3609 oblong.
1402 3562 1466 3598 Un
1502 3573 1578 3609 peu
1608 3556 1756 3607 jaunie.
1781 3555 1902 3604 (Coll.

789 3608 918 3644 Fossé
939 3609 1141 3648 Darcosse
1167 3620 1202 3648 et
1225 3616 1518 3664 Dubrunfaut.)
1535 3637 1583 3643 —
1605 3616 1645 3651 P.
1670 3632 1677 3638 -

826 3684 930 3714 Ordre
953 3685 990 3713 de
1015 3695 1110 3724 payer
1144 3688 1174 3716 la
1192 3698 1314 3720 somme
1334 3692 1372 3720 de
1397 3701 1508 3727 10,000
1530 3692 1625 3722 livres
1648 3688 1796 3721 tournois
1823 3687 1839 3716 à
1870 3696 1903 3716 sa

788 3726 920 3756 cousine
952 3727 1156 3764 Jacquemine
1189 3731 1226 3759 de
1251 3732 1392 3769 Lestrac,
1417 3735 1479 3763 fille
1507 3735 1548 3763 du
1574 3739 1678 3764 comte
1701 3733 1739 3761 de
1763 3733 1903 3766 Lestrac,

789 3778 800 3796 «
821 3777 857 3797 en
876 3768 987 3798 faveur
1001 3770 1039 3798 de
1055 3780 1111 3800 son
1129 3773 1266 3811 mariage
1284 3783 1440 3813 avecques
1457 3777 1485 3805 le
1507 3777 1568 3806 sire
1583 3778 1621 3806 de
1644 3776 1766 3813 Mailly.
1787 3786 1798 3800 »
