3689 4673
967 883 2591 1077 CATALOGUE

1386 1719 1842 1781 PREMIÈRE
1902 1717 2156 1779 SÉRIE

875 2097 1277 2183 CHEFS
1357 2097 1507 2181 DE
1581 2093 2679 2183 GOUVERNEMENT

1480 2640 1530 2680 •w
1604 2620 1936 2678 FRANCE
2006 2636 2056 2676 s*

651 2808 675 2836 +
716 2814 728 2841 i
768 2816 790 2844 <•
824 2793 1136 2846 CHARLES
1164 2794 1247 2848 VI,
1269 2796 1315 2838 n.
1339 2793 1364 2837 à
1389 2793 1536 2847 Paris,
1565 2794 1588 2838 3
1613 2793 1858 2840 décembre
1888 2809 1901 2837 1
1915 2791 2003 2838 368
2009 2826 2021 2848 ,
2048 2790 2120 2835 fils
2144 2792 2201 2836 de
2228 2790 2427 2837 Charles
2449 2792 2510 2849 V,
2533 2792 2602 2837 roi
2626 2792 2665 2837 le
2697 2793 2749 2838 16
2772 2808 2875 2852 sep¬

653 2864 830 2910 tembre
858 2882 869 2910 i
883 2865 941 2910 38
946 2879 992 2919 o,
1016 2878 1080 2907 m.
1113 2864 1139 2906 à
1163 2858 1314 2913 Paris,
1344 2873 1400 2901 22
1429 2860 1619 2904 octobre
1645 2875 1777 2917 1422.

702 2951 747 2990 L.
791 2954 848 2998 S.,
887 2966 955 2990 sur
990 2951 1110 2998 vélin,
1148 2959 1196 2984 au
1237 2945 1411 2982 vicomte
1445 2947 1509 2991 (de
1554 2947 1712 2995 Rouen)
1730 2959 1739 2994 ;
1769 2949 1923 2994 Melun,

654 3005 671 3039 5
691 3007 917 3055 décembre,
947 3011 1002 3055 1/2
1020 3019 1058 3054 p.
1082 3002 1217 3041 in-fol.
1238 2999 1401 3046 oblong.
1421 3000 1546 3036 Rare.
1566 3021 1613 3026 —
1632 3002 1675 3036 P.

689 3082 710 3110 Il
732 3082 774 3112 lui
792 3085 912 3122 enjoint
930 3085 968 3113 de
986 3093 1025 3113 ne
1043 3091 1100 3121 pas
1120 3077 1330 3110 contraindre,
1345 3075 1469 3111 jusqu'à
1487 3076 1602 3104 nouvel
1620 3077 1725 3109 ordre,
1742 3084 1798 3104 son
1816 3077 1922 3104 cham¬

650 3122 762 3157 bellan,
783 3126 811 3153 le
829 3126 892 3155 sire
911 3127 949 3156 de
969 3125 1144 3162 Thorigny,
1165 3122 1181 3150 à
1198 3127 1294 3158 payer
1307 3116 1461 3146 l’amende
1478 3116 1517 3144 de
1535 3116 1620 3144 mille
1634 3116 1737 3145 francs
1755 3116 1772 3144 à
1789 3116 1924 3152 laquelle

648 3163 670 3192 il
688 3174 704 3193 a
722 3164 770 3194 été
789 3166 964 3197 condamné
984 3175 1021 3195 en
1042 3162 1227 3200 l’échiquier
1242 3161 1259 3189 à
1276 3160 1392 3189 Rouen.

649 3266 673 3293 +
704 3268 728 3297 2
755 3268 784 3296 *
817 3253 1133 3301 CHARLES
1178 3251 1291 3303 VII,
1331 3262 1377 3291 n.
1424 3246 1450 3289 à
1492 3245 1645 3300 Paris,
1691 3244 1747 3300 22
1791 3244 1973 3300 janvier
2016 3246 2153 3301 1403,
2189 3246 2262 3290 fils
2306 3250 2369 3292 du
2415 3250 2690 3305 précédent,
2725 3248 2794 3292 roi
2833 3248 2872 3292 le

651 3332 706 3363 22
738 3321 932 3365 octobre
962 3332 1096 3377 1422,
1120 3332 1178 3362 m.
1213 3330 1270 3359 au
1301 3312 1493 3356 château
1519 3310 1575 3354 de
1594 3309 1769 3354 Mehun
1799 3324 1880 3353 sur
1905 3309 2057 3354 Yèvre
2079 3309 2259 3366 (Cher),
2284 3312 2340 3368 22
2363 3311 2511 3368 juillet
2539 3313 2673 3368 1461.

699 3408 743 3444 L.
765 3410 805 3446 S.
825 3421 875 3445 au
896 3411 974 3446 duc
1000 3407 1212 3445 d’Orléans
1235 3400 1430 3450 (Charles,
1454 3399 1548 3448 père
1573 3400 1621 3436 de
1643 3399 1764 3437 Louis
1790 3399 1901 3447 XII);
1927 3400 1980 3436 La
2003 3399 2168 3436 Bruière
2193 3399 2416 3448 Laubépin,
2440 3399 2458 3436 3
2471 3413 2480 3436 i
2505 3401 2617 3449 août,
2645 3401 2701 3449 1/2
2725 3414 2761 3450 p.
2785 3402 2872 3451 in-4

647 3461 816 3510 oblong,
831 3462 985 3499 cachet.
1005 3461 1177 3509 Légères
1193 3457 1345 3494 taches.
1364 3476 1410 3480 —
1434 3454 1477 3490 P.

685 3538 709 3566 Il
730 3547 748 3566 a
765 3547 841 3578 reçu
861 3540 917 3569 des
941 3540 1055 3569 lettres
1075 3539 1116 3567 du
1137 3535 1227 3565 bailli
1247 3534 1287 3562 de
1306 3533 1387 3562 Sens
1407 3532 1479 3566 (Ré¬

646 3581 758 3613 gnault
777 3582 821 3610 du
840 3583 1000 3619 Dresnay)
1020 3580 1066 3609 lui
1085 3581 1266 3615 annonçant
1283 3576 1312 3604 la
1332 3580 1417 3603 mort
1442 3575 1480 3603 de

645 3619 802 3651 Thibault
828 3624 967 3659 Caillau,
994 3622 1151 3660 capitaine
1171 3621 1213 3649 du
1232 3618 1327 3647 vieux
1347 3616 1480 3646 château

646 3661 763 3699 d’Asti,
785 3670 817 3694 et
842 3665 1041 3694 demandant
1061 3669 1140 3693 cette
1165 3663 1253 3699 place
1274 3667 1356 3698 pour
1376 3668 1417 3688 un
1441 3660 1479 3688 de

647 3710 699 3731 ses
722 3706 1000 3741 gentilshommes.
1033 3707 1058 3736 Il
1089 3707 1229 3742 l’engage
1259 3703 1275 3731 à
1305 3702 1437 3731 accéder
1462 3703 1478 3730 à

646 3749 726 3773 cette
746 3747 914 3778 demande.
