1552 3029
683 90 237 50 -11-

78 176 1328 52 96. PHILIDOR (F. A. Danican, dit), musicien compositeur.

282 230 991 41 L. aut. sig. Londres, 11 mai, 2 p. in-4. Jolie lettre.

75 271 1438 56 97. PIAZZI (Joseph), célèbre astronome italien; c’est lui qui a

231 325 982 50 découvert la planete Cérès le 1er janvier 1801.

278 377 908 43 L. aut. sig. en italien, Palerme, 1817, 1 p. in-4.

72 420 838 52 98. PICARD (J.), célèbre astronome.

278 473 862 42 L. aut. sig. en latin, Hænnix, 1671, 1 p. in 4.

262 514 721 29 Relative à des observations touchant Saturne.

71 550 1214 54 99. PICART (Bernard), dessinateur et graveur célèbre.

273 603 1241 43 Billet de 8 lig. aut. sig. (à Prosper Marchand), Amsterdam, 1er oc¬

232 645 1279 42 tobre 1732, 1 p. in-8. Le revers de ce billet est couvert dénotés aut.

232 686 306 34 de P. Marchand.

70 729 1322 52 100. PIORRY (P. F.), député de la Vienne à la Convention.

275 782 923 42 Pièce aut. sig. Liège, 1er avril 1822, 5 p. pl. in-4.

260 823 651 37 C’est sa biographie rédigée par lui-même.

68 869 1441 54 101. PROUDHON (P. J.), représentant du peuple et écrivain

249 924 196 39 socialiste.

270 975 1041 44 Curieuse pièce aut. sig., 22 février 1848, 3/4 de p. in-8.

263 1018 1247 36 ... L’Assemblée nationale vient, sans s’en douter, de commencer contre la

222 1053 1289 38 bourgeoisie la révolution démocratique et sociale. Sous le nom d’incompatibilités,

221 1089 1289 43 elle a exclu de la représentation nationale ceux qui, jusqu’à ce jour, ont été les

221 1125 739 38 chefs de la Société, l’elite des propriétaires....

65 1162 1054 52 102. QUESNEL (Pasquier), théologien célèbre.

271 1215 1240 42 Réponses à toutes les questions posées pour entrer dans l’ordre

227 1258 1278 41 de l’Oratoire, Paris, 16 janvier 1673, manuscrit aut. sig., 2 p. in-fol.

226 1299 917 42 à mi-marge, en regard des questions imprimées.

258 1340 1074 38 Pièce fort intéressante pour la biographie de ce célèbre janséniste.

64 1386 1444 52 103. ROCHECHOUART (Marie-Madeleine de), abbesse de Fon¬

245 1441 884 49 tevrauld, sœur de madame de Montespan.

270 1493 1234 42 L. aut. sig. au R. P. Rapin, Fontevrauld, 1er février 1689, 3 p. in-4.

226 1535 491 34 Cachet. Jolie lettre. Rare.

62 1577 763 52 104. ROLAND (J. M.), ministre.

266 1629 1242 43 L. sig.au procureur syndic du département de la Loire-Inférieure,

227 1672 602 41 Paris, 18 mai 1792,1/2 p. in-fol.

254 1712 1253 39 Il a reçu la lettre qu’il lui a écrite le 8 mai au sujet de la nouvelle machine

216 1749 1294 36 destinée à l’exécution des jugements criminels dont il est nécessaire que le tri¬

218 1785 1288 36 bunal du département de la Loire-Inférieure soit pourvu. Cet objet regardant

219 1821 970 36 l’administration de M. Clavière, il lui a fait passer la lettre.

60 1858 1383 51 105. ROLAND (Jeanne Phlipon, femme), épouse du précédent.

264 1910 1063 42 Fables orientales de Saadi, manuscrit aut. 4 p. pl. in-4.

59 1953 1444 54 106. SANLECQLE (Louis de), poëte, chanoine de Sainte-Gene¬

243 2011 118 39 viève.

266 2059 1239 44 Satyre sur la direction, pièce aut. 11 p. in-4. On a collé au bas de

222 2101 1196 42 la dernière page une signature aut. découpée du P. Sanlecque.

59 2144 1444 53 107. SANSON (Ch. H.), bourreau de Paris pendant le règne de la

241 2204 178 34 Terreur.

263 2250 1238 44 L. aut. sig. à Maton de La Varenne, Paris, 5 février 1790. 1 p.

220 2294 198 32 in-4. Rare.

251 2333 1254 38 Il envoie des numéros (du journal de Gorsas) qui le traite encore plus mal, et

213 2369 1291 38 prie Maton de la Varenne de ne pas laisser échapper aux magistrats la manière

213 2404 1254 40 dont Gorsas s’y prenait pour empêcher l'affiche du jugement qui l’a condamné.

58 2450 1445 55 108. SANTERRE (Claude), général commandant la garde natio¬

243 2506 473 39 nale de Paris en 1793.

264 2555 1238 44 L. aut. sig. à la commune de Paris, à Doué, le. 15 septembre 1793,

223 2601 420 40 1 p. in-fol. Tête impr.

248 2639 1256 38 Comme général commandant l’avant-garde, il annonce qu’ils partent de Doué

214 2675 964 39 pour aller combattre les brigands à Brissac et au Pont de Cé.

57 2721 1444 53 109. SARRAZIN, général et écrivain militaire, condamne aux

241 2775 992 52 travaux forcés en 1819 pour crime de bigamie.

264 2828 1171 43 L. aut. sig. à M. Bellart, à Bicêtre. 25 avril 1822,1 p. pl. in-4.

248 2866 1193 42 Étant très-souffrant, il demande à être transféré dans une maison de santé.
