1884 2823
866 98 198 38 - 12 -

288 198 1408 51 Il existe dans les archives de Lyon plusieurs pièces signées de Molière,

237 248 1464 57 et les collections particulières en contiennent une dizaine, mais on ne

237 298 1461 51 connaît rien d’écrit de sa main, si ce n’est deux lignes dans la collection

237 348 1462 53 de feu M. Chambry, et encore sont-elles contestées. Nous adjurons donc

239 398 1458 54 l’heureux archiviste qui vient de découvrir le précieux autographe d’en

240 449 514 40 faire un fac-similé exact.

423 605 1102 66 LETTRES AUTOGRAPHES

706 710 524 38 A PRIX MARQUÉS

377 787 1191 47 En vente chez Gabriel CHARAVAY, expert,

572 865 804 46 Passage Verdeau, 28.

290 1039 1414 46 1 Abbadie (Antoine d’), savant voyageur en Afrique à la re¬

331 1084 1374 46 cherche des sources du Nil, corresp. de l’Institut. — L. a. s. à

331 1128 1372 47 M. Mocquard; Béhobie (Basses-Pyrénées), 1859, 1 p. in-8. 3 »

373 1173 1332 40 Relative à l’impression à l’imprimerie impériale de sa Géodésie éthiopienne,

333 1214 402 39 par ordre de l'empereur.

287 1251 1418 47 2 Abd-el-Kader, l’émir de l’Algérie. — L. a. s. en arabe, avec

331 1296 1370 46 son cachet, 1 p. in-8. 6 »

288 1340 1416 47 3 Anastasi (Aug.), célèbre peintre de paysages, élève de Paul

333 1385 1370 46 Delaroche et de Corot. — L. a. s., 1855, 1 p. in-8. 3 »

288 1430 1419 46 4 Arnould-Plessy (Mme), célèbre comédienne du Théâtre-Fran¬

333 1475 1371 49 çais, née à Metz. — L. a. s., 1 p. in-8. 3 »

288 1519 1417 48 5 Auber, le célèbre compositeur. — L. a. s. à M. Boïeldieu, 1 p.

336 1564 1371 46 in-8, enveloppe et cachet. Jolie pièce. 4 »

289 1609 1418 46 6 Balzac (Honoré de), le grand romancier. — L. a. s. à Frédérick

333 1653 1373 46 Lemaître, 1 p. in-8. 8 »

373 1699 1335 40 Au sujet des succès que vient d’obtenir Frédérick Lemaître dans les Mystères

339 1738 1372 39 de Paris. «Léon Gozlan a trouvé, comme moi, dit-il, que dans vos trois scènes des

336 1777 1374 41 Mystères, vous vous êtes surpassé. Moi, je vous ai trouvé plus grand que l’idole

337 1817 602 39 de mes premières années, Talma ! »

291 1855 1418 47 7 Bazaine (F.-Achille), maréchal de France, général en chef de

337 1901 1372 46 l’armée de Metz. — Pièce sig. avec une ligne autog., comme

338 1945 1371 46 chef de bataillon; Tlemcen, 1846, 1 p. in-f. Rare. 15 »

296 1990 1415 46 8 Bedeau (M.-A.), brave général de l’armée d’Afrique, blessé

338 2034 1373 47 pendant l’insurrection de juin 1848. — L. a. s. au général

337 2079 1374 45 Trézel ; Constantine, 1845, 1 p, in-4. 4 »

293 2123 1419 46 9 Bernier (Et.-Alex.), curé de Saint-Laud, un des chefs les plus

338 2168 1374 46 influents de l’insurrection vendéenne, rallié à Napoléon, qui le

337 2213 1374 46 fit évêque d’Orléans. — L. a. s., an XII, 1 p. in-4. 4 »

275 2257 1439 47 10 Berthier, (Alex.), maréchal de France, prince de Neufchâtel.

338 2302 1375 46 — L. a. s.; Munich, 1806, 1 p. in-4. 4 »

274 2347 1442 46 11 Beurnonville (Pierre de), maréchal de France, brave général

341 2391 1374 47 de la République, surnommé l'Ajax français. — L. a. s. à San¬

338 2436 1377 46 terre , 10 mars 1793, 1 p. 1/4 in-4. 8 »

379 2481 1338 40 Curieuse pièce historique sur les mouvements de cette journée, sous la pression

341 2521 1375 40 desquels fut créé le Tribunal révolutionnaire. Ministre de la guerre et ami des

341 2560 1376 40 Girondins, il mande à Santerre qu’un rassemblement se fait au café des Tuileries,
