3611 4694
800 614 2225 66 4 CHEFS DE GOUVERNEMENT S.1

797 905 2229 61 ★3★ MARIE D’ANJOU, n. 14 octobre 1404, fille du duc d’Anjou Louis II

799 972 2229 63 et d’Yolande d’Aragon, femme de Charles VII (avril 1422), m. dans l’abbaye de

797 1038 1087 64 Chatelliers en Poitou, 29 novembre 1463.

848 1128 1367 51 P. S.; Montilz-lès-Tours, 11 mai 1452, 1/2 p. in-4 oblong.

798 1184 839 50 Rognée dans une marge. Rare. — P.

832 1261 1385 40 Elle s'engage à faire payer à Jean Pasquier. receveur du quart du sel de

796 1303 1423 41 Poitou, la somme de vingt écus que celui-ci lui a baillée comptant « pour

794 1346 576 38 faire nostre plaisir et voulenté. »

796 1455 2233 65 ★4★ LOUIS XI, n. à Bourges, 3 juillet 1423, roi le 21 juillet 1461, fils et

795 1522 2109 62 successeur de Charles VII, m. au château du Plessis-lès-Tours, 30 août 1483.

844 1613 2184 51 L. S. au duc de Milan (Galeazzo-Maria Sforza, n. à Fermo en 1444, duc en 1466, assassiné le 26 dé¬

794 1668 1511 53 cembre 1476); Orléans,27 mars (1467), 1/2 p.in-4 oblong, cachet. — P.

828 1746 1476 42 Lettre de créance pour Gaston du Lyon, sénéchal de Saintonge, et Jean Phi¬

792 1788 1514 42 lippe, président des Comptes du Dauphiné. « Nous envoyons présentement par

793 1830 1511 34 devers vous nos amez et féaulx conseilliers Gaston du Léon, nostre chambellan

792 1869 1513 43 et seneschal de Xaintonge, et maistre Jehan Phelippes, présidant de noz comptes

792 1911 1511 42 du Dauphiné, ausquelz avons chargié vous dire de par nous aucunes choses. Si

792 1950 1513 46 vous prie que les veuillés croire et adjouster plaine foy et créance à ce qu'ilz vous

792 1992 1514 45 diront de nostre part... » — (Gaston du Lyon avait été un des fidèles servi¬

791 2033 1513 45 teurs du dauphin Louis et il en avait été récompensé, lors de l’avènement de

792 2075 1510 46 Louis XI, par la charge de sénéchal de Saintonge. Il devint, en 1469, sénéchal

791 2125 658 39 de Toulouse et mourut après 1490.)

790 2226 2249 70 ★5★ CHARLES VIII, n. à Amboise, 30 juin 1470, fils du précédent, roi le

792 2303 1128 64 30 août 1483, m. à Amboise, 7 avril 1498.

836 2393 1214 55 L. S. aux conseillers et gens de ses comptes à Paris;

786 2448 1266 56 Amboise, 4 octobre (1483), 3/4 de p. in-4. Jaunie sur les

789 2513 305 46 marges. — P.

823 2582 1230 45 Pièce historique où il leur mande qu’il vient de donner à Jacques de

787 2626 1265 41 Coitier (le célèbre médecin et conseiller de Louis XI) l’office de vice-

788 2667 1266 45 président de la Chambre des Comptes. « Et pour ce que ledit maistre

786 2712 1268 43 Jacques a bien et loyaulment servy feu nostre très chier seigneur et

789 2757 1264 39 père que Dieu absoille jusques à l’eure de son trespas et que nous

786 2794 1268 43 désirons le pourveoir d’estat dont il puisse honnourablement emploier

788 2838 1266 39 ses jours en nostre service, nous vous mandons et expressément

788 2882 1264 39 enjoignons que, toutes excusations et faveurs cessans, vous le recevez

787 2921 1265 43 oudit office... » —(Coitier devint plus tard président de la Chambre des

788 2968 719 38 Comptes. Il mourut à Paris vers 1505.)

786 3076 2234 68 ★6★ ANNE DE BRETAGNE, n. à Nantes, 26 janvier 1477, duchesse de Bretagne

785 3152 1121 66 (9 septembre 1488), fille du duc François II,

786 3223 1119 59 femme de Charles VIII (6 décembre 1491),

787 3291 1117 61 puis de Louis XII (7 janvier 1499), m. au

786 3357 862 61 château de Blois, 9 janvier 1514.

838 3446 1066 51 L. S., sur vélin, à Raoul Hurault, trésorier et

788 3499 1117 52 receveur général de ses finances; Blois, 14 juillet

795 3553 1107 56 1508, 1/2 p. in-fol. oblong. Un peu jaunie. (Coll.

789 3608 888 56 Fossé Darcosse et Dubrunfaut.) — P. -

826 3684 1077 43 Ordre de payer la somme de 10,000 livres tournois à sa

788 3726 1115 43 cousine Jacquemine de Lestrac, fille du comte de Lestrac,

789 3768 1009 45 « en faveur de son mariage avecques le sire de Mailly. »
