9994 4671
6993 630 2221 56 S.1 CHEFS DE GOUVERNEMENT 5

6990 914 2224 73 ★7★ LOUIS XII, n. à Blois, 27 juin 1462, duc d'Orléans, roi le 7 avril 1498,

6992 986 721 62 m. à Paris, 1 janvier 1515.

7042 1071 985 55 L. S., avec la souscription autographe, à sa

6991 1126 1034 56 fille (Claude de France) ; Madon (près de Blois),

6994 1180 1032 57 16 septembre, 1/2 p. in-4 oblong, trace de

6988 1240 287 37 cachet. — P.

7024 1298 1002 40 Belle lettre relative à l’évêché de Comminges. En voici

6990 1347 158 30 le texte :

7026 1382 998 47 « Ma fille, j’ay receu voz lectres par ce porteur touchant

6987 1423 1038 48 la grace de ceulx qui ont esté pour l’évêché de Comminges

6988 1465 1037 42 dont mon neveu de Foix (l’illustre Gaston, fils de la sœur

6988 1506 1036 46 de Louis XII, tué en 1512 à la bataille de Ravenne)

6987 1548 1037 47 vous a escript. Je suis bien d’avys que la donnez. Et à

6988 1591 1038 45 tant Nostre Seigneur vous ait en sa saincte garde. Escript

6987 1634 655 41 à Madon le XVIe jour de septembre.

7482 1677 328 39 « Vostre bon père

7597 1722 166 36 « Loys. »

7024 1773 1002 44 (Le comté de Comminges était situé en Guyenne et

6987 1815 1041 44 avait pour capitale Saint-Bertrand, siège d’un évêché qui

6986 1859 1041 44 était généralement connu sous le nom de Comminges. Il

6985 1900 1044 47 avait été réuni à la couronne de France le 25 août 1498.

6986 1943 1044 45 Deux membres de la famille de Foix avaient été évêques

6985 1985 1044 46 de Comminges, Pierre, de 1422 à 1440, et Jean-Baptiste,

6986 2028 1045 45 de 1471 à 1501. De plus le comté de Comminges était

6987 2070 1045 45 limitrophe du pays de Foix. Ces deux faits expliquent l’in¬

6986 2114 1045 36 tervention d’un membre de cette illustre famille en cette

6987 2157 174 38 occasion.)

6987 2247 2218 72 ★ 8 ★ FRANÇOIS I, n. à Cognac, 12 septembre 1494, comte d’Angoulême, fils de

6989 2312 1967 71 Louise de Savoie, roi le 1 janvier 1515, m. à Rambouillet, 31 mars 1547.

7036 2395 2077 58 L. A. S. à l’empereur Charles-Quint; (fin mars 1526), 1/2 p. in-4. (Coll. Chambry.) — P.

7023 2464 2183 49 Précieuse lettre écrite après sa mise en liberté. « Monsyeur mon bon frère, j'envoye ce porteur mon secretayre devers

6985 2505 2220 50 vous pour vous fayre entendre mon arryvée et ausy de mes nouvelles, vous pryant le croyre de ce qu’il vous dyra de ma

6985 2546 1340 45 part, et vous ferez playsir à, vostre bon frère, amy et oblygé, Françoys. »

7022 2588 2071 46 Derrière cette lettre se trouve cette note: « Lettre du roy de France à l’Empereur, receue le un d’avril 1526. »

7021 2628 2041 52 (François I, fait prisonnier à la bataille de Pavie le 24 février 1525, avait été remis en liberté le 18 mars 1526.)

6986 2718 2218 80 ★9★ HENRI II, n. à Saint-Germain-en-Laye, 31 mars 1519, roi le 31 mars 1547,

6989 2786 2093 74 m. à Paris, le 10 juillet 1559, d’une blessure reçue, le 29 juin, dans un tournoi.

7040 2868 1170 58 L. S., avec la souscription et trois lignes autographes,

6989 2923 1223 57 à son oncle le duc de Ferrare (Hercule II d’Este, gen¬

6987 2976 1221 57 dre de Louis XII); Offemont, 2 août 1553, 3/4 de p.

6989 3032 803 55 in-fol., cachet. — P. de Moncornet.

7021 3100 1188 42 Remerciements des bons offices qu’il lui a rendus sur la demande

6987 3143 1221 46 de l’évêque de Lodève (Dominique de Gabre, évêque de 1547 à

6992 3185 1216 47 1557). Henri II a ajouté ces mots de sa main : « Je ne puys tenyr

6986 3228 1222 45 de vous dyre, mon oncle, que je me sens tant tenu et obligé à

6985 3268 1223 49 vous des continuelz plaisirs que vous me faites que je n’en seray

6987 3311 1222 47 jameis inguerat. » — (Leduc de Ferrare s’allia, en 1556, avec Henri II

6986 3355 1220 46 et Paul IV contre les Espagnols; il fut nommé par le Pape général

6985 3398 1222 45 de l’armée de l’Eglise et par le roi de France son lieutenant-général

6983 3444 184 37 en Italie.)

6985 3520 2221 87 ★10★ CATHERINE DE MÉDICIS, n. à Florence, 13 avril 1519, femme de

6989 3601 2215 77 Henri II (27 octobre 1533), régente (1560), m. au château de Blois, 5 janvier 1589.

7036 3685 2170 57 L. A. S. « à la royne d’Ecosse, douyrière de France, madame ma fille » ; Saint-Germain-en-Laye.

6988 3739 1800 56 20 décembre 1583, 3/4 de p. in-fol. (Coll. d'Hervilly.) — P. de Thomas de Leu.
