3622 4663
793 606 2225 51 20 CHEFS DE GOUVERNEMENT S.1

783 895 2233 55 du-Rhône, des Côtes-du-Nord, du Finistère, d’Ille-et-Vilaine, de la Loire, du Morbihan, du Rhône,

785 949 2231 52 de la Seine-Inférieure, du Tarn et de la Vendée (qui l’avaient élu député, bien qu’il eût déclaré re¬

786 1004 2230 53 noncer à toute candidature) ; Paris, 22 février 1871, 1 p. in-4. (Coll. B. Fillon.) — P. photographié.

823 1074 1738 41 Il avait décliné toute candidature à l'Assemblée nationale, accablé qu’il était par les malheurs du

786 1117 1776 41 pays. « Les suffrages dont, malgré cette déclaration, vous m’avez honoré, me créent des devoirs

784 1159 1777 41 qu’il m'est interdit de discuter. Je siégerai à l’Assemblée nationale au titre du Morbihan, auquel

783 1201 1780 39 me lient, avec l’indigénat breton, les affections et les obligations de toute ma vie, mais je me rat¬

783 1245 1779 38 tacherai étroitement par la reconnaissance aux départements qui m’ont donné une si haute marque

782 1286 1040 38 d’estime, et je serai fidèle à la défense de leurs intérêts. »

832 1351 2183 51 20 P. A. S. de LÉON GAMBETTA (député des Bouches-du-Rhône, ministre de l’Intérieur du

780 1406 2236 53 gouvernement de la Défense nationale, délégué à Tours le 7 octobre 1870); Paris, 15 septembre 1870,

782 1462 1009 50 1/2 p. in-8. (Coll. B. Fillon.) — P. photographié.

816 1534 978 40 Il charge M. Fémeau de remplir provisoirement les

778 1578 1012 37 fonctions de directeur de l’asile du Vésinet, en rempla¬

777 1620 1013 38 cement de M. Millard, en congé de santé pour deux mois.

811 1662 981 40 (Le gouvernement de la Défense nationale avait pour

778 1705 1010 39 membres le général Trochu, gouverneur de Paris, Em¬

778 1746 1012 40 manuel Arago, Crémieux, Jules Favre, Jules Ferry,

777 1788 1013 40 Garnier-Pagès, Glais-Bizoin, Eugène Pelletan, Henri

778 1829 1014 37 Rochefort et Thiers, députés de la Seine, Gambetta, dé¬

777 1869 1014 41 puté des Bouches-du-Rhône, Ernest Picard, député de

775 1910 1015 40 l’Hérault, Jules Simon, député de la Gironde, Dorian,

775 1951 1016 41 député de la Loire, Magnin, député de la Côte-d’Or, le

774 1994 1010 41 général Le Flô, nommé ministre de la guerre, et l’amiral

776 2033 1012 41 Fourichon, nommé ministre de la marine. Le général

774 2076 1016 39 Trochu fut nommé président, et Jules Favre vice-pré¬

773 2120 1016 41 sident du gouvernement. Crémieux, l’amiral Fourichon

773 2164 1018 38 et Glais-Bizoin furent envoyés à Tours pour organiser

773 2206 1017 38 la défense dans les départements, et Gambetta, parti de

772 2249 998 39 Paris en ballon, alla les rejoindre le 10 octobre 1870.)

771 2348 2238 66 ★46★ THIERS (Marie-Joseph-Louis-Adolphe), chef du Pouvoir exécutif le 17 fé¬

768 2417 2239 65 vrier 1871, président de la troisième République, du 31 août 1871 au 24 mai 1873,

770 2482 2090 64 n. à Marseille, 15 avril 1797, m. à Saint-Germain en Laye, 3 septembre 1877.

817 2574 2189 52 L. A. S. (à Jules Favre); (Paris), 4 octobre 1871, 1 p. 1/2 in-8, papier de deuil. — P. photographié.

800 2653 659 36 Très belle lettre, dont voici le texte :

802 2693 2204 40 « Mon cher ami, voilà trois semaines que je veux vous écrire et vous remercier de vos sentiments qui me touchent et

764 2735 2240 40 me pénètrent de gratitude. Mais imaginez que je n’ai pas pu encore jouir de mon congé. J’ai autant et même plus de travail

763 2777 2245 40 que jamais. Le campement des troupes, l’Algérie, les négociations, le budget futur, tout cela m’empêche de dormir et presque

763 2819 2243 39 de vivre. Aussi vous me pardonnerez un silence qui est celui de la plume et non celui du cœur. Je vous prie donc de

763 2860 2243 39 m’aimer silencieux autant que vous m’aimeriez écrivant et de recevoir pour vous et vos charmantes filles l’assurance d’un

762 2902 2041 41 profond et éternel attachement. Madame Thiers et sa sœur se joignent à moi pour vous exprimer ces sentiments.

2322 2947 249 32 « A. Thiers. »

761 3010 2242 65 ★47★ MAC MAHON (Marie-Edme-Patrice-Maurice de), duc de Magenta, maré¬

759 3079 2243 64 chal de France (4 juin 1859), deuxième président de la troisième République, du

760 3146 2047 66 24 mai 1873 au 30 janvier 1879, n. à Sully (Saône-et-Loire), 13 juillet 1808.

807 3236 2193 53 L. S. au général (de Ladmirault, commandant du premier corps d’armée); quartier général du

755 3290 2086 53 Trocadéro, 24 mai 1871, six heures du matin, 3 p. in-fol., tête imprimée. — P. photographié.

792 3369 2210 41 Important document historique sur la répression de la Commune. » Les Tuileries sont entièrement brûlées, le Louvre est

755 3410 2246 44 atteint : de nouveaux incendies, dont la fumée qui couvre Paris empêche de reconnaître l’emplacement, se distinguent du côté

754 3453 2247 43 de l’Elysée et du ministère de la Marine. Le général Douai, qui occupe la place Vendôme, se porte sur le Louvre pour

756 3493 1040 36 tâcher d’éteindre l’incendie. Continuez votre mouvement

756 3534 1040 45 dans la direction du Château-d’Eau, laissant aux gares les

754 3576 1043 40 détachements suffisants pour les défendre. » Suivent des

753 3616 1043 46 indications sur les mouvements ordonnés aux généraux

753 3658 1044 43 de Cissey et Clinchant. « Peut-être les insurgés tenteront-

753 3700 1047 41 ils de brûler l’Hôtel-de-Ville. »—(On sait que l’armée avait

754 3742 1044 44 pénétré le 21 mai dans Paris et que la lutte dura jusqu’au 29.)
