3605 4694
790 615 2237 51 LVI LE CATALOGUE ALFRED BOVET C. XIII

787 914 2242 63 est libéralement ouverte aux chercheurs; à M. Jouin, l’auteur du Catalogue des

781 985 2247 66 portraits historiques exposés au Trocadéro; et à M. Henri de L'Isle, dont l’érudi¬

788 1058 2239 63 tion bibliographique est si étendue. C’est à eux que cette seconde édition doit des

790 1132 2235 64 améliorations sensibles qui la rendront moins indigne des suffrages du public lettré.

909 1205 2119 63 Maintenant ma tâche est terminée. Je ne puis pas dire, comme le poète antique,

789 1277 2240 63 que l’heure du repos est arrivée : mon âge, les conditions mêmes de ma vie et mes

788 1349 2241 62 études m’éloignent de la douce oisiveté si chère à Horace. Mais cette œuvre mar¬

790 1424 2240 61 quera dans ma carrière une étape décisive et peut-être unique, car l’occasion de

790 1496 2242 60 dresser un autre inventaire de cette nature, dans des conditions aussi exception¬

790 1568 2240 63 nelles, avec des collaborateurs si unis par l’amitié et par la confraternité des goûts

786 1643 2244 62 et des aspirations, se représentera-t-elle jamais, dût la nature clémente me garder

788 1716 2241 62 encore de longs jours? Quoi qu’il arrive, j’ai éprouvé, pendant les quatre années

787 1789 2240 62 consacrées à cette œuvre, une douce jouissance à vivre dans l’intimité de person¬

789 1857 2241 63 nages illustres à des titres si divers. J’ai accompli ma tâche con amore, sachant

788 1929 2242 63 qu’elle n’était pas de celles qui apportent à leur auteur la fortune, les honneurs

787 2000 2244 63 ou la popularité, mais convaincu qu’elle incombait au fils et à l’héritier de celui

786 2073 2244 65 qui a fondé la science des autographes. Je me suis souvenu que c’est en France

785 2146 2247 65 que le goût des autographes a pris naissance et a obtenu son plus complet

786 2220 2245 64 développement, et j’ai essayé de ne pas me montrer indigne des précieux ensei¬

785 2294 2247 67 gnements de mon père vénéré et de mes maîtres de l’Ecole des Chartes. Je

785 2370 2245 63 n’ai qu’une prétention, c’est d’avoir toujours apporté, dans l’exercice de mon

784 2445 2247 63 métier en général et dans la rédaction de cet inventaire en particulier, tout le

780 2519 2249 62 zèle, tout l’amour professionnel, toute la conscience dont je suis capable. J’ai

781 2594 2249 60 été soutenu par cette fortifiante pensée que, quelqu’imparfaite qu’elle fût, mon

782 2664 2249 62 œuvre serait profitable à mes contemporains et aux générations futures. Ceux-là

781 2738 2250 61 seuls qui ont l’expérience des études d’histoire et d’érudition comprendront quelle

782 2809 2249 60 somme de travail, de recherches et de patience a coûté cet inventaire. Ceux-là

780 2880 2250 62 seuls aussi partageront la satisfaction que j’ai ressentie à redresser des erreurs, à

779 2952 2251 68 fournir des éléments nouveaux à l’histoire générale ou particulière, à apporter ma

780 3026 2249 64 pierre à cette œuvre de vérité historique si difficile à réaliser. C’est à cause de

778 3099 2251 67 cette mine inépuisable de renseignements fournis par les documents analysés, que

780 3172 2244 67 le catalogue Bovet est assuré d’un succès durable auprès de la postérité savante.

778 3246 2249 67 Que de livres plus brillants et plus remarqués auront été dès longtemps oubliés,

778 3320 2250 65 que celui-ci sera encore consulté avec fruit par les historiens et par les érudits

780 3391 2248 68 et recherché par les bibliophiles! Cette double pensée du service rendu et de la

781 3466 2247 64 perpétuité de l’œuvre n’est-elle pas une légitime récompense des efforts de

781 3532 1126 58 M. Alfred Bovet et de ses collaborateurs?

2156 3673 676 48 ÉTIENNE CHARAVAY.
