3689 4673
967 883 1624 194 CATALOGUE

1386 1717 770 64 PREMIÈRE SÉRIE

875 2093 1804 90 CHEFS DE GOUVERNEMENT

1480 2620 576 60 FRANCE

651 2790 2224 62 ★1★ CHARLES VI, n. à Paris, 3 décembre 1368, fils de Charles V, roi le 16 sep¬

653 2858 1124 61 tembre 1380, m. à Paris, 22 octobre 1422.

702 2945 1221 53 L. S., sur vélin, au vicomte (de Rouen) ; Melun,

654 2999 1021 56 5 décembre, 1/2 p. in-fol. oblong. Rare. — P.

689 3075 1233 47 Il lui enjoint de ne pas contraindre, jusqu'à nouvel ordre, son cham¬

650 3116 1274 46 bellan, le sire de Thorigny, à payer l’amende de mille francs à laquelle

648 3160 744 40 il a été condamné en l’échiquier à Rouen.

649 3244 2223 61 ★2★ CHARLES VII, n. à Paris, 22 janvier 1403, fils du précédent, roi le

651 3309 2022 68 22 octobre 1422, m. au château de Mehun sur Yèvre (Cher), 22 juillet 1461.

699 3399 2173 52 L. S. au duc d’Orléans (Charles, père de Louis XII); La Bruière Laubépin, 31 août, 1/2 p. in-4

647 3454 830 56 oblong, cachet. Légères taches. — P.

685 3532 794 46 Il a reçu des lettres du bailli de Sens (Ré¬

646 3575 834 44 gnault du Dresnay) lui annonçant la mort de

645 3616 835 44 Thibault Caillau, capitaine du vieux château

646 3660 833 39 d’Asti, et demandant cette place pour un de

647 3702 831 40 ses gentilshommes. Il l’engage à accéder à

646 3747 268 31 cette demande.
