<?xml version="1.0" encoding="UTF-8"?>
<alto xmlns:xsi="http://www.w3.org/2001/XMLSchema-instance"
      xmlns="http://www.loc.gov/standards/alto/ns-v2#"
      xmlns:page="http://schema.primaresearch.org/PAGE/gts/pagecontent/2013-07-15"
      xsi:schemaLocation="http://www.loc.gov/standards/alto/ns-v2# http://www.loc.gov/standards/alto/alto.xsd">
   <Description>
      <MeasurementUnit>pixel</MeasurementUnit>
      <OCRProcessing ID="IdOcr">
         <ocrProcessingStep>
            <processingDateTime>2020-11-01T17:57:54.283+01:00</processingDateTime>
            <processingSoftware>
               <softwareCreator>READ COOP</softwareCreator>
               <softwareName>Transkribus</softwareName>
            </processingSoftware>
         </ocrProcessingStep>
      </OCRProcessing>
   </Description>
   <Layout>
      <Page ID="Page1" PHYSICAL_IMG_NR="1" HEIGHT="4663" WIDTH="3610">
         <TopMargin HEIGHT="57" WIDTH="3610" VPOS="0" HPOS="0"/>
         <LeftMargin HEIGHT="4606" WIDTH="0" VPOS="57" HPOS="0"/>
         <RightMargin HEIGHT="4606" WIDTH="39" VPOS="57" HPOS="3571"/>
         <BottomMargin HEIGHT="0" WIDTH="3610" VPOS="4663" HPOS="0"/>
         <PrintSpace HEIGHT="4606" WIDTH="3571" VPOS="57" HPOS="0">
            <TextBlock ID="r_2_1" HEIGHT="65" WIDTH="2226" VPOS="592" HPOS="831">
               <Shape>
                  <Polygon POINTS="831,592 3057,592 3057,657 831,657"/>
               </Shape>
               <TextLine ID="tl_1"
                         BASELINE="656"
                         HEIGHT="63"
                         WIDTH="2224"
                         VPOS="593"
                         HPOS="832">
                  <String ID="string_tl_1"
                          HEIGHT="63"
                          WIDTH="2224"
                          VPOS="593"
                          HPOS="832"
                          CONTENT="24 CHEFS DE GOUVERNEMENT S.1"/>
               </TextLine>
            </TextBlock>
            <TextBlock ID="r_3_1" HEIGHT="63" WIDTH="630" VPOS="888" HPOS="1628">
               <Shape>
                  <Polygon POINTS="1628,888 2258,890 2258,951 1628,949"/>
               </Shape>
               <TextLine ID="tl_2"
                         BASELINE="950"
                         HEIGHT="59"
                         WIDTH="628"
                         VPOS="891"
                         HPOS="1630">
                  <String ID="string_tl_2"
                          HEIGHT="59"
                          WIDTH="628"
                          VPOS="891"
                          HPOS="1630"
                          CONTENT="ESPAGNE"/>
               </TextLine>
            </TextBlock>
            <TextBlock ID="r_3_2" HEIGHT="194" WIDTH="2233" VPOS="1026" HPOS="826">
               <Shape>
                  <Polygon POINTS="826,1026 3059,1026 3059,1220 826,1220"/>
               </Shape>
               <TextLine ID="tl_3"
                         BASELINE="1089"
                         HEIGHT="62"
                         WIDTH="2228"
                         VPOS="1027"
                         HPOS="830">
                  <String ID="string_tl_3"
                          HEIGHT="62"
                          WIDTH="2228"
                          VPOS="1027"
                          HPOS="830"
                          CONTENT="★51★ FERDINAND V, n. 10 mars 1452, fils du roi d’Aragon Jean II, roi de"/>
               </TextLine>
               <TextLine ID="tl_4"
                         BASELINE="1157"
                         HEIGHT="66"
                         WIDTH="2228"
                         VPOS="1091"
                         HPOS="827">
                  <String ID="string_tl_4"
                          HEIGHT="66"
                          WIDTH="2228"
                          VPOS="1091"
                          HPOS="827"
                          CONTENT="Castille (1474) et d’Aragon (1479), dit le Catholique, m. à Madrigalejo, 23 janvier 1516."/>
               </TextLine>
               <TextLine ID="tl_5"
                         BASELINE="1219"
                         HEIGHT="62"
                         WIDTH="1938"
                         VPOS="1157"
                         HPOS="831">
                  <String ID="string_tl_5"
                          HEIGHT="62"
                          WIDTH="1938"
                          VPOS="1157"
                          HPOS="831"
                          CONTENT="Il est considéré comme le véritable fondateur de la monarchie espagnole."/>
               </TextLine>
            </TextBlock>
            <TextBlock ID="r_3_3" HEIGHT="222" WIDTH="2240" VPOS="1246" HPOS="823">
               <Shape>
                  <Polygon POINTS="823,1246 3063,1246 3063,1468 823,1468"/>
               </Shape>
               <TextLine ID="tl_6"
                         BASELINE="1304"
                         HEIGHT="57"
                         WIDTH="2184"
                         VPOS="1247"
                         HPOS="878">
                  <String ID="string_tl_6"
                          HEIGHT="57"
                          WIDTH="2184"
                          VPOS="1247"
                          HPOS="878"
                          CONTENT="L. S., sig. aussi par sa femme Isabelle de Castille (n. 1451, épouse de Ferdinand en 1469, l’il¬"/>
               </TextLine>
               <TextLine ID="tl_7"
                         BASELINE="1357"
                         HEIGHT="56"
                         WIDTH="2237"
                         VPOS="1301"
                         HPOS="824">
                  <String ID="string_tl_7"
                          HEIGHT="56"
                          WIDTH="2237"
                          VPOS="1301"
                          HPOS="824"
                          CONTENT="lustre protectrice de Christophe Colomb, m. 1504), à don Juan de Ribera, corregidor de la province"/>
               </TextLine>
               <TextLine ID="tl_8"
                         BASELINE="1412"
                         HEIGHT="58"
                         WIDTH="2234"
                         VPOS="1354"
                         HPOS="825">
                  <String ID="string_tl_8"
                          HEIGHT="58"
                          WIDTH="2234"
                          VPOS="1354"
                          HPOS="825"
                          CONTENT="de Guipuzcoa et capitaine général de la frontière de Navarre; Barcelone, 7 décembre 1493, 1/2 p."/>
               </TextLine>
               <TextLine ID="tl_9"
                         BASELINE="1467"
                         HEIGHT="60"
                         WIDTH="1791"
                         VPOS="1407"
                         HPOS="827">
                  <String ID="string_tl_9"
                          HEIGHT="60"
                          WIDTH="1791"
                          VPOS="1407"
                          HPOS="827"
                          CONTENT="in-fol. oblong, cachet. Superbe pièce, dans un magnifique état de conservation."/>
               </TextLine>
            </TextBlock>
            <TextBlock ID="r_3_4" HEIGHT="140" WIDTH="2240" VPOS="1483" HPOS="823">
               <Shape>
                  <Polygon POINTS="823,1483 3063,1483 3063,1623 823,1623"/>
               </Shape>
               <TextLine ID="tl_10"
                         BASELINE="1534"
                         HEIGHT="50"
                         WIDTH="2199"
                         VPOS="1484"
                         HPOS="862">
                  <String ID="string_tl_10"
                          HEIGHT="50"
                          WIDTH="2199"
                          VPOS="1484"
                          HPOS="862"
                          CONTENT="Les rois catholiques, informés que le duc de Nagera fait élever une forteresse à Cenicero, lieu de ses domaines, voisin"/>
               </TextLine>
               <TextLine ID="tl_11"
                         BASELINE="1577"
                         HEIGHT="51"
                         WIDTH="2238"
                         VPOS="1526"
                         HPOS="824">
                  <String ID="string_tl_11"
                          HEIGHT="51"
                          WIDTH="2238"
                          VPOS="1526"
                          HPOS="824"
                          CONTENT="de la ville de Logrono, enjoignent à leur capitaine général d’empêcher cette construction et au besoin de faire détruire la"/>
               </TextLine>
               <TextLine ID="tl_12"
                         BASELINE="1622"
                         HEIGHT="52"
                         WIDTH="2182"
                         VPOS="1570"
                         HPOS="825">
                  <String ID="string_tl_12"
                          HEIGHT="52"
                          WIDTH="2182"
                          VPOS="1570"
                          HPOS="825"
                          CONTENT="partie déjà édifiée, au cas où le duc ne pourrait présenter aucun ordre royal l’autorisant à procéder à ladite construction."/>
               </TextLine>
            </TextBlock>
            <TextBlock ID="r_5_1" HEIGHT="206" WIDTH="2243" VPOS="3152" HPOS="811">
               <Shape>
                  <Polygon POINTS="811,3152 3054,3152 3054,3358 811,3358"/>
               </Shape>
               <TextLine ID="tl_13"
                         BASELINE="3222"
                         HEIGHT="69"
                         WIDTH="2239"
                         VPOS="3153"
                         HPOS="814">
                  <String ID="string_tl_13"
                          HEIGHT="69"
                          WIDTH="2239"
                          VPOS="3153"
                          HPOS="814"
                          CONTENT="★52★ PHILIPPE I, n. à Bruges, 22 juillet 1478, fils de Maximilien I, petit-fils"/>
               </TextLine>
               <TextLine ID="tl_14"
                         BASELINE="3290"
                         HEIGHT="69"
                         WIDTH="2241"
                         VPOS="3221"
                         HPOS="812">
                  <String ID="string_tl_14"
                          HEIGHT="69"
                          WIDTH="2241"
                          VPOS="3221"
                          HPOS="812"
                          CONTENT="de Charles le Téméraire, époux de Jeanne la Folle, roi de Castille (juin 1504), dit"/>
               </TextLine>
               <TextLine ID="tl_15"
                         BASELINE="3357"
                         HEIGHT="64"
                         WIDTH="1151"
                         VPOS="3293"
                         HPOS="814">
                  <String ID="string_tl_15"
                          HEIGHT="64"
                          WIDTH="1151"
                          VPOS="3293"
                          HPOS="814"
                          CONTENT="le Beau, m. à Burgos, 25 septembre 1506."/>
               </TextLine>
            </TextBlock>
            <TextBlock ID="r_5_2" HEIGHT="107" WIDTH="1155" VPOS="3383" HPOS="814">
               <Shape>
                  <Polygon POINTS="814,3383 1969,3383 1969,3490 814,3490"/>
               </Shape>
               <TextLine ID="tl_16"
                         BASELINE="3437"
                         HEIGHT="53"
                         WIDTH="1103"
                         VPOS="3384"
                         HPOS="865">
                  <String ID="string_tl_16"
                          HEIGHT="53"
                          WIDTH="1103"
                          VPOS="3384"
                          HPOS="865"
                          CONTENT="L. S., contresignée par Pedro XIMENEZ, à Ro¬"/>
               </TextLine>
               <TextLine ID="tl_17"
                         BASELINE="3489"
                         HEIGHT="52"
                         WIDTH="1149"
                         VPOS="3437"
                         HPOS="815">
                  <String ID="string_tl_17"
                          HEIGHT="52"
                          WIDTH="1149"
                          VPOS="3437"
                          HPOS="815"
                          CONTENT="drigo de Villalpando, alcade de Vezilla; la Corogne,"/>
               </TextLine>
            </TextBlock>
            <TextBlock ID="r_5_3" HEIGHT="53" WIDTH="835" VPOS="3491" HPOS="816">
               <Shape>
                  <Polygon POINTS="816,3491 1651,3491 1651,3544 816,3544"/>
               </Shape>
               <TextLine ID="tl_18"
                         BASELINE="3543"
                         HEIGHT="51"
                         WIDTH="833"
                         VPOS="3492"
                         HPOS="817">
                  <String ID="string_tl_18"
                          HEIGHT="51"
                          WIDTH="833"
                          VPOS="3492"
                          HPOS="817"
                          CONTENT="27 mai 1506, 1/2 p. in-fol. Très rare."/>
               </TextLine>
            </TextBlock>
            <TextBlock ID="r_5_4" HEIGHT="210" WIDTH="1159" VPOS="3565" HPOS="811">
               <Shape>
                  <Polygon POINTS="811,3565 1970,3565 1970,3775 811,3775"/>
               </Shape>
               <TextLine ID="tl_19"
                         BASELINE="3610"
                         HEIGHT="44"
                         WIDTH="1119"
                         VPOS="3566"
                         HPOS="849">
                  <String ID="string_tl_19"
                          HEIGHT="44"
                          WIDTH="1119"
                          VPOS="3566"
                          HPOS="849"
                          CONTENT="Superbe lettre où il lui ordonne de prendre possession en son"/>
               </TextLine>
               <TextLine ID="tl_20"
                         BASELINE="3652"
                         HEIGHT="44"
                         WIDTH="1154"
                         VPOS="3608"
                         HPOS="814">
                  <String ID="string_tl_20"
                          HEIGHT="44"
                          WIDTH="1154"
                          VPOS="3608"
                          HPOS="814"
                          CONTENT="nom de la forteresse de la ville de Vezilla, jusqu’au règlement"/>
               </TextLine>
               <TextLine ID="tl_21"
                         BASELINE="3693"
                         HEIGHT="41"
                         WIDTH="1156"
                         VPOS="3652"
                         HPOS="813">
                  <String ID="string_tl_21"
                          HEIGHT="41"
                          WIDTH="1156"
                          VPOS="3652"
                          HPOS="813"
                          CONTENT="des débats qui se sont élevés touchant la possession de la dite"/>
               </TextLine>
               <TextLine ID="tl_22"
                         BASELINE="3733"
                         HEIGHT="40"
                         WIDTH="1157"
                         VPOS="3693"
                         HPOS="812">
                  <String ID="string_tl_22"
                          HEIGHT="40"
                          WIDTH="1157"
                          VPOS="3693"
                          HPOS="812"
                          CONTENT="forteresse entre les héritiers du marquis d’Astorga et la comtesse"/>
               </TextLine>
               <TextLine ID="tl_23"
                         BASELINE="3774"
                         HEIGHT="39"
                         WIDTH="743"
                         VPOS="3735"
                         HPOS="816">
                  <String ID="string_tl_23"
                          HEIGHT="39"
                          WIDTH="743"
                          VPOS="3735"
                          HPOS="816"
                          CONTENT="d’Osorno. Importants détails historiques."/>
               </TextLine>
            </TextBlock>
            <GraphicalElement ID="r_10" HEIGHT="20" WIDTH="2050" VPOS="57" HPOS="1297"/>
            <GraphicalElement ID="r_11" HEIGHT="13" WIDTH="2878" VPOS="58" HPOS="0"/>
            <GraphicalElement ID="r_12" HEIGHT="8" WIDTH="1024" VPOS="76" HPOS="269"/>
            <GraphicalElement ID="r_13" HEIGHT="16" WIDTH="2883" VPOS="457" HPOS="499"/>
            <GraphicalElement ID="r_14" HEIGHT="12" WIDTH="2455" VPOS="770" HPOS="707"/>
            <GraphicalElement ID="r_15" HEIGHT="4" WIDTH="103" VPOS="2109" HPOS="1217"/>
            <GraphicalElement ID="r_16" HEIGHT="35" WIDTH="448" VPOS="2737" HPOS="2384"/>
            <GraphicalElement ID="r_17" HEIGHT="21" WIDTH="413" VPOS="2803" HPOS="1610"/>
            <GraphicalElement ID="r_18" HEIGHT="29" WIDTH="429" VPOS="3336" HPOS="2161"/>
            <GraphicalElement ID="r_19" HEIGHT="29" WIDTH="2849" VPOS="3891" HPOS="485"/>
            <GraphicalElement ID="r_20" HEIGHT="17" WIDTH="1474" VPOS="4566" HPOS="62"/>
            <GraphicalElement ID="r_21" HEIGHT="165" WIDTH="3" VPOS="1148" HPOS="30"/>
            <GraphicalElement ID="r_22" HEIGHT="620" WIDTH="7" VPOS="3495" HPOS="31"/>
            <GraphicalElement ID="r_23" HEIGHT="250" WIDTH="3" VPOS="652" HPOS="32"/>
            <GraphicalElement ID="r_24" HEIGHT="243" WIDTH="4" VPOS="2994" HPOS="36"/>
            <GraphicalElement ID="r_25" HEIGHT="3655" WIDTH="26" VPOS="249" HPOS="692"/>
            <GraphicalElement ID="r_26" HEIGHT="207" WIDTH="11" VPOS="3904" HPOS="692"/>
            <GraphicalElement ID="r_27" HEIGHT="150" WIDTH="9" VPOS="2201" HPOS="1622"/>
            <GraphicalElement ID="r_28" HEIGHT="3882" WIDTH="14" VPOS="251" HPOS="3163"/>
            <GraphicalElement ID="r_29" HEIGHT="249" WIDTH="11" VPOS="2879" HPOS="3487"/>
            <GraphicalElement ID="r_30" HEIGHT="295" WIDTH="11" VPOS="1559" HPOS="3499"/>
            <GraphicalElement ID="r_31" HEIGHT="49" WIDTH="6" VPOS="3524" HPOS="3483"/>
            <GraphicalElement ID="r_32" HEIGHT="94" WIDTH="3" VPOS="2221" HPOS="3499"/>
            <Illustration ID="r_1" HEIGHT="3958" WIDTH="123" VPOS="319" HPOS="0"/>
            <Illustration ID="r_4" HEIGHT="1461" WIDTH="2761" VPOS="1667" HPOS="810"/>
            <Illustration ID="r_6" HEIGHT="441" WIDTH="1005" VPOS="3317" HPOS="2033"/>
         </PrintSpace>
      </Page>
   </Layout>
</alto>
