3637 4663
786 599 2215 58 14 CHEFS DE GOUVERNEMENT S.1

812 886 2189 41 Le Comité de Salut public ordonne que les départements de Seine-et-Marne, de l’Oise, de l’Eure et de la Seine-Infé¬

775 928 1968 42 rieure fourniront sept cent cinquante voitures pour assurer les moyens de transport de l’armée du Nord.

816 2561 2187 52 2° L. S. par CAMBACÉRÈS, MERLIN DE DOUAI, DAUNOU et GAMON, au citoyen Pille; Paris, 16 fruc¬

766 2617 1616 49 tidor an III (2 septembre 1795), 1 p. in-fol., vignette et tête imprimée.

804 2693 2202 40 Ils le préviennent que le général Bonnaud, qui commande à Angers, demande qu’il soit pris des mesures sévères

768 2737 2237 39 pour maintenir la discipline et se plaint qu’il y a dans les prisons plusieurs militaires et chouans qui ne sont pas encore

768 2775 2237 41 jugés.— (Le général Bonnaud,, un des héros de l’armée de Sambre-et-Meuse, périt, l’année suivante, en 1796, pendant la

767 2819 515 35 célèbre retraite de Jourdan.)

768 2918 2091 74 ★27★ DIRECTOIRE EXÉCUTIF (1 novembre 1795 au 9 novembre 1799.)

820 3025 1032 49 1° L. S. par CARNOT, REUBELL et REVEL¬

768 3080 1085 50 LIÈRE-LÉPEAUX, aux commissaires du gouver¬

766 3134 1085 51 nement chargés de recueillir les objets de

765 3191 1085 49 sciences et d’arts en Italie, à Modène; Paris,

766 3246 1087 51 25 brumaire an V (15 novembre 1796), 1 p. 1/4

766 3299 447 53 in-4, tête imprimée.

800 3378 1050 40 Ils expriment leur satisfaction de ce que le général de

765 3419 1085 42 l’armée d’Italie (Bonaparte) ait pourvu convenablement à

766 3462 1084 41 tous les besoins particuliers que les commissaires ont pu

767 3502 795 36 éprouver durant le cours de leur mission.

802 3573 1049 44 (Carnot, Reubell et Revellière-Lépeaux avaient été

769 3616 1080 43 nommés le 1 novembre 1795 en même temps que Le¬

768 3657 1083 41 tourneur et Barras. Carnot fut proscrit après le 18 fruc¬

767 3696 1085 45 tidor; Reubell fut remplacé par Sieyès le 16 mai 1798 et

770 3740 1004 40 Revellière-Lépeaux, le 18 juin 1799, par Roger-Ducos.)
