<?xml version="1.0" encoding="UTF-8"?>
<alto xmlns:xsi="http://www.w3.org/2001/XMLSchema-instance"
      xmlns="http://www.loc.gov/standards/alto/ns-v2#"
      xmlns:page="http://schema.primaresearch.org/PAGE/gts/pagecontent/2013-07-15"
      xsi:schemaLocation="http://www.loc.gov/standards/alto/ns-v2# http://www.loc.gov/standards/alto/alto.xsd">
   <Description>
      <MeasurementUnit>pixel</MeasurementUnit>
      <OCRProcessing ID="IdOcr">
         <ocrProcessingStep>
            <processingDateTime>2020-11-01T17:57:55.264+01:00</processingDateTime>
            <processingSoftware>
               <softwareCreator>READ COOP</softwareCreator>
               <softwareName>Transkribus</softwareName>
            </processingSoftware>
         </ocrProcessingStep>
      </OCRProcessing>
   </Description>
   <Layout>
      <Page ID="Page1" PHYSICAL_IMG_NR="1" HEIGHT="4663" WIDTH="3598">
         <TopMargin HEIGHT="0" WIDTH="3598" VPOS="0" HPOS="0"/>
         <LeftMargin HEIGHT="4663" WIDTH="0" VPOS="0" HPOS="0"/>
         <RightMargin HEIGHT="4663" WIDTH="0" VPOS="0" HPOS="3598"/>
         <BottomMargin HEIGHT="0" WIDTH="3598" VPOS="4663" HPOS="0"/>
         <PrintSpace HEIGHT="4663" WIDTH="3598" VPOS="0" HPOS="0">
            <TextBlock ID="r_2_1" HEIGHT="60" WIDTH="2221" VPOS="590" HPOS="811">
               <Shape>
                  <Polygon POINTS="811,590 3032,590 3032,650 811,650"/>
               </Shape>
               <TextLine ID="tl_1"
                         BASELINE="649"
                         HEIGHT="58"
                         WIDTH="2219"
                         VPOS="591"
                         HPOS="812">
                  <String ID="string_tl_1"
                          HEIGHT="58"
                          WIDTH="2219"
                          VPOS="591"
                          HPOS="812"
                          CONTENT="26 CHEFS DE GOUVERNEMENT S.1"/>
               </TextLine>
            </TextBlock>
            <TextBlock ID="r_6_1" HEIGHT="200" WIDTH="2228" VPOS="886" HPOS="804">
               <Shape>
                  <Polygon POINTS="804,886 3032,886 3032,1086 804,1086"/>
               </Shape>
               <TextLine ID="tl_2"
                         BASELINE="953"
                         HEIGHT="66"
                         WIDTH="2225"
                         VPOS="887"
                         HPOS="806">
                  <String ID="string_tl_2"
                          HEIGHT="66"
                          WIDTH="2225"
                          VPOS="887"
                          HPOS="806"
                          CONTENT="★55★ CHARLES IV, n. à Naples, 12 novembre 1748, roi d’Espagne (décembre"/>
               </TextLine>
               <TextLine ID="tl_3"
                         BASELINE="1019"
                         HEIGHT="62"
                         WIDTH="1206"
                         VPOS="957"
                         HPOS="814">
                  <String ID="string_tl_3"
                          HEIGHT="62"
                          WIDTH="1206"
                          VPOS="957"
                          HPOS="814"
                          CONTENT="1788), dépossédé par Napoléon I en 1808,"/>
               </TextLine>
               <TextLine ID="tl_4"
                         BASELINE="1085"
                         HEIGHT="61"
                         WIDTH="837"
                         VPOS="1024"
                         HPOS="805">
                  <String ID="string_tl_4"
                          HEIGHT="61"
                          WIDTH="837"
                          VPOS="1024"
                          HPOS="805"
                          CONTENT="m. à Rome, 28 novembre 1819."/>
               </TextLine>
            </TextBlock>
            <TextBlock ID="r_6_2" HEIGHT="109" WIDTH="1219" VPOS="1106" HPOS="808">
               <Shape>
                  <Polygon POINTS="808,1106 2027,1106 2027,1215 808,1215"/>
               </Shape>
               <TextLine ID="tl_5"
                         BASELINE="1159"
                         HEIGHT="52"
                         WIDTH="1172"
                         VPOS="1107"
                         HPOS="854">
                  <String ID="string_tl_5"
                          HEIGHT="52"
                          WIDTH="1172"
                          VPOS="1107"
                          HPOS="854"
                          CONTENT="L. A. S., en français, à Louis XVIII ; Rome, 12 mai"/>
               </TextLine>
               <TextLine ID="tl_6"
                         BASELINE="1214"
                         HEIGHT="52"
                         WIDTH="1063"
                         VPOS="1162"
                         HPOS="809">
                  <String ID="string_tl_6"
                          HEIGHT="52"
                          WIDTH="1063"
                          VPOS="1162"
                          HPOS="809"
                          CONTENT="1814, 3/4 de p. in-4, enveloppe et cachet. — P."/>
               </TextLine>
            </TextBlock>
            <TextBlock ID="r_6_3" HEIGHT="41" WIDTH="1189" VPOS="1232" HPOS="838">
               <Shape>
                  <Polygon POINTS="838,1232 2027,1232 2027,1273 838,1273"/>
               </Shape>
               <TextLine ID="tl_7"
                         BASELINE="1272"
                         HEIGHT="39"
                         WIDTH="1187"
                         VPOS="1233"
                         HPOS="839">
                  <String ID="string_tl_7"
                          HEIGHT="39"
                          WIDTH="1187"
                          VPOS="1233"
                          HPOS="839"
                          CONTENT="Superbe lettre de félicitations sur la restauration de Louis XVIII."/>
               </TextLine>
            </TextBlock>
            <TextBlock ID="r_6_4" HEIGHT="339" WIDTH="1234" VPOS="1276" HPOS="795">
               <Shape>
                  <Polygon POINTS="795,1276 2029,1276 2029,1615 795,1615"/>
               </Shape>
               <TextLine ID="tl_8"
                         BASELINE="1316"
                         HEIGHT="39"
                         WIDTH="1224"
                         VPOS="1277"
                         HPOS="804">
                  <String ID="string_tl_8"
                          HEIGHT="39"
                          WIDTH="1224"
                          VPOS="1277"
                          HPOS="804"
                          CONTENT="« Monsieur mon frère et cousin, cessèrent enfin les malheurs qui ont"/>
               </TextLine>
               <TextLine ID="tl_9"
                         BASELINE="1361"
                         HEIGHT="42"
                         WIDTH="1222"
                         VPOS="1319"
                         HPOS="802">
                  <String ID="string_tl_9"
                          HEIGHT="42"
                          WIDTH="1222"
                          VPOS="1319"
                          HPOS="802"
                          CONTENT="si cruellement persécuté notre famille, et je suis maintenant la der¬"/>
               </TextLine>
               <TextLine ID="tl_10"
                         BASELINE="1395"
                         HEIGHT="34"
                         WIDTH="1224"
                         VPOS="1361"
                         HPOS="800">
                  <String ID="string_tl_10"
                          HEIGHT="34"
                          WIDTH="1224"
                          VPOS="1361"
                          HPOS="800"
                          CONTENT="nière victime. V. M. est rentrée au trône de ses ancêtres. Ce chan¬"/>
               </TextLine>
               <TextLine ID="tl_11"
                         BASELINE="1444"
                         HEIGHT="39"
                         WIDTH="1226"
                         VPOS="1405"
                         HPOS="800">
                  <String ID="string_tl_11"
                          HEIGHT="39"
                          WIDTH="1226"
                          VPOS="1405"
                          HPOS="800"
                          CONTENT="gement fortuné va faire couler sur la France des jours paisibles et"/>
               </TextLine>
               <TextLine ID="tl_12"
                         BASELINE="1488"
                         HEIGHT="41"
                         WIDTH="1225"
                         VPOS="1447"
                         HPOS="800">
                  <String ID="string_tl_12"
                          HEIGHT="41"
                          WIDTH="1225"
                          VPOS="1447"
                          HPOS="800"
                          CONTENT="tranquiles, possédant pour son chef un père si tendre et si juste, et"/>
               </TextLine>
               <TextLine ID="tl_13"
                         BASELINE="1532"
                         HEIGHT="40"
                         WIDTH="1226"
                         VPOS="1492"
                         HPOS="798">
                  <String ID="string_tl_13"
                          HEIGHT="40"
                          WIDTH="1226"
                          VPOS="1492"
                          HPOS="798"
                          CONTENT="votre règne sera pour elle le retour du bonheur et de la paix qui"/>
               </TextLine>
               <TextLine ID="tl_14"
                         BASELINE="1573"
                         HEIGHT="40"
                         WIDTH="1226"
                         VPOS="1533"
                         HPOS="798">
                  <String ID="string_tl_14"
                          HEIGHT="40"
                          WIDTH="1226"
                          VPOS="1533"
                          HPOS="798"
                          CONTENT="avoit disparu depuis longtemps par les convoitions soufertes sous le"/>
               </TextLine>
               <TextLine ID="tl_15"
                         BASELINE="1614"
                         HEIGHT="37"
                         WIDTH="420"
                         VPOS="1577"
                         HPOS="796">
                  <String ID="string_tl_15"
                          HEIGHT="37"
                          WIDTH="420"
                          VPOS="1577"
                          HPOS="796"
                          CONTENT="joug du despotisme... »"/>
               </TextLine>
            </TextBlock>
            <TextBlock ID="r_6_5" HEIGHT="134" WIDTH="2233" VPOS="1648" HPOS="797">
               <Shape>
                  <Polygon POINTS="797,1648 3030,1648 3030,1782 797,1782"/>
               </Shape>
               <TextLine ID="tl_16"
                         BASELINE="1716"
                         HEIGHT="67"
                         WIDTH="2231"
                         VPOS="1649"
                         HPOS="798">
                  <String ID="string_tl_16"
                          HEIGHT="67"
                          WIDTH="2231"
                          VPOS="1649"
                          HPOS="798"
                          CONTENT="★56★ BONAPARTE (Joseph), n. à Corte (Corse), 7 janvier 1768, frère aîné de"/>
               </TextLine>
               <TextLine ID="tl_17"
                         BASELINE="1781"
                         HEIGHT="65"
                         WIDTH="1894"
                         VPOS="1716"
                         HPOS="799">
                  <String ID="string_tl_17"
                          HEIGHT="65"
                          WIDTH="1894"
                          VPOS="1716"
                          HPOS="799"
                          CONTENT="Napoléon I, roi d’Espagne (6 juin 1808), m. à Florence, 28 juillet 1844."/>
               </TextLine>
            </TextBlock>
            <TextBlock ID="r_6_6" HEIGHT="63" WIDTH="2177" VPOS="1797" HPOS="847">
               <Shape>
                  <Polygon POINTS="847,1797 3024,1797 3024,1860 847,1860"/>
               </Shape>
               <TextLine ID="tl_18"
                         BASELINE="1859"
                         HEIGHT="61"
                         WIDTH="2175"
                         VPOS="1798"
                         HPOS="848">
                  <String ID="string_tl_18"
                          HEIGHT="61"
                          WIDTH="2175"
                          VPOS="1798"
                          HPOS="848"
                          CONTENT="L. A. S. au comte (Lacuée); Londres, 26 décembre 1832, 1 p, 1/4 in-4. (Coll. Dubrunfaut.) — P."/>
               </TextLine>
            </TextBlock>
            <TextBlock ID="r_6_7" HEIGHT="40" WIDTH="929" VPOS="1863" HPOS="829">
               <Shape>
                  <Polygon POINTS="829,1866 1758,1863 1758,1900 829,1903"/>
               </Shape>
               <TextLine ID="line_1582275024027_227"
                         BASELINE="1902"
                         HEIGHT="35"
                         WIDTH="926"
                         VPOS="1867"
                         HPOS="830">
                  <String ID="string_line_1582275024027_227"
                          HEIGHT="35"
                          WIDTH="926"
                          VPOS="1867"
                          HPOS="830"
                          CONTENT="Intéressante lettre où il raconte une courte entrevue"/>
               </TextLine>
            </TextBlock>
            <TextBlock ID="r_6_8" HEIGHT="213" WIDTH="962" VPOS="1904" HPOS="790">
               <Shape>
                  <Polygon POINTS="790,1904 1752,1904 1752,2117 790,2117"/>
               </Shape>
               <TextLine ID="tl_20"
                         BASELINE="1946"
                         HEIGHT="41"
                         WIDTH="957"
                         VPOS="1905"
                         HPOS="794">
                  <String ID="string_tl_20"
                          HEIGHT="41"
                          WIDTH="957"
                          VPOS="1905"
                          HPOS="794"
                          CONTENT="avec Mérimée. « Les ouvrages que j'ai lus en Amé¬"/>
               </TextLine>
               <TextLine ID="tl_21"
                         BASELINE="1992"
                         HEIGHT="41"
                         WIDTH="956"
                         VPOS="1951"
                         HPOS="794">
                  <String ID="string_tl_21"
                          HEIGHT="41"
                          WIDTH="956"
                          VPOS="1951"
                          HPOS="794"
                          CONTENT="rique me prévenoient assez en sa faveur pour me"/>
               </TextLine>
               <TextLine ID="tl_22"
                         BASELINE="2030"
                         HEIGHT="38"
                         WIDTH="957"
                         VPOS="1992"
                         HPOS="793">
                  <String ID="string_tl_22"
                          HEIGHT="38"
                          WIDTH="957"
                          VPOS="1992"
                          HPOS="793"
                          CONTENT="donner le désir de le voir longtems, mais notre con¬"/>
               </TextLine>
               <TextLine ID="tl_23"
                         BASELINE="2074"
                         HEIGHT="40"
                         WIDTH="957"
                         VPOS="2034"
                         HPOS="791">
                  <String ID="string_tl_23"
                          HEIGHT="40"
                          WIDTH="957"
                          VPOS="2034"
                          HPOS="791"
                          CONTENT="versation n’a pas été longue; sa visite a été courte,"/>
               </TextLine>
               <TextLine ID="tl_24"
                         BASELINE="2116"
                         HEIGHT="39"
                         WIDTH="953"
                         VPOS="2077"
                         HPOS="792">
                  <String ID="string_tl_24"
                          HEIGHT="39"
                          WIDTH="953"
                          VPOS="2077"
                          HPOS="792"
                          CONTENT="et il ne m’a pas donné le moien de le revoir encore."/>
               </TextLine>
            </TextBlock>
            <TextBlock ID="r_6_9" HEIGHT="170" WIDTH="960" VPOS="2118" HPOS="788">
               <Shape>
                  <Polygon POINTS="788,2118 1748,2118 1748,2288 788,2288"/>
               </Shape>
               <TextLine ID="tl_25"
                         BASELINE="2157"
                         HEIGHT="38"
                         WIDTH="956"
                         VPOS="2119"
                         HPOS="791">
                  <String ID="string_tl_25"
                          HEIGHT="38"
                          WIDTH="956"
                          VPOS="2119"
                          HPOS="791"
                          CONTENT="Il s'est refusé aux invitations que je lui ai faites de"/>
               </TextLine>
               <TextLine ID="tl_26"
                         BASELINE="2201"
                         HEIGHT="39"
                         WIDTH="955"
                         VPOS="2162"
                         HPOS="790">
                  <String ID="string_tl_26"
                          HEIGHT="39"
                          WIDTH="955"
                          VPOS="2162"
                          HPOS="790"
                          CONTENT="venir diner avec moi et je ne dois le voir qu’un"/>
               </TextLine>
               <TextLine ID="tl_27"
                         BASELINE="2243"
                         HEIGHT="38"
                         WIDTH="954"
                         VPOS="2205"
                         HPOS="790">
                  <String ID="string_tl_27"
                          HEIGHT="38"
                          WIDTH="954"
                          VPOS="2205"
                          HPOS="790"
                          CONTENT="moment aujourd’hui pour lui remettre cette lettre,"/>
               </TextLine>
               <TextLine ID="tl_28"
                         BASELINE="2287"
                         HEIGHT="40"
                         WIDTH="899"
                         VPOS="2247"
                         HPOS="789">
                  <String ID="string_tl_28"
                          HEIGHT="40"
                          WIDTH="899"
                          VPOS="2247"
                          HPOS="789"
                          CONTENT="qu’il veut absolument venir chercher lui-même. »"/>
               </TextLine>
            </TextBlock>
            <TextBlock ID="r_6_10"
                       HEIGHT="134"
                       WIDTH="2234"
                       VPOS="2322"
                       HPOS="788">
               <Shape>
                  <Polygon POINTS="788,2322 3022,2322 3022,2456 788,2456"/>
               </Shape>
               <TextLine ID="tl_29"
                         BASELINE="2392"
                         HEIGHT="69"
                         WIDTH="2231"
                         VPOS="2323"
                         HPOS="790">
                  <String ID="string_tl_29"
                          HEIGHT="69"
                          WIDTH="2231"
                          VPOS="2323"
                          HPOS="790"
                          CONTENT="★57★ ALPHONSE XII, n. 28 novembre 1857, fils de la reine Isabelle II, roi"/>
               </TextLine>
               <TextLine ID="tl_30"
                         BASELINE="2455"
                         HEIGHT="62"
                         WIDTH="817"
                         VPOS="2393"
                         HPOS="789">
                  <String ID="string_tl_30"
                          HEIGHT="62"
                          WIDTH="817"
                          VPOS="2393"
                          HPOS="789"
                          CONTENT="d’Espagne (29 décembre 1874.)"/>
               </TextLine>
            </TextBlock>
            <TextBlock ID="r_6_11" HEIGHT="161" WIDTH="909" VPOS="2475" HPOS="786">
               <Shape>
                  <Polygon POINTS="786,2475 1695,2475 1695,2636 786,2636"/>
               </Shape>
               <TextLine ID="tl_31"
                         BASELINE="2525"
                         HEIGHT="49"
                         WIDTH="856"
                         VPOS="2476"
                         HPOS="838">
                  <String ID="string_tl_31"
                          HEIGHT="49"
                          WIDTH="856"
                          VPOS="2476"
                          HPOS="838"
                          CONTENT="L. S. au cardinal Caverot, arche¬"/>
               </TextLine>
               <TextLine ID="tl_32"
                         BASELINE="2582"
                         HEIGHT="52"
                         WIDTH="906"
                         VPOS="2530"
                         HPOS="787">
                  <String ID="string_tl_32"
                          HEIGHT="52"
                          WIDTH="906"
                          VPOS="2530"
                          HPOS="787"
                          CONTENT="vêque de Lyon; Madrid, 31 décembre"/>
               </TextLine>
               <TextLine ID="tl_33"
                         BASELINE="2635"
                         HEIGHT="50"
                         WIDTH="867"
                         VPOS="2585"
                         HPOS="793">
                  <String ID="string_tl_33"
                          HEIGHT="50"
                          WIDTH="867"
                          VPOS="2585"
                          HPOS="793"
                          CONTENT="1879, 1 p. in-4, papier armorié. — P."/>
               </TextLine>
            </TextBlock>
            <TextBlock ID="r_6_12" HEIGHT="75" WIDTH="905" VPOS="2656" HPOS="786">
               <Shape>
                  <Polygon POINTS="786,2656 1691,2656 1691,2731 786,2731"/>
               </Shape>
               <TextLine ID="tl_34"
                         BASELINE="2695"
                         HEIGHT="38"
                         WIDTH="867"
                         VPOS="2657"
                         HPOS="823">
                  <String ID="string_tl_34"
                          HEIGHT="38"
                          WIDTH="867"
                          VPOS="2657"
                          HPOS="823"
                          CONTENT="Il le remercie des félicitations qu’il lui a adres¬"/>
               </TextLine>
               <TextLine ID="tl_35"
                         BASELINE="2730"
                         HEIGHT="30"
                         WIDTH="681"
                         VPOS="2700"
                         HPOS="787">
                  <String ID="string_tl_35"
                          HEIGHT="30"
                          WIDTH="681"
                          VPOS="2700"
                          HPOS="787"
                          CONTENT="sées à l’occasion de la nouvelle année."/>
               </TextLine>
            </TextBlock>
            <TextBlock ID="r_7_1" HEIGHT="66" WIDTH="804" VPOS="3006" HPOS="1502">
               <Shape>
                  <Polygon POINTS="1502,3006 2306,3006 2306,3072 1502,3072"/>
               </Shape>
               <TextLine ID="tl_36"
                         BASELINE="3071"
                         HEIGHT="64"
                         WIDTH="802"
                         VPOS="3007"
                         HPOS="1503">
                  <String ID="string_tl_36"
                          HEIGHT="64"
                          WIDTH="802"
                          VPOS="3007"
                          HPOS="1503"
                          CONTENT="ANGLETERRE"/>
               </TextLine>
            </TextBlock>
            <TextBlock ID="r_7_2" HEIGHT="133" WIDTH="2236" VPOS="3162" HPOS="785">
               <Shape>
                  <Polygon POINTS="785,3162 3021,3162 3021,3295 785,3295"/>
               </Shape>
               <TextLine ID="tl_37"
                         BASELINE="3227"
                         HEIGHT="64"
                         WIDTH="2234"
                         VPOS="3163"
                         HPOS="786">
                  <String ID="string_tl_37"
                          HEIGHT="64"
                          WIDTH="2234"
                          VPOS="3163"
                          HPOS="786"
                          CONTENT="★58★ HENRI VIII, n. à Greenwich, 28 juin 1491, roi d’Angleterre (22 avril 1509),"/>
               </TextLine>
               <TextLine ID="tl_38"
                         BASELINE="3294"
                         HEIGHT="62"
                         WIDTH="860"
                         VPOS="3232"
                         HPOS="786">
                  <String ID="string_tl_38"
                          HEIGHT="62"
                          WIDTH="860"
                          VPOS="3232"
                          HPOS="786"
                          CONTENT="m. à Londres, 28 janvier 1547."/>
               </TextLine>
            </TextBlock>
            <TextBlock ID="r_7_3" HEIGHT="267" WIDTH="867" VPOS="3316" HPOS="784">
               <Shape>
                  <Polygon POINTS="784,3316 1651,3316 1651,3583 784,3583"/>
               </Shape>
               <TextLine ID="tl_39"
                         BASELINE="3367"
                         HEIGHT="50"
                         WIDTH="814"
                         VPOS="3317"
                         HPOS="835">
                  <String ID="string_tl_39"
                          HEIGHT="50"
                          WIDTH="814"
                          VPOS="3317"
                          HPOS="835"
                          CONTENT="L. S., en latin, avec la souscription"/>
               </TextLine>
               <TextLine ID="tl_40"
                         BASELINE="3422"
                         HEIGHT="50"
                         WIDTH="865"
                         VPOS="3372"
                         HPOS="785">
                  <String ID="string_tl_40"
                          HEIGHT="50"
                          WIDTH="865"
                          VPOS="3372"
                          HPOS="785"
                          CONTENT="autographe, au prince Wolfgang d’An¬"/>
               </TextLine>
               <TextLine ID="tl_41"
                         BASELINE="3475"
                         HEIGHT="54"
                         WIDTH="863"
                         VPOS="3421"
                         HPOS="786">
                  <String ID="string_tl_41"
                          HEIGHT="54"
                          WIDTH="863"
                          VPOS="3421"
                          HPOS="786"
                          CONTENT="halt (n. 1492, prince en 1508, chassé de"/>
               </TextLine>
               <TextLine ID="tl_42"
                         BASELINE="3530"
                         HEIGHT="54"
                         WIDTH="863"
                         VPOS="3476"
                         HPOS="786">
                  <String ID="string_tl_42"
                          HEIGHT="54"
                          WIDTH="863"
                          VPOS="3476"
                          HPOS="786"
                          CONTENT="ses Etats en 1532, rétabli dans sa prin¬"/>
               </TextLine>
               <TextLine ID="tl_43"
                         BASELINE="3582"
                         HEIGHT="57"
                         WIDTH="862"
                         VPOS="3525"
                         HPOS="786">
                  <String ID="string_tl_43"
                          HEIGHT="57"
                          WIDTH="862"
                          VPOS="3525"
                          HPOS="786"
                          CONTENT="cipauté en 1552, m. 1566) ; Londres,"/>
               </TextLine>
            </TextBlock>
            <TextBlock ID="r_7_4" HEIGHT="109" WIDTH="866" VPOS="3577" HPOS="786">
               <Shape>
                  <Polygon POINTS="786,3577 1652,3577 1652,3686 786,3686"/>
               </Shape>
               <TextLine ID="tl_44"
                         BASELINE="3634"
                         HEIGHT="56"
                         WIDTH="863"
                         VPOS="3578"
                         HPOS="788">
                  <String ID="string_tl_44"
                          HEIGHT="56"
                          WIDTH="863"
                          VPOS="3578"
                          HPOS="788"
                          CONTENT="24 janvier 1531, 1/2 p. in-fol. Taches"/>
               </TextLine>
               <TextLine ID="tl_45"
                         BASELINE="3685"
                         HEIGHT="52"
                         WIDTH="685"
                         VPOS="3633"
                         HPOS="787">
                  <String ID="string_tl_45"
                          HEIGHT="52"
                          WIDTH="685"
                          VPOS="3633"
                          HPOS="787"
                          CONTENT="d’eau et raccommodages. — P."/>
               </TextLine>
            </TextBlock>
            <TextBlock ID="r_7_5" HEIGHT="83" WIDTH="868" VPOS="3697" HPOS="785">
               <Shape>
                  <Polygon POINTS="785,3697 1653,3697 1653,3780 785,3780"/>
               </Shape>
               <TextLine ID="tl_46"
                         BASELINE="3742"
                         HEIGHT="44"
                         WIDTH="829"
                         VPOS="3698"
                         HPOS="823">
                  <String ID="string_tl_46"
                          HEIGHT="44"
                          WIDTH="829"
                          VPOS="3698"
                          HPOS="823"
                          CONTENT="Lettre de créance pour le docteur Craymer,"/>
               </TextLine>
               <TextLine ID="tl_47"
                         BASELINE="3779"
                         HEIGHT="39"
                         WIDTH="721"
                         VPOS="3740"
                         HPOS="786">
                  <String ID="string_tl_47"
                          HEIGHT="39"
                          WIDTH="721"
                          VPOS="3740"
                          HPOS="786"
                          CONTENT="son ambassadeur auprès de l’Empereur."/>
               </TextLine>
            </TextBlock>
            <GraphicalElement ID="r_12" HEIGHT="13" WIDTH="3364" VPOS="62" HPOS="0"/>
            <GraphicalElement ID="r_13" HEIGHT="8" WIDTH="641" VPOS="70" HPOS="2252"/>
            <GraphicalElement ID="r_14" HEIGHT="15" WIDTH="2143" VPOS="75" HPOS="109"/>
            <GraphicalElement ID="r_15" HEIGHT="19" WIDTH="2872" VPOS="456" HPOS="489"/>
            <GraphicalElement ID="r_16" HEIGHT="13" WIDTH="2473" VPOS="769" HPOS="681"/>
            <GraphicalElement ID="r_18" HEIGHT="14" WIDTH="302" VPOS="2608" HPOS="1808"/>
            <GraphicalElement ID="r_19" HEIGHT="18" WIDTH="418" VPOS="2639" HPOS="2382"/>
            <GraphicalElement ID="r_20" HEIGHT="8" WIDTH="228" VPOS="2674" HPOS="1821"/>
            <GraphicalElement ID="r_21" HEIGHT="13" WIDTH="184" VPOS="2713" HPOS="2540"/>
            <GraphicalElement ID="r_22" HEIGHT="30" WIDTH="2893" VPOS="3893" HPOS="453"/>
            <GraphicalElement ID="r_23" HEIGHT="2" WIDTH="108" VPOS="4590" HPOS="2388"/>
            <GraphicalElement ID="r_24" HEIGHT="3865" WIDTH="38" VPOS="247" HPOS="657"/>
            <GraphicalElement ID="r_25" HEIGHT="3881" WIDTH="26" VPOS="252" HPOS="3130"/>
            <Illustration ID="r_1" HEIGHT="203" WIDTH="3598" VPOS="0" HPOS="0"/>
            <Illustration ID="r_3" HEIGHT="620" WIDTH="873" VPOS="983" HPOS="2080"/>
            <Illustration ID="r_8" HEIGHT="460" WIDTH="1276" VPOS="2424" HPOS="1736"/>
            <Illustration ID="Image_1582275049705_239"
                          HEIGHT="373"
                          WIDTH="1202"
                          VPOS="1892"
                          HPOS="1801"/>
            <Illustration ID="Image_1582275188337_293"
                          HEIGHT="554"
                          WIDTH="1284"
                          VPOS="3247"
                          HPOS="1719"/>
         </PrintSpace>
      </Page>
   </Layout>
</alto>
