3279 5396
1483 68 355 78 — 13 —

182 239 2972 143 43551. MARIE-ANNE D’AUTRICHE, abbesse du noble chapitre de

532 333 2619 133 Prague, sœur de Marie-Antoinette. — L. a. s., en français :

529 425 2619 129 20 juillet 1795, 1 p. in-42. 10 »

501 586 1405 90 Elle déplore la mort d'un de ses frères.

163 739 2985 126 43552. MARIE-CHRISTINE, archiduchesse d'Autriche, duchesse de

520 832 2627 125 Saxe-Teschen, sœur de la reine Marie-Antoinette. — L. a.,

443 922 2699 129 en français, à une princesse ; 27 oct. 1781, 4 p. in-4. 20 »

494 1081 2651 107 TRÈS INTÉRESSANTE LETTRE où elle parle de la naissance du dauphin, fils

423 1146 2720 108 de Louis XVI et de Marie-Antoinette. Elle a partagé la joie, de sa sœur,

421 1214 2721 110 mais « cette joye a été d’abord troublée par la pensée pourquoi n'est-il pas

421 1279 2720 112 née il y a un an seulement pour que la plus tendre des mères ait remportée

417 1349 2725 109 au tombeau cette consolation dont la privation l'occupoit même dans ces

417 1421 636 78 derniers jours... »

146 1558 2991 150 43553. MARIE-THÉRÈSE, impératrice d’Allemagne, dite la Grande.

491 1666 2649 130 — L. a. s., en français, au prince Frédéric de Deux-Ponts ;

492 1764 2645 122 juillet 1760, 1 p. in-4. 100 »

476 1926 2660 107 PIÈCE HISTORIQUE, où elle le félicite de l'heureuse délivrance de Dresde,

405 1996 2732 101 qui lui fait tant d’honneur. « Dieu veuille vous assister encore de plus. La

402 2065 2735 102 prise de Torgau me paraît nécessaire dans ces circonstances. Il faudrait

406 2131 2726 104 mettre une forte et bonne garnison à Dresde, la réparer et renvoyer ce qui

402 2201 2733 102 est inutile et sur tout le train d'artiglerie... Il nous importe infiniment de

396 2269 1656 88 nous maintenir en Saxe et de rien risquer... »

125 2407 3010 146 43554. MARIE-THÉRÈSE D’AUTRICHE, reine de Sardaigne, nièce

482 2521 2648 124 de l’empereur Joseph II, femme de Victor-Emmanuel Ier.

477 2613 2660 123 — L. a. s., en français, à sa sœur ; Verceil, 14 janvier 1800,

474 2707 2652 125 4 p. in-4. 20 »

448 2862 2686 107 Superbe lettre toute relative à la mort de son fils unique, qui a succombé

380 2930 2753 107 en Sardaigne à la petite vérole. Considérations sur la triste situation de son

379 3003 187 56 mari.

106 3155 3023 136 43555. MASSENET (Jules), le célèbre compositeur de musique. —

465 3256 2660 131 L. a. s., 3 p. in-8. 4 »

99 3429 3024 139 43556. MAYENNE (Charles de Lorraine, duc de), célèbre capitaine,

456 3529 2670 133 le chef de la ligue. — L. s., avec la souscription aut., à

453 3621 2668 138 M. de Lanssac ; au camp de Naigre, 3 septembre 1577,

456 3715 2664 138 1/2 p, in-folio. 12 »

425 3884 2702 119 Il lui demande sa bienveillance pour un marchand de Cognac qui a

355 3959 633 85 perdu sa gabarre.

79 4089 3046 172 43557. MÉRIMÉE (Prosper), le célèbre écrivain, membre de l’Aca¬

436 4211 2588 139 démie française. — L. a. s. ; 2 septembre 1843, 1 p. in-8.

319 4302 2798 120 8 »

406 4464 2716 120 Belle lettre relative à sa candidature à l’Académie française. « De quelque

334 4534 2788 125 façon que cela tourne, j’aurai du moins la satisfaction d’avoir été soutenu

334 4606 1986 111 par les personnes que j’estime et que j’aime le plus. »

61 4757 3060 164 43558. MEYERBEER (Jacques), l’illustre compositeur de musique

422 4870 2694 147 allemand. — L. a. s., en français, 1 p. in-8. 3 »

53 5019 3065 188 43559. MÉZIÈRES (Alfred-Jean-François), littérateur et homme
