3211 5306
1403 125 410 77 -12-

349 305 2779 111 invention. Dans la seconde il offre ses services à M. de Lesseps « C’est

359 375 2766 130 presque la vie que vous me rendrez en m’aidant à sortir de l’impasse où

351 457 1672 104 je me consume, inutile, depuis huit années. »

91 625 3030 135 43543. LOBAU (Georges MOUTON, comte de), maréchal de France,

454 719 2668 131 un des héros des guerres de l’Empire. — L. s. à Davout ;

451 815 2666 127 (1815), 1 p. in-4. 5 »

88 1013 3031 134 43544. LOUIS XIV, roi de France. — L s. (par le secrétaire de la

452 1108 2662 127 main), au maréchal de Villeroy; Versailles, 28 février 1712,

457 1202 2573 124 1 p. in-folio. 10

437 1375 2679 102 Il l'informe de la mort du dauphin, son petit-fils et de la dauphine, sa

367 1446 2749 103 petite-fille. Il lui prescrit d assister aux prières qui seront dites à cette occa¬

373 1545 168 56 sion.

105 1691 3014 128 43545. LOUIS V, dit le Pacifique, comte palatin du Rhin, qui contri¬

470 1784 2648 120 bua puissamment à l’élection de Charles-Quint à l’Empire

467 1876 2650 120 et qui défit Franz de Sickingen.— L. s., en italien, avec la

472 1970 2642 119 souscription aut., à Antonio Bagaroto ; Landshut, 23 mai

473 2062 2637 117 1537, 1/2 p. in-folio, cachet. 20 »

105 2255 2968 127 43546. LULLY (Jean-Baptiste), célèbre compositeur de musique. —

472 2347 2638 121 P. s. sur vélin ; Paris, 15 juillet 1696, 1 p. in-4 oblong.

477 2440 2658 98 Rare. 40 ».

451 2599 2613 99 Reçu de ses gages pour la charge de surintendant de la musique du roi.

116 2771 3001 125 43547. MAINDRON (Etienne-Hippolyte), sculpteur, né à Champto¬

482 2858 2634 121 ceaux (Maine-et-Loire). — L. a. s. ; Paris, 1er juillet 1859,

481 2954 2634 120 3 p. 1/2 in-8. 5 »

461 3119 2660 98 Intéressante lettre où il transcrit un article élogieux de Jules Janin sur sa

391 3188 2730 99 statue de sainte Geneviève. Il donne aussi la description d’un autre ou¬

393 3256 2728 103 vrage qui doit lui faire pendant, et qui représentera le baptême de Clovis

389 3350 584 79 par saint Rémy.

125 3494 3001 125 43548. MAISTRE (Xavier de), le célèbre auteur du Voyage autour

490 3585 2628 123 de ma chambre. — L. a. s. X. M. à la marquise de Barol,

490 3679 2623 125 1 p. in-16. Rare. 20 »

134 3850 2989 147 43549. MARASSÉ (Jean-René-Blandine de), général de la Répu¬

499 3951 2625 133 blique, commandant en chef à Anvers en 1793, né à La

500 4046 2622 126 Rochelle. — P. s., avec une ligne aut. ; Anvers, 27 mars

499 4138 2618 126 1793, 1/2 p. in-4. 4 »

143 4326 2978 131 43550. MARET (Hugues), duc de Bassano, célèbre ministre de

506 4414 2614 134 Napoléon Fr. — L. s. au comte de Montholon ; Wilna,

507 4505 2611 129 21 juillet 1812, 2 p. in-fol. 40 »

487 4656 2639 116 PIÈCE HISTORIQUE sur la campagne de Russie. Il mande que l’empereur

421 4718 2698 122 est à Wilna, qu’on a fait beaucoup de prisonniers russes à Star-Lepel.

424 4789 2697 127 L’avant-garde de l’armée est entrée dans la Russie blanche et occupe

428 4855 2695 120 Mohilow. Le prince d’Eckmuhl continue de manœuvrer sur l’armée du

427 4920 2694 123 prince Bagration. L’armée du roi de Westphalie et celle du prince Ponia¬

429 4986 2695 125 towski ont fait leur jonction avec celle du prince d’Eckmuhl. L’Empereur

422 5051 2698 123 jouit de la meilleur santé. — (Deux jours après Davout battit Bagration à

436 5149 340 70 Mohtlow).
