3237 5381
1463 116 323 71 -6-

134 292 2925 160 43484. CAVALOTTI (Felice de), célèbre écrivain et homme d’Etat

493 384 2562 156 italien, tué récemment en duel. — L. a. s. à un ami ; Meina,

491 474 2569 154 12 juillet 1887, 6 p. in-8. 25 »

465 628 2598 134 LETTRE DES PLUS CURIEUSES, où il le remercie de l’affectueuse lettre qu’il

393 693 2668 130 lui a adressée par le canal de l'Evénement. Il est absolument d’accord avec

391 760 2667 132 lui sur la nécessité de dissiper les nuages entre l’Italie et la France. Il faut,

393 828 2667 128 dit-il, abandonner les voies d’une politique mesquine pour les grands idéals

391 895 2668 129 d’un commun destin. Il rappelle que les grands deuils comme ceux de

389 963 2672 125 Garibaldi et de Victor Hugo ont fait battre a l’unisson les cœurs des deux

385 1032 2675 121 peuples, et cependant la mort de Garibaldi est survenue après Tunis et celle

385 1087 2673 143 Victor Hugo après la conclusion de la triple alliance. Il espère que l’Italie

385 1167 2679 109 prendra part a la prochaine fête de sa sœur latine et que l’heure sonnera

386 1232 1893 92 bientôt de se sortir des pattes de sang de la Triplice.

112 1371 2944 134 43485. CAVELIER (Jules), célèbre sculpteur, membre de l’Institut.

479 1462 2581 131 — L. a. s. à Anatole de La Forge ; Paris, 8 janvier 1886,

475 1552 2587 130 3 p. in-8. 8 »

450 1706 2614 107 Il recommande un de ses élèves. La lettre porte une apostille aut. sig. de

382 1779 395 54 M. Barrias.

102 1909 2965 125 43486. CHANZY (Eugène), illustre général, qui battit les Allemands

470 2002 2585 120 à Coulmiers et à Patay. — L. a. s. ; (1872), 1 p. in-8. 10 »

97 2157 2971 119 43487. CHARLOTTE DE PRUSSE, sœur du grand Frédéric, du¬

467 2252 2603 114 chesse de Brunswick-Wolffenbuttel, protectrice des arts et

464 2342 2598 110 des lettres, correspondante et amie de Voltaire, — L. a.

462 2432 2601 107 s., en français (à Voltaire) ; Berlin, 10 décembre, 1/2 p.

464 2524 2603 107 in-8. Très jolie et rare pièce. 25 »

435 2676 2637 88 Charmante épître: «Je ne possède point l’heureux talent de faire des

361 2748 2710 84 vers. Fautte de cest avantage, j’espère que vous voudrés rescevoir mes

365 2814 2711 88 remercimens en prose pour votre billet obligent. Je regrette de ne pouvoir

363 2884 2711 87 profitter de votre conversation. Je suis persuadée qu’elle ce distingue tou¬

355 2952 2722 87 jours. L’esprit, le sçavoir, l’enjouement et la gayeté sont des dons qui vous

363 3018 2717 89 sont si naturels qu’ils ne peuvent que contribués au charmes de la

363 3094 373 59 société...»

79 3215 3006 123 43488. CHARRAS (Jean-Baptiste-Adolphe), célèbre homme poli¬

449 3312 2635 120 tique républicain. et écrivain militaire. — L. a. s. CH. (à

449 3404 2631 118 Jules Barni) ; Bâle, 23 avril 1863, 4 p. in-8. 10»

427 3557 2658 102 CURIEUSE LETTRE, Il l’entretient de ses travaux et lui annonce qu’il a fait

354 3625 2730 104 une réfutation de 150 pages sur Thiers qu’il veut mettre «en figure d’âne et

346 3693 2735 106 de menteur. On regrette bien de n’avoir pu vous entendre, une fois au

353 3780 1568 85 moins, sur cet affreux petit bonapartiste.»

73 3896 3003 138 43489. CHARTRAN (Théobald), célèbre peintre contemporain. —

446 3989 2630 139 L. a. s.; 1 p. in-4. 5»

70 4143 3013 145 43490. CHAUDES-AIGUES (Jacques), littérateur et critique, dont

441 4235 2640 147 les ouvrages sont recherchés par les bibliophiles, né à

447 4325 2630 153 Sauthia (Piémont). — L. a. s. à M. de Béthune, 1 p. in-12.

443 4420 2637 130 Rare. 5 »

68 4564 3019 169 43491. CHÊNEDOLLÉ (Charles-Julien LIOUT de), poète, auteur du

444 4673 2642 153 Génie de l’homme, né à Vire. — L. a. s. à Choron; (Vire),

441 4767 2647 159 3 novembre 1809, 1 p. in-8. 10 »

418 4927 2676 144 Choron lui ayant fait présenter une lettre de change pour se faire payer

348 4993 2745 149 d’une dette, Chênedollé lui témoigne son étonnement de le voir user, vis-

346 5113 1370 92 à-vis de lui, d’un semblable procédé.
