3234 5376
1430 81 352 73 - 11 -

107 254 2977 134 43533. LA FORGE (Anatole de), célèbre homme politique, défen¬

474 346 2614 124 seur de Saint-Quentin, en 1870. — L. a. s. à GAMBETTA ;

472 437 2605 128 Bordeaux, 29 décembre 1870, 1 p. in-8. 10 »

449 596 2641 114 Il lui demande d’ordonner au général Renault de prendre le commande¬

381 664 2709 102 ment des troupes de ligne. « Les hommes nous arrivent de tous côtés, il

381 731 1502 73 faut absolument une unité de direction. »

108 880 2977 125 43534. LA GANDARA (Antonio de), peintre contemporain. — L. a.

471 971 2616 117 s., 2 p. in-8. 4 »

105 1140 2981 117 43535. LAMARTINE (Alphonse de), le grand poète. — L. a. s.,

474 1233 2614 114 1 p. in-8. 3 50

104 1400 2979 114 43536. LA RIVIERE (Louis BARBIER de), connu sous le nom d’abbé

467 1494 2616 111 de la Rivière, archevêque de Langres, ami de Gaston d’Or¬

471 1584 2611 110 léans, qu’il trahissait au profit de Mazarin. — L. a. s. à

467 1675 2609 109 M. de Chavigny ; Paris, 18 juillet 1640, 1 p. in-4. 10 »

449 1842 2634 84 II l'informe, sous le sceau du secret, que l'abbé de Boisgenay vient de

380 1911 2352 82 mourir et que la disposition de cette abbaye dépend de Monsieur.

106 2044 2975 116 43537. LA VALLIÈRE (Louis-César de la BAUME LE BLANC, duc de),

474 2151 2605 102 petit neveu de Mademoiselle de La Vallière, célèbre biblio¬

474 2242 2601 100 phile. — L. a. s. à Mercier de Saint-Léger; Bellevue,

471 2333 2613 97 25 avril, 1 p. in-12. (Coll. Rathery). 6 »

105 2503 2983 96 43538. LEFEBVRE (François-Joseph), duc de Dantzig, illustre

473 2593 2619 94 général républicain et maréchal d’Empire. — L. s. au

475 2686 2617 94 général Denoyers ; Paris, 6e jour complementaire an VII,

471 2775 2619 95 1 p. in-folio, tête et vignettes imprimées. 10 »

447 2944 2647 74 PIÈCE HISTORIQUE. Il charge l'adjudant-général Palasne-Champeaux de

379 3013 2713 74 poursuivre un rassemblement de brigands royaux qui s’est montré au lieu

381 3080 2710 72 dit des Tassses, canton de Villeneuve, (arrondissement de Rambouillet),

382 3148 2711 76 et de poursuivre le dit rassemblement jusque sur le territoire du dépar¬

380 3223 816 54 tement d’Eure-et-Loir.

109 3364 2985 102 43539. LEMAIRE (Philippe-Henri), sculpteur, auteur du fronton de

469 3453 2625 98 la Madeleine, membre de l’Institut, né à Valenciennes. —

471 3547 2623 100 L. a. s., 1 p. in-8. 3 »

109 3716 2985 105 43540. LEOPOLD Ier, empereur d’Allemagne. — L. a. s., en italien,

471 3805 2623 120 au pape Clément X; Eberstatt (?), 19 septembre 1671, 1 p.

469 3895 2627 109 in-folio, cachet bien conservé. Superbe pièce. 40 »

105 4066 2995 110 43541. LIONNE (Hugues de), célèbre diplomate, ministre de

467 4157 2629 113 Louis XIV. — L. a. s., Paris, 6 septembre 1647, 1 p. in-folio.

2880 4252 223 71 40 »

439 4406 2666 97 Superbe lettre relative aux difficultés d'assurer le paiement de la solde de

370 4499 287 58 l’armée.

97 4626 3011 137 43542. LISSAGARAY (Prosper), général de la Défense nationale ;

459 4717 2649 124 il prit une part active aux événements de la Commune. —

459 4811 2649 125 2 l. a. s. ; Londres, 1878-1879, 4 p. 1/2 in-8. 10 »

438 4981 2676 108 Curieuses lettres. Dans la première il demande qu’on intercède pour lui

368 5049 2744 120 près de la Compagnie du chemin de fer d’Orléans pour lui faire adopter une
