3240 5296
1452 120 406 81 -21-

142 289 3010 140 43620. COMMUNE DE 1871. — P. s. par PINDY, A. THEISZ,

507 388 2646 134 LÉO FRANKEL; Paris, 26 avril 1871, 1 p. in-4. 8 »

480 561 2669 109 Ils recommandent le « père Prévost » qui s’est montré dévoué envers les

413 631 2393 107 citoyens qui fréquentaient la chambre fédérale et l’Internationale.

142 802 3000 142 43621. COMMUNE DE PARIS DE 1871. – P. s. du général Eudes;

505 900 2640 128 (mai 1871 ?), 1 p. 1/2 in-8, cachets. 15 »

482 1061 2663 110 DOCUMENT HISTORIQUE. Il donne avis qu’une attaque de l’armée de Ver¬

417 1128 2725 111 sailles doit se produire du côté de Neuilly, qu’on bat le rappel dans le

412 1199 2728 105 XVIIe arrondissement et que Tirard est à la tête de 10 bataillons rassemblés

411 1267 2730 108 à la Bourse et place des Petits-Pères. « Veillons, mais ne fatiguons point

410 1336 2728 111 nos bataillons par de fausses paniques. En cas de danger, faites-moi

411 1405 1097 86 avertir, je suis à vos ordres. »

138 1565 2996 131 43622. COTES DU NORD (département des). — P. a. s. de DELA¬

499 1662 2632 126 PORTE, signée aussi par GAULTIER, FLEURY, PIERRE GUYO¬

496 1752 2630 126 MAR, députés des Côtes-du-Nord au Conseil des Cinq-

499 1842 2624 126 Cents ; Paris, 3 ventôse an V, 7 p. in-folio. 5 »

471 2001 2656 115 Apostille en marge d’une demande du citoyen Bonté, maître de poste

406 2077 2715 108 à Guingamp. Celte pièce donne d’intéressants détails sur l’état des postes

405 2145 2405 104 dans le département des Côtes-du-Nord, l’époque de la Révolution.

132 2283 2984 146 43623. EXÉCUTION DES QUATRE SERGENTS DE LA ROCHELLE.

495 2400 2624 126 — P. s. par QUEQUET; Paris, 20 septembre 1822, 1 p. in-4,

500 2488 2618 130 vignette et texte imprimé. 30 »

468 2657 2654 109 CURIEUX DOCUMENT. Ordre au charpentier des travaux du département de

396 2724 2725 110 la Seine de dresser pour le 21, à quatre heures de l’après-midi, l’échafaud

394 2789 2726 113 nécessaire pour mettre à exécution l’arrêt de la Cour d’assises de Paris, en

395 2860 2721 111 date du 6 septembre, qui condamne quatre individus à la peine de mort. —

394 2927 2718 113 Une note contemporaine indique qu’il s’agit de l’exécution des sergents

397 2998 1280 86 Bories, Goubin, Pommier et Raoux.

128 3159 2978 138 43624. FAMILLE COLBERT. — Pièce notariée signée par JACQUES-

481 3258 2622 134 NICOLAS COLBERT, coadjuteur de l’archevêque de Rouen ;

481 3350 2625 133 ANTOINE-MARTIN COLBERT, bailly de l’ordre de Saint-Jean

480 3442 2620 125 de Jérusalem, CHARLES-HONORÉ D'ALBERT, DUC DE LUYNES,

477 3530 2626 127 PAUL DE BEAUVILLIERS, DUC DE SAINT-AIGNAN, beaux-frères

472 3622 2626 124 à cause de JEANNE-MARIE et de HENRIETTE-LOUISE COLBERT,

475 3712 2626 136 leurs épouses, CHARLES COLBERT, MARQUIS DE CROISSY,

474 3804 2628 131 EDOUARD-FRANÇOIS COLBERT, COMTE DE MAULEVRIER, HENRI

475 3890 2628 136 PUSSORT, directeur des finances, grand-oncle paternel et

472 3980 2630 138 JEAN-JACQUES CHARRON, marquis de Ménars, oncle mater¬

475 4070 2622 138 nel deCHARLES-EDOUARD COLBERT, émancipé d’âge ; Paris,

474 4166 2624 136 31 juillet 1688, 4 p. in-folio. 20 »

446 4332 2652 119 Procuration pour un échange de biens entre les fils de Colbert de Sei¬

379 4402 245 71 gnelay.

109 4569 2990 153 43625. METZ. — L. s., avec la souscription aut., de J.-L. de LAVA¬

464 4676 2630 131 LETTE, duc d'Epernon, aux maire et échevins de la ville

459 4766 2628 145 de Metz ; Fontainebleau, 16 juillet, 1 p. in-folio, cachets.

2913 4910 177 74 6 »

369 5023 2727 155 Il leur recommancle le capitaine Olivier qui a un procès avec les capucins

370 5084 299 73 de Metz.
