3260 5421
1437 97 364 105 -18-

89 299 3030 140 43597. SAUSSIER (Félix-Gustave), le célèbre général, né à Troyes.

463 401 2656 131 — L. a. s. à M. Fallu; Perpignan, 2 p. in-8. 6 »

433 562 2688 107 Il croit qu’on veut l’appeler à Paris avec de hautes fonctions, qui ne lui

359 633 2761 105 conviennent pas, « mais le ministre de la guerre actuel m’enverrait plutôt

358 703 2760 109 prendre le commandement en chef des îles Marquises, et j’accepterais peut-

360 782 225 52 être. »

81 937 3036 120 43598. SAVOIE (Thomas-François de), dit le Prince Thomas, fils du

453 1025 2668 124 duc Charles-Emmanuel, illustre guerrier, tour à tour

451 1123 2668 118 adversaire et ami des Français, grand maître de France

451 1217 2664 114 sous Louis XIV. — L. a. s. (à Mazarin) ; 31 décembre 1652,

449 1313 2666 113 4 p. in-4. Rare. 50 »

426 1470 2697 93 Pièce historique sur la nécessité de remettre les troupes en état pendant

354 1542 2767 89 les quartiers d’hiver. Il l’entretiendra de ses sentiments, tant sur l’Italie

359 1611 2761 88 que sur le reste, car il est nécessaire de trouver le moyen d’entretenir de

355 1683 1395 73 telles armées sans ruiner le royaume,

69 1844 3053 108 43599. SCHOLL (Aurélien), le célèbre publiciste. — L. a. s. à un

445 1938 2669 106 ami ; Paris, 22 mars 1886, 3 p. in-8. 5 »

417 2111 2703 81 Il dit qu’il rêve d’occupations nouvelles, et qu’il a quitté le Figaro par

345 2178 2769 83 amitié pour Gambetta. Il déclare ne pas vouloir être homme politique,

347 2251 2233 78 mais il regrette de n’avoir pas accepté le consulat d’Anvers.

67 2414 3043 100 43600. SEGOND-WEBER (Eugénie-Caroline), célèbre tragédienne.

426 2509 2683 99 — L.a.s., 2 p. in-8. 3»

73 2694 3039 106 43601. SIMON (Jules), le célèbre philosophe et homme d’Etat,

445 2787 2673 99 membre de l’Académie française. — L. a. s. à Anatole de

445 2880 2669 104 La Forge; Paris, 14 mars 1881, 3 p. in-12. 10 »

424 3050 2697 85 CURIEUSE PIÈCE. Il s’associe avec plaisir à son désir de réconciliation et il

350 3118 2766 87 consent volontiers à oublier la discussion qu’ils ont eue chez Victor Hugo.

352 3186 2770 103 Il croit n’avoir rien dit de désobligeant à son égard. « Il arrive souvent qu’en

348 3257 2774 90 rapportant un propos on le modifie, même sans mauvaise volonté, et

346 3335 1745 83 c’est l’origine de presque toutes les fâcheries. »

67 3488 3053 118 43602. SIMON-GIRARD (Juliette-Joséphine), célèbre artiste drama¬

433 3582 2687 120 tique, qui a créé les Cloches de Corneville, la Fille du Tam¬

437 3677 2677 117 bour-Major, etc. — L. a. s., 2 p. in-8, papier à son chiffre.

439 3769 2677 119 Jolie piece. 5 »

65 3928 3053 126 43603. SOUFFLOT (Jacques-Germain), le grand architecte, qui

441 4020 2675 120 construisit le Panthéon. — L. a. s. à M. de Sartine; Paris,

437 4114 2677 132 23 avril 1770, 1/2 p. in-4, 25 »

415 4279 2704 128 Il le prie de faire toucher au s. Poncel, entrepreneur de l’église de Sainte-

348 4352 2773 113 Geneviève, la somme de 30,800 livres en compte sur les ouvrages qu’il a

345 4461 836 79 faits pour ladite église.

73 4585 3051 143 43604. STANISLAS LECZINSKI, roi de Pologne, puis duc de Lor¬

447 4681 2673 143 laine, beau-père de Louis XV. — L. a. s., en français;

444 4774 2678 146 Wissembourg, 13 mars 1724, 1 p. in-4. 25 »

412 4945 2714 130 Il témoigne son appréhension relativement à la réussite d’un projet qui

352 5062 757 63 l’intéresse vivement.

74 5176 3054 160 43605. SULLY-PRUDHOMME (René-François-Armand), célèbre
