1548 2709
597 265 164 64 ( 23 )

227 361 1024 54 qui a apporté un petit enfant encore à la ma¬

226 428 1026 56 melle, qui suce son doigt sans s’effrayer du

222 498 1026 53 bruit de cette scène sanglante, découvre sa

233 567 1017 55 poitrine, et semble dire : Frappez-moi plutôt

227 632 1021 54 que ma famille. Cependant Romulus est ému

225 702 1020 52 par les larmes et les discours d’Hersilie. La

224 766 1025 55 fureur des soldats se calme aux cris perçants

226 834 1019 52 de leurs femmes et de leurs enfants, et l’on

222 900 1024 53 voit, par une espèce d’enchantement, les ca¬

222 969 1022 54 pitaines de chaque armée suspendre les coups,

225 1039 1022 53 et arrêter d’un seul geste l’ébranlement redou¬

222 1106 1024 55 table d’une forêt de lances et de javelots près

224 1175 1020 54 de porter la mort dans les rangs de l’un et

224 1244 1018 53 l’autre parti. Enfin la suspension est procla¬

225 1313 1014 49 mée; la terreur fuit, le tumulte cesse, et un

224 1380 1016 41 vieux commandant de l’armée romaine si¬

221 1446 1018 53 gnale la paix en remettant son sabre dans le

219 1514 207 41 fourreau.

278 1585 963 54 La scène se passe au pied des remparts

224 1653 1015 55 de Rome, près la roche Tarpeïenne, que

224 1721 1017 56 l’on aperçoit dans le fond. Parmi les enseignes

226 1790 1011 56 des Romains on remarque la louve, et une

223 1859 1015 57 botte de foin, attachée à une lance, qui étoit

225 1928 952 56 une des premières enseignes de ce peuple.

119 2030 1117 64 21. Les Licteurs rapportent à Brutus les

179 2109 1058 65 corps de ses fils qu’il a condamnés à

182 2202 145 35 mort.

279 2286 958 52 L’attentat de Sextus, fils de Tarquin, roi de
