1557 2679
593 173 168 60 ( 27 )

166 292 1023 53 DUNOUI ( Alexandre-Hyacinthe), né à Paris.

120 406 1122 66 25. Vue de Naples, prise auprès de Capo

181 488 264 47 di Monte.

276 599 972 53 Un zampognaro joue de son instrument de¬

224 668 1026 52 vant une chapelle. Des villageois s’arrêtent

224 734 1025 53 pour faire leur prière. Dans le lointain on

224 803 1024 52 voit le Mont Vésuve d’où sortent des nuages de

223 871 151 40 fumée.

253 1077 859 52 DUPERREUX (A.-L.-R.), né à Paris.

122 1163 1125 67 26. Vue du rocher de l’Aiguille, première

183 1245 1075 65 porte de clôture de la grande Char¬

184 1323 1064 66 treuse de Grenoble, par Saint-Laurent

185 1406 234 44 du Pont.

278 1503 966 52 Le 8 juillet 1816 le vénérable dom Romuald

226 1570 1018 52 Moissonnier, grand-vicaire des Chartreux,

227 1638 1018 53 âgé de soixante-quatorze ans, vint, au nom

228 1706 1017 53 de son ordre, reprendre possession de cette

225 1774 1021 52 célèbre retraite de S. Bruno, restituée à sa

226 1842 1019 54 primitive destination par la piété du Roi. Il

227 1910 1018 54 étoit accompagné de deux Chartreux, et suivi

226 1981 1019 54 de fidèles que la piété attiroit sur ses pas. Il

229 2049 1017 55 étoit à peine entré dans l’enceinte de la pre¬

230 2115 1017 55 mière clôture du monastère, que trois Char¬

229 2180 1017 54 treux du département de l’Isère descendirent
