1578 2721
812 251 169 63 ( 24 )

435 346 1033 56 Rome, et la mort violente de Lucrèce, qui en

432 419 1039 54 fut la suite, firent éclater la haine générale

434 489 1036 53 des Romains contre un gouvernement tyran¬

433 557 1036 55 nique. La royauté fut abolie, et on élut pour

433 626 1031 55 gouverner l’état deux magistrats auxquels on

431 695 1036 40 donna le titre de consuls. Brutus fut nommé

431 765 1036 53 premier consul, et eut pour collègue Collatin,

428 833 1040 55 époux de Lucrèce : mais cette république nais¬

428 902 1037 41 sante fut à la veille d’être détruite dès son ori¬

429 971 1034 55 gine par une conspiration dans laquelle figu¬

428 1040 1035 55 roient les deux fils de Brutus; cette conspi¬

428 1110 1034 54 ration ayant été découverte, Brutus, père et

423 1179 1036 55 juge des criminels, préférant la patrie à sa

424 1248 1039 49 famille, condamna ses fils à mort. Tous deux

423 1317 705 55 furent exécutés en sa présence.

478 1388 978 54 L’instant que le peintre a choisi est celui

425 1457 1034 56 où Brutus, rentré dans ses foyers après le sup¬

424 1524 1033 56 plice de ses fils, s’est retiré dans un des coins

423 1596 1032 55 de la salle, au pied de la statue de Rome, pour

422 1666 1032 40 chercher la consolation dont son ame a be¬

420 1735 1032 55 soin. Il tient à la main une lettre adressée par

422 1801 506 55 ses fils au roi Tarquin.

474 1868 976 54 Le peintre s’est attaché à exprimer dans ses

418 1938 1030 53 traits et son attitude les chagrins cuisants d’un

418 2007 1029 53 père qui vient de sacrifier la nature à son

419 2075 152 39 devoir.

473 2144 973 44 Sur la droite on voit sa femme et ses filles

416 2211 1029 55 frémissant d’effroi et jetant des cris de dou¬

417 2281 1032 61 leur en voyant entrer les licteurs qui rappor¬
