2077 2743
215 322 323 357 assise
347 322 390 355 de
412 321 514 368 profil
538 323 556 355 à
581 320 711 363 droite,
735 322 753 355 à
772 320 998 367 mi-jambes,
1028 321 1116 355 dans
1136 333 1186 355 un
1208 321 1303 368 large
1321 321 1469 356 fauteuil
1491 323 1533 357 de

212 382 357 418 velours
382 391 457 417 vert
490 383 580 416 dont
608 381 640 416 le
662 382 798 416 dossier
829 390 881 416 est
915 391 1102 416 recouvert
1130 381 1215 416 d'un
1234 383 1321 417 tissu
1352 382 1531 417 d’Orient.

214 444 289 478 Elle
319 452 370 478 est
397 444 502 477 vêtue
525 444 568 477 de
600 443 695 485 noir,
725 443 776 477 les
798 443 914 477 mains
941 442 1072 489 jointes
1100 455 1159 477 sur
1181 455 1236 478 ses
1257 455 1416 490 gencux.
1443 445 1476 478 A
1497 456 1532 478 sa

211 504 340 547 droite,
364 513 489 538 contre
528 503 560 538 le
589 504 680 538 fond
708 515 864 550 pourpre
886 503 972 537 d’un
993 503 1129 547 rideau,
1153 516 1224 538 une
1247 504 1418 550 perruche
1440 505 1532 551 grise

212 577 270 600 sur
291 565 323 600 le
350 564 437 599 haut
464 564 571 599 d’une
601 576 699 611 cage.

259 626 367 672 Signé
393 636 426 660 et
455 626 536 660 daté
556 637 602 659 en
626 626 701 668 bas,
722 627 741 659 à
758 625 911 672 gauche,
929 626 976 659 du
999 637 1280 671 monogramme
1302 627 1345 660 de
1369 626 1526 661 l’artiste.

216 688 318 732 1872.

262 748 416 794 Exposé,
455 759 498 782 en
543 758 645 794 1914,
687 750 706 782 à
743 748 775 782 la
809 747 949 782 Société
989 747 1272 782 Internationale
1305 748 1533 792 (Grosvenor

213 808 393 856 Gallery).

759 2275 966 2343 — 67 —
