2084 2737
977 738 1155 777 MOORE
1180 736 1390 791 (Henry).

576 906 636 944 Né
668 905 686 943 à
713 902 818 943 York
849 917 899 942 en
931 905 1044 953 1831.
1087 901 1166 941 Fils
1195 902 1244 940 de
1276 901 1456 941 William
1488 903 1646 950 Moore,
1677 903 1833 956 peintre

520 971 761 1025 également,
792 971 860 1025 qui
887 979 1010 1009 tenait
1030 969 1136 1008 aussi
1158 983 1213 1007 un
1240 969 1377 1008 atelier
1402 969 1767 1022 d’enseignement.
1801 969 1830 1008 Il

517 1037 664 1077 débuta
689 1052 783 1076 sous
806 1037 841 1075 la
869 1037 1069 1076 direction
1093 1036 1140 1075 de
1164 1050 1238 1075 son
1264 1036 1360 1090 père
1382 1046 1420 1075 et
1446 1036 1536 1089 près
1563 1036 1611 1075 de
1640 1051 1700 1075 ses
1724 1036 1830 1076 deux

514 1104 654 1152 frères,
682 1105 781 1143 dont
804 1105 837 1143 le
861 1103 951 1157 plus
980 1104 1115 1157 jeune,
1139 1102 1282 1142 Albert
1309 1103 1605 1156 (1841-1893),
1631 1104 1763 1142 devait
1788 1117 1829 1143 se

516 1172 732 1226 conquérir
780 1186 859 1210 une
910 1169 1063 1224 grande
1109 1170 1309 1209 notoriété
1359 1184 1523 1210 comme
1576 1171 1733 1223 peintre
1781 1171 1828 1210 de

517 1238 682 1291 figures.

568 1306 666 1344 Vint
701 1306 718 1343 à
756 1305 935 1344 Londres
967 1319 1062 1344 avec
1098 1319 1172 1343 son
1205 1304 1306 1343 frère
1337 1306 1369 1343 ai
1378 1306 1426 1343 né
1459 1314 1497 1343 et
1530 1304 1591 1344 fut
1624 1319 1716 1354 reçu
1752 1319 1827 1344 aux

515 1372 656 1411 Ecoles
688 1372 736 1411 de
769 1371 1015 1411 l’Académie
1047 1386 1096 1410 en
1128 1372 1244 1422 1853.
1279 1371 1307 1409 Il
1344 1385 1495 1424 exposa
1530 1385 1635 1424 pour
1665 1371 1702 1411 la
1739 1386 1827 1425 pre¬

513 1440 635 1477 mière
656 1439 750 1483 fois,
774 1448 876 1478 cette
900 1440 1032 1478 même
1052 1440 1195 1486 année,
1215 1438 1235 1477 à
1252 1438 1288 1478 la
1307 1437 1435 1491 Royal
1452 1439 1672 1492 Academy.
1695 1438 1721 1476 Il
1744 1439 1827 1492 pei¬

509 1507 595 1557 gnit
621 1505 783 1545 d’abord
811 1505 879 1545 des
903 1519 1111 1559 paysages,
1134 1506 1239 1558 puis,
1265 1506 1284 1543 à
1312 1506 1433 1558 partir
1453 1505 1500 1544 de
1528 1507 1644 1556 1838,
1672 1505 1695 1543 il
1713 1520 1824 1544 com¬

510 1587 651 1618 mença
677 1573 696 1611 à
722 1588 761 1611 se
795 1572 914 1611 livrer
948 1572 1036 1625 plus
1068 1571 1361 1626 spécialement
1389 1573 1409 1611 à
1435 1572 1470 1610 la
1499 1573 1821 1626 contemplation

508 1639 576 1678 des
598 1640 747 1693 grands
770 1639 990 1693 spectacles
1016 1640 1064 1678 de
1091 1639 1125 1678 la
1149 1653 1246 1678 mer.
1275 1639 1300 1677 11
1319 1640 1412 1678 s'est
1427 1638 1497 1677 fait
1517 1639 1615 1678 dans
1634 1653 1677 1678 ce
1694 1653 1821 1693 genre

506 1720 559 1744 un
596 1720 692 1746 nom
725 1705 1009 1760 exceptionnel
1041 1720 1111 1759 par
1142 1705 1177 1744 la
1210 1706 1423 1759 puissance
1461 1716 1498 1744 et
1532 1705 1664 1745 l’éclat
1698 1708 1746 1745 de
1781 1721 1822 1745 sa

507 1774 636 1812 vision
669 1784 707 1813 et
735 1788 774 1812 sa
807 1773 1153 1827 compréhension
1183 1773 1230 1811 de
1264 1772 1299 1811 la
1333 1773 1397 1811 vie
1431 1773 1588 1811 intense
1614 1774 1699 1826 qui,
1724 1787 1820 1812 sous

505 1838 560 1878 les
600 1839 695 1878 ciels
737 1854 785 1879 en
832 1850 1113 1888 mouvement,
1159 1840 1295 1878 anime
1346 1840 1401 1878 les
1436 1839 1528 1878 flots
1564 1853 1725 1879 comme
1765 1854 1817 1879 un

504 1907 702 1946 immense
729 1907 958 1960 organisme
983 1907 1229 1946 tourmenté.
1259 1906 1333 1944 Elu
1366 1907 1520 1945 associé
1553 1907 1600 1945 de
1634 1906 1820 1946 l’Acadé¬

504 1974 580 2011 mie
607 1973 740 2026 royale
764 1989 811 2013 en
844 1975 943 2012 1886
970 1983 1006 2012 et
1038 1972 1218 2012 membre
1244 1973 1418 2012 titulaire
1441 1988 1490 2012 en
1525 1975 1641 2024 1893.
1680 1974 1816 2013 Grand

502 2040 586 2092 prix
613 2040 632 2078 à
658 2039 929 2094 l’Exposition
957 2039 1212 2080 Universelle
1245 2040 1292 2079 de
1326 2040 1433 2079 Paris
1477 2043 1576 2091 1889
1606 2050 1644 2079 et
1672 2041 1816 2080 cheva¬

500 2105 572 2144 lier
596 2107 644 2145 de
669 2106 702 2145 la
731 2107 886 2160 Légion
912 2106 1143 2146 d’honneur
1163 2107 1196 2145 la
1218 2108 1351 2146 même
1370 2108 1516 2146 année.

554 2174 689 2226 Henry
712 2174 856 2212 Moore
879 2184 936 2213 est
957 2184 1063 2213 mort
1088 2174 1108 2212 à
1131 2174 1309 2226 Margate
1335 2187 1384 2213 en
1411 2174 1496 2226 juin
1522 2175 1643 2223 1895.

1080 2296 1128 2333 —
1155 2296 1203 2334 68
