<?xml version="1.0" encoding="utf-8"?>
<alto xmlns="http://www.loc.gov/standards/alto/ns-v4#" xmlns:xsi="http://www.w3.org/2001/XMLSchema-instance" xsi:schemaLocation="http://www.loc.gov/standards/alto/ns-v4# https://gitlab.inria.fr/scripta/escriptorium/-/raw/develop/app/escriptorium/static/alto-4-1-baselines.xsd">
<Description>
<MeasurementUnit>pixel</MeasurementUnit><sourceImageInformation><fileName>1896_05_30_ETI-19.png</fileName></sourceImageInformation>
<OCRProcessing ID="IdOcr">
<ocrProcessingStep>
<processingDateTime>2020-10-31T11:45:40.034+01:00</processingDateTime>
<processingSoftware>
<softwareCreator>READ COOP</softwareCreator>
<softwareName>Transkribus</softwareName>
</processingSoftware>
</ocrProcessingStep>
</OCRProcessing>
</Description>
<Layout>
<Page HEIGHT="3146" ID="Page1" PHYSICAL_IMG_NR="1" WIDTH="2179">
<TopMargin HEIGHT="72" HPOS="0" VPOS="0" WIDTH="2179"/>
<LeftMargin HEIGHT="2843" HPOS="0" VPOS="72" WIDTH="80"/>
<RightMargin HEIGHT="2843" HPOS="2037" VPOS="72" WIDTH="142"/>
<BottomMargin HEIGHT="231" HPOS="0" VPOS="2915" WIDTH="2179"/>
<PrintSpace HEIGHT="2843" HPOS="80" VPOS="72" WIDTH="1957">
<TextBlock HEIGHT="5" HPOS="1653" ID="r_3_1" VPOS="92" WIDTH="7">
<Shape>
<Polygon POINTS="1653 92 1660 92 1660 97 1653 97"/>
</Shape>
</TextBlock>
<TextBlock HEIGHT="28" HPOS="808" ID="r_7_1" VPOS="454" WIDTH="142">
<Shape>
<Polygon POINTS="808 454 950 454 950 482 808 482"/>
</Shape>
<TextLine BASELINE="809 481 949 481" HEIGHT="26" HPOS="809" ID="tl_3" VPOS="455" WIDTH="140">
<String CONTENT="— 17 —" HEIGHT="26" HPOS="809" ID="string_tl_3" VPOS="455" WIDTH="140"/>
</TextLine>
</TextBlock>
<TextBlock HEIGHT="104" HPOS="284" ID="r_7_2" VPOS="525" WIDTH="1220">
<Shape>
<Polygon POINTS="284 525 1504 525 1504 629 284 629"/>
</Shape>
<TextLine BASELINE="285 583 1503 583" HEIGHT="57" HPOS="285" ID="tl_4" VPOS="526" WIDTH="1218">
<String CONTENT="90. NASSAU-SIEGEN (Othon, prince de), célèbre général," HEIGHT="57" HPOS="285" ID="string_tl_4" VPOS="526" WIDTH="1218"/>
</TextLine>
<TextLine BASELINE="379 628 1283 628" HEIGHT="49" HPOS="379" ID="tl_5" VPOS="579" WIDTH="904">
<String CONTENT="fameux par ses aventures, n. 1745, m. 1809." HEIGHT="49" HPOS="379" ID="string_tl_5" VPOS="579" WIDTH="904"/>
</TextLine>
</TextBlock>
<TextBlock HEIGHT="46" HPOS="414" ID="r_7_3" VPOS="642" WIDTH="751">
<Shape>
<Polygon POINTS="414 642 1165 642 1165 688 414 688"/>
</Shape>
<TextLine BASELINE="415 687 1164 687" HEIGHT="44" HPOS="415" ID="tl_6" VPOS="643" WIDTH="749">
<String CONTENT="P. a. 8. ; Tinna, 15 août 1807, 2 p. in-folio." HEIGHT="44" HPOS="415" ID="string_tl_6" VPOS="643" WIDTH="749"/>
</TextLine>
</TextBlock>
<TextBlock HEIGHT="106" HPOS="363" ID="r_7_4" VPOS="699" WIDTH="1144">
<Shape>
<Polygon POINTS="363 699 1507 699 1507 805 363 805"/>
</Shape>
<TextLine BASELINE="397 742 1506 742" HEIGHT="42" HPOS="397" ID="tl_7" VPOS="700" WIDTH="1109">
<String CONTENT="Curieuse note destinée à être remise à Talleyrand où il expose ses" HEIGHT="42" HPOS="397" ID="string_tl_7" VPOS="700" WIDTH="1109"/>
</TextLine>
<TextLine BASELINE="364 777 1505 777" HEIGHT="46" HPOS="364" ID="tl_8" VPOS="731" WIDTH="1141">
<String CONTENT="droits sur les États de Siegen. Intéressants détails sur la famille de" HEIGHT="46" HPOS="364" ID="string_tl_8" VPOS="731" WIDTH="1141"/>
</TextLine>
<TextLine BASELINE="365 804 483 804" HEIGHT="26" HPOS="365" ID="tl_9" VPOS="778" WIDTH="118">
<String CONTENT="Nassau." HEIGHT="26" HPOS="365" ID="string_tl_9" VPOS="778" WIDTH="118"/>
</TextLine>
</TextBlock>
<TextBlock HEIGHT="198" HPOS="285" ID="r_7_5" VPOS="826" WIDTH="1222">
<Shape>
<Polygon POINTS="285 826 1507 826 1507 1024 285 1024"/>
</Shape>
<TextLine BASELINE="286 888 1506 888" HEIGHT="61" HPOS="286" ID="tl_10" VPOS="827" WIDTH="1220">
<String CONTENT="91. ORLÉANS (Élisabeth-Charlotte de Bavière, duchesse" HEIGHT="61" HPOS="286" ID="string_tl_10" VPOS="827" WIDTH="1220"/>
</TextLine>
<TextLine BASELINE="379 936 1503 936" HEIGHT="52" HPOS="379" ID="tl_11" VPOS="884" WIDTH="1124">
<String CONTENT="d’), femme de Philippe duc d’Orléans, mère du Régent." HEIGHT="52" HPOS="379" ID="string_tl_11" VPOS="884" WIDTH="1124"/>
</TextLine>
<TextLine BASELINE="382 985 1503 985" HEIGHT="51" HPOS="382" ID="tl_12" VPOS="934" WIDTH="1121">
<String CONTENT="On a publié sa curieuse correspondance, n. 1652," HEIGHT="51" HPOS="382" ID="string_tl_12" VPOS="934" WIDTH="1121"/>
</TextLine>
<TextLine BASELINE="380 1023 552 1023" HEIGHT="33" HPOS="380" ID="tl_13" VPOS="990" WIDTH="172">
<String CONTENT="m. 1722." HEIGHT="33" HPOS="380" ID="string_tl_13" VPOS="990" WIDTH="172"/>
</TextLine>
</TextBlock>
<TextBlock HEIGHT="47" HPOS="415" ID="r_7_6" VPOS="1048" WIDTH="1092">
<Shape>
<Polygon POINTS="415 1048 1507 1048 1507 1095 415 1095"/>
</Shape>
<TextLine BASELINE="416 1094 1506 1094" HEIGHT="45" HPOS="416" ID="tl_14" VPOS="1049" WIDTH="1090">
<String CONTENT="L. a. s. (au duc de Vendôme?) ; Fontainebleau, 7 octobre 1694," HEIGHT="45" HPOS="416" ID="string_tl_14" VPOS="1049" WIDTH="1090"/>
</TextLine>
</TextBlock>
<TextBlock HEIGHT="46" HPOS="376" ID="r_7_7" VPOS="1089" WIDTH="468">
<Shape>
<Polygon POINTS="376 1089 844 1089 844 1135 376 1135"/>
</Shape>
<TextLine BASELINE="377 1134 843 1134" HEIGHT="44" HPOS="377" ID="tl_15" VPOS="1090" WIDTH="466">
<String CONTENT="I p. in-4. (Coll. Chambry.)" HEIGHT="44" HPOS="377" ID="string_tl_15" VPOS="1090" WIDTH="466"/>
</TextLine>
</TextBlock>
<TextBlock HEIGHT="70" HPOS="364" ID="r_7_8" VPOS="1146" WIDTH="1144">
<Shape>
<Polygon POINTS="364 1146 1508 1146 1508 1216 364 1216"/>
</Shape>
<TextLine BASELINE="396 1187 1507 1187" HEIGHT="40" HPOS="396" ID="tl_16" VPOS="1147" WIDTH="1111">
<String CONTENT="Jolie lettre où elle exprime l’espoir que le roi récompensera son" HEIGHT="40" HPOS="396" ID="string_tl_16" VPOS="1147" WIDTH="1111"/>
</TextLine>
<TextLine BASELINE="365 1215 477 1215" HEIGHT="26" HPOS="365" ID="tl_17" VPOS="1189" WIDTH="112">
<String CONTENT="mérite." HEIGHT="26" HPOS="365" ID="string_tl_17" VPOS="1189" WIDTH="112"/>
</TextLine>
</TextBlock>
<TextBlock HEIGHT="99" HPOS="283" ID="r_7_9" VPOS="1245" WIDTH="1225">
<Shape>
<Polygon POINTS="283 1245 1508 1245 1508 1344 283 1344"/>
</Shape>
<TextLine BASELINE="284 1300 1507 1300" HEIGHT="54" HPOS="284" ID="tl_18" VPOS="1246" WIDTH="1223">
<String CONTENT="92. PANGE (François, chevalier de), écrivain, ami d’André" HEIGHT="54" HPOS="284" ID="string_tl_18" VPOS="1246" WIDTH="1223"/>
</TextLine>
<TextLine BASELINE="383 1343 931 1343" HEIGHT="45" HPOS="383" ID="tl_19" VPOS="1298" WIDTH="548">
<String CONTENT="Chénier, n. 1764, m. 1796." HEIGHT="45" HPOS="383" ID="string_tl_19" VPOS="1298" WIDTH="548"/>
</TextLine>
</TextBlock>
<TextBlock HEIGHT="78" HPOS="378" ID="r_7_10" VPOS="1360" WIDTH="1133">
<Shape>
<Polygon POINTS="378 1360 1511 1360 1511 1438 378 1438"/>
</Shape>
<TextLine BASELINE="418 1406 1510 1406" HEIGHT="45" HPOS="418" ID="tl_20" VPOS="1361" WIDTH="1092">
<String CONTENT="L. a. s. au poète LEBRUN; Sarrelouis, 26 mai 1783, 2 p. 1/2" HEIGHT="45" HPOS="418" ID="string_tl_20" VPOS="1361" WIDTH="1092"/>
</TextLine>
<TextLine BASELINE="379 1437 643 1437" HEIGHT="32" HPOS="379" ID="tl_21" VPOS="1405" WIDTH="264">
<String CONTENT="in-4. Très rare." HEIGHT="32" HPOS="379" ID="string_tl_21" VPOS="1405" WIDTH="264"/>
</TextLine>
</TextBlock>
<TextBlock HEIGHT="43" HPOS="401" ID="r_7_11" VPOS="1458" WIDTH="1108">
<Shape>
<Polygon POINTS="401 1458 1509 1458 1509 1501 401 1501"/>
</Shape>
<TextLine BASELINE="402 1500 1508 1500" HEIGHT="41" HPOS="402" ID="tl_22" VPOS="1459" WIDTH="1106">
<String CONTENT="Belle lettre où il exprime son admiration pour le talent de Lebrun." HEIGHT="41" HPOS="402" ID="string_tl_22" VPOS="1459" WIDTH="1106"/>
</TextLine>
</TextBlock>
<TextBlock HEIGHT="79" HPOS="365" ID="r_7_12" VPOS="1494" WIDTH="1146">
<Shape>
<Polygon POINTS="365 1494 1511 1494 1511 1573 365 1573"/>
</Shape>
<TextLine BASELINE="366 1536 1510 1536" HEIGHT="41" HPOS="366" ID="tl_23" VPOS="1495" WIDTH="1144">
<String CONTENT="II parle de leur ami commun (André Chénier?) et se plaint d'être" HEIGHT="41" HPOS="366" ID="string_tl_23" VPOS="1495" WIDTH="1144"/>
</TextLine>
<TextLine BASELINE="366 1572 970 1572" HEIGHT="39" HPOS="366" ID="tl_24" VPOS="1533" WIDTH="604">
<String CONTENT="exilé dans la garnison de Sarrelouis." HEIGHT="39" HPOS="366" ID="string_tl_24" VPOS="1533" WIDTH="604"/>
</TextLine>
</TextBlock>
<TextBlock HEIGHT="153" HPOS="287" ID="r_7_13" VPOS="1592" WIDTH="1225">
<Shape>
<Polygon POINTS="287 1592 1512 1592 1512 1745 287 1745"/>
</Shape>
<TextLine BASELINE="288 1648 1507 1648" HEIGHT="55" HPOS="288" ID="tl_25" VPOS="1593" WIDTH="1219">
<String CONTENT="93. PARTHENAY (Catherine de), vicomtesse de Rohan," HEIGHT="55" HPOS="288" ID="string_tl_25" VPOS="1593" WIDTH="1219"/>
</TextLine>
<TextLine BASELINE="382 1694 1511 1694" HEIGHT="52" HPOS="382" ID="tl_26" VPOS="1642" WIDTH="1129">
<String CONTENT="illustre calviniste, dont l’héroïsme pendant le siège de" HEIGHT="52" HPOS="382" ID="string_tl_26" VPOS="1642" WIDTH="1129"/>
</TextLine>
<TextLine BASELINE="384 1744 1457 1744" HEIGHT="53" HPOS="384" ID="tl_27" VPOS="1691" WIDTH="1073">
<String CONTENT="La Rochelle est justement fameux, n. 1554, m. 1631." HEIGHT="53" HPOS="384" ID="string_tl_27" VPOS="1691" WIDTH="1073"/>
</TextLine>
</TextBlock>
<TextBlock HEIGHT="88" HPOS="380" ID="r_7_14" VPOS="1756" WIDTH="1130">
<Shape>
<Polygon POINTS="380 1756 1510 1756 1510 1844 380 1844"/>
</Shape>
<TextLine BASELINE="420 1800 1509 1800" HEIGHT="43" HPOS="420" ID="tl_28" VPOS="1757" WIDTH="1089">
<String CONTENT="L. a. s. au CARDINAL DE RICHELIEU; Le Parc, 21 février 1625," HEIGHT="43" HPOS="420" ID="string_tl_28" VPOS="1757" WIDTH="1089"/>
</TextLine>
<TextLine BASELINE="381 1843 594 1843" HEIGHT="40" HPOS="381" ID="tl_29" VPOS="1803" WIDTH="213">
<String CONTENT="1 p. in-folio." HEIGHT="40" HPOS="381" ID="string_tl_29" VPOS="1803" WIDTH="213"/>
</TextLine>
</TextBlock>
<TextBlock HEIGHT="220" HPOS="364" ID="r_7_15" VPOS="1854" WIDTH="1148">
<Shape>
<Polygon POINTS="364 1854 1512 1854 1512 2074 364 2074"/>
</Shape>
<TextLine BASELINE="401 1893 1510 1893" HEIGHT="38" HPOS="401" ID="tl_30" VPOS="1855" WIDTH="1109">
<String CONTENT="SUPERBE LETTRE où elle lui demande d’intercéder en sa faveur auprès" HEIGHT="38" HPOS="401" ID="string_tl_30" VPOS="1855" WIDTH="1109"/>
</TextLine>
<TextLine BASELINE="365 1933 1510 1933" HEIGHT="42" HPOS="365" ID="tl_31" VPOS="1891" WIDTH="1145">
<String CONTENT="du roi pour que les revenus de sa maison de Josselin ne soient pas" HEIGHT="42" HPOS="365" ID="string_tl_31" VPOS="1891" WIDTH="1145"/>
</TextLine>
<TextLine BASELINE="366 1968 1511 1968" HEIGHT="42" HPOS="366" ID="tl_32" VPOS="1926" WIDTH="1145">
<String CONTENT="affectés au paiement des gens d’armes que le duc de Vendôme y a" HEIGHT="42" HPOS="366" ID="string_tl_32" VPOS="1926" WIDTH="1145"/>
</TextLine>
<TextLine BASELINE="368 2004 1509 2004" HEIGHT="42" HPOS="368" ID="tl_33" VPOS="1962" WIDTH="1141">
<String CONTENT="mis en garnison « veu que le Roy n’entend point que ceux qui ne se" HEIGHT="42" HPOS="368" ID="string_tl_33" VPOS="1962" WIDTH="1141"/>
</TextLine>
<TextLine BASELINE="365 2039 1510 2039" HEIGHT="42" HPOS="365" ID="tl_34" VPOS="1997" WIDTH="1145">
<String CONTENT="meslent que de prier Dieu pour la prospérité de Sa Majesté soyent" HEIGHT="42" HPOS="365" ID="string_tl_34" VPOS="1997" WIDTH="1145"/>
</TextLine>
<TextLine BASELINE="368 2073 1330 2073" HEIGHT="39" HPOS="368" ID="tl_35" VPOS="2034" WIDTH="962">
<String CONTENT="molestez en leurs biens non plus qu’en leurs personnes »." HEIGHT="39" HPOS="368" ID="string_tl_35" VPOS="2034" WIDTH="962"/>
</TextLine>
</TextBlock>
<TextBlock HEIGHT="193" HPOS="289" ID="r_7_16" VPOS="2094" WIDTH="1224">
<Shape>
<Polygon POINTS="289 2094 1513 2094 1513 2287 289 2287"/>
</Shape>
<TextLine BASELINE="290 2152 1512 2152" HEIGHT="57" HPOS="290" ID="tl_36" VPOS="2095" WIDTH="1222">
<String CONTENT="94. PATKUL (Jean-Reinhold de), noble livonien, qui tenta" HEIGHT="57" HPOS="290" ID="string_tl_36" VPOS="2095" WIDTH="1222"/>
</TextLine>
<TextLine BASELINE="382 2199 1512 2199" HEIGHT="55" HPOS="382" ID="tl_37" VPOS="2144" WIDTH="1130">
<String CONTENT="de délivrer son pays du joug de la Suède, livré par" HEIGHT="55" HPOS="382" ID="string_tl_37" VPOS="2144" WIDTH="1130"/>
</TextLine>
<TextLine BASELINE="381 2247 1509 2247" HEIGHT="54" HPOS="381" ID="tl_38" VPOS="2193" WIDTH="1128">
<String CONTENT="Auguste II, roi de Pologne, à Charles XII, qui le fit" HEIGHT="54" HPOS="381" ID="string_tl_38" VPOS="2193" WIDTH="1128"/>
</TextLine>
<TextLine BASELINE="383 2286 745 2286" HEIGHT="37" HPOS="383" ID="tl_39" VPOS="2249" WIDTH="362">
<String CONTENT="écarteler en 1707." HEIGHT="37" HPOS="383" ID="string_tl_39" VPOS="2249" WIDTH="362"/>
</TextLine>
</TextBlock>
<TextBlock HEIGHT="81" HPOS="381" ID="r_7_17" VPOS="2307" WIDTH="1129">
<Shape>
<Polygon POINTS="381 2307 1510 2307 1510 2388 381 2388"/>
</Shape>
<TextLine BASELINE="420 2353 1509 2353" HEIGHT="45" HPOS="420" ID="tl_40" VPOS="2308" WIDTH="1089">
<String CONTENT="L. s., en allemand; Dresde, 1er juin 1705, 1 p. in-folio, cachet" HEIGHT="45" HPOS="420" ID="string_tl_40" VPOS="2308" WIDTH="1089"/>
</TextLine>
<TextLine BASELINE="382 2387 813 2387" HEIGHT="33" HPOS="382" ID="tl_41" VPOS="2354" WIDTH="431">
<String CONTENT="bien conservé. Très rare." HEIGHT="33" HPOS="382" ID="string_tl_41" VPOS="2354" WIDTH="431"/>
</TextLine>
</TextBlock>
<GraphicalElement HEIGHT="15" HPOS="394" ID="r_8" VPOS="79" WIDTH="248"/>
<GraphicalElement HEIGHT="16" HPOS="745" ID="r_9" VPOS="81" WIDTH="217"/>
<GraphicalElement HEIGHT="14" HPOS="1066" ID="r_10" VPOS="85" WIDTH="763"/>
<GraphicalElement HEIGHT="7" HPOS="1839" ID="r_11" VPOS="167" WIDTH="198"/>
<GraphicalElement HEIGHT="4" HPOS="1928" ID="r_12" VPOS="2825" WIDTH="97"/>
<GraphicalElement HEIGHT="16" HPOS="756" ID="r_13" VPOS="2899" WIDTH="1063"/>
<GraphicalElement HEIGHT="1647" HPOS="80" ID="r_14" VPOS="1201" WIDTH="16"/>
<GraphicalElement HEIGHT="897" HPOS="82" ID="r_15" VPOS="305" WIDTH="9"/>
<GraphicalElement HEIGHT="5" HPOS="1955" ID="r_16" VPOS="212" WIDTH="79"/>
<Illustration HEIGHT="160" HPOS="234" ID="r_4" VPOS="102" WIDTH="30"/>
</PrintSpace>
</Page>
</Layout>
</alto>