2179 3146
327 508 1071 53 PUBLICATIONS SUR LES AUTOGRAPHES

476 604 782 43 En vente chez M. Étienne Charavay, rue de Furstenberg, 3.

283 782 1166 54 Faux autographes : affaire Vrain-Lucas. Étude par Étienne Charavay.

318 824 1133 40 Brochure in-8. I »

318 867 1132 51 Étude critique sur la fameuse collection vendue à M. Chasles et observa¬

288 911 868 43 tions sur les moyens de reconnaître les faux autographes.

289 959 1165 54 Supplément à l'isographie des hommes célèbres, dressé par Étienne

321 999 1134 48 Charavay; première série, contenant les livraisons de I à V. In-4 sur

320 1035 1135 47 papier de Hollande. Tiré à 200 exemplaires. 12 »

321 1088 1133 46 2° série, contenant les livraisons de VI à X. 12 »

292 1137 1166 48 L’Amateur d’autographes, revue rétrospective et contemporaine publiée

321 1169 1136 51 sous la direction d’Étienne Charavay, paraissant chaque mois par livrai¬

321 1213 778 42 son de 16 pages in-8, avec fac-similés dans le texte.

645 1263 469 29 Prix de l’abonnement d’un an :

325 1301 1131 47 Paris et départements. . . 10 » | Union postale. . . 12 »

324 1354 1132 47 Cette revue, fondée en 1862, est le seul, organe que les amateurs d’autogra¬

297 1390 1160 48 phes aient en France. Elle publie des pièces inédites et donne toutes les

299 1433 647 40 nouvelles pouvant intéresser les amateurs.

327 1470 1132 48 Collection complète de 1862 à 1879, 17 vol. in-8. 160 »

296 1526 1160 49 Table générale des lettres et documents contenus dans l’Amateur d’auto¬

325 1561 1134 50 graphes; première série, 1862-1874, 1877, in-8. Tiré à 100 exemplaires. 4 »

326 1609 1132 51 Cette table, rédigée avec soin par un bibliographe émérite, M. Maurice

296 1646 1157 48 Tourneux, est indispensable aux abonnés de l'Amateur d'autographes et aux

299 1686 786 44 érudits qui ont besoin de consulter cet utile recueil.

299 1738 1162 51 Inventaire des autographes et documents historiques réunis par M. Benja¬

325 1771 1135 53 min Fillon, décrits par Étienne Charavay. Tomes 1 et II, 2 vol. in-4, impr.

327 1811 1134 48 sur papier de Hollande par M. Cl. Motteroz. Chaque volume. 25 »

300 1864 1163 55 Lettres autographes composant la collection de M. Alfred Bovet, décrites

330 1900 1136 53 par Étienne Charavay, ouvrage imprimé sous la direction de Fernand

332 1937 1134 49 Calmettes. 1 vol. in-4, de 1000 pages, imprimé sur papier de luxe, avec

332 1976 1136 48 encadrement rouge à chaque page. 150 »

303 2029 1165 53 Collection de lettres autographes et de documents historiques sur le règne

333 2063 1133 53 de Louis XIII, formée par feu M. A. Pécard, décrite et précédée d’une

333 2103 1136 49 notice par Etienne Charavay, 1875. 1 vol. in-8. 4 »

335 2148 1126 53 Répertoire indispensable à ceux qui s’occupent de l’histoire de Louis XIII

304 2200 415 31 et du cardinal de Richelieu.

302 2241 1167 54 Victor Hugo; Histoire d’un crime; Album de fac-similés d’autographes et

333 2278 1136 52 de portraits, dressé par Étienne Charavay. 1 vol. in-8. 3 50

334 2326 1132 53 Cet album, composé de 12 portraits et de 100 fac-similés d’autographes

308 2367 686 44 est du même format que l'Histoire d'un crime,
