2179 3146
831 450 139 26 — 19 —

279 518 1244 62 100. PLATOW (Mattheu, comte), ataman des cosaques,

395 567 1132 60 célèbre général russe qui se distingua dans les guerres

395 622 638 54 de l’Empire, n. 1731, m. 1818.

435 690 1094 52 P. s.; Francfort, 29 octobre 1813, 2 p. in-folio, cachet bien

396 740 347 36 conservé. Très rare.

417 799 1113 48 Ordre militaire concernant la marche des régiments cosaques pen¬

384 841 538 42 dant la traversée de l’Allemagne.

285 916 1245 62 101. POUSCHKINE (Alexandre), célèbre poète russe, n. 1799,

400 979 178 36 m. 1837.

435 1044 995 50 1° B. a. s., en français, à an colonel, 1/2 p. in-8 oblong.

417 1112 994 47 Joli billet au-dessous duquel Pouschkine a dessiné une tête.

438 1185 625 45 2° Note aut., en français, 1 p. in-4.

422 1244 1112 43 Résumé d’une conversation de Pouschkine avec l’ambassadeur

388 1280 1147 51 d’Espagne au sujet du coup d'Etat du 18 brumaire. Il donne de curieux

389 1315 1145 55 détails sur l’attitude de Napoléon et du Conseil des Cinq Cents. (Ces

388 1351 1148 51 deux autographes sont certifiés par le peintre Joukowsky qui les tenait

390 1393 759 44 de son père, le grand poète russe Joukowsky).

288 1459 1245 64 102. PROUDHON (Pierre-Joseph), le célèbre écrivain socia¬

405 1519 481 49 liste, n. 1809, m. 1865.

441 1583 1091 49 L. a. s. aux éditeurs Boussard et Monnier; Conciergerie,

403 1635 395 43 28 août 1851, 2 p. in-8

425 1690 1112 48 Intéressante lettre relative aux conditions de rédaction et de publi¬

390 1728 1033 49 cation d’un ouvrage intitulé l'Histoire de la démocratie moderne.

292 1807 1246 65 103. QUERINI (Angelo-Maria, cardinal), un des plus grands

411 1857 1123 56 érudits du XVIIIe siècle, ami de Voltaire, n. 1680,

411 1921 177 36 m. 1759.

445 1982 942 50 L. a. s. ; Brescia, 24 avril 1746, 1 p. in-4. Belle pièce.

290 2066 1249 64 104. RETZ (Jean-François-Paul de Gondi, cardinal de), arche¬

406 2115 1129 63 vêque de Paris, célèbre frondeur, auteur de Mémoires,

410 2177 358 46 n. 1613, m. 1679.

448 2240 1089 50 L. s. à l’abbé Charrier; Commercy, 24 décembre 1667, 1 p.

404 2285 644 45 in-4, cachets bien conservés et soies.

432 2349 930 44 Intéressante lettre relative à sa démission d’une abbaye.
