2179 3146
835 444 139 26 — 13 —

391 513 1138 42 fils, c’est qu’elle professe pour lui la plus vive admiration. Elle

395 549 1136 41 renonce donc à son projet. « Ah ! vous le savés, ma reconnaissance

395 585 1140 40 n'est pas celle des âmes ordinaires, mais dans ce cas-ci je serais

394 621 1140 40 effraie de sa grandeur, non que je voulusse la sentir, mais de ce que

393 655 1143 43 je ne pourrai jamais l’acquitter. Je ne puis écrire davantage; dites

397 691 1139 41 tout ce qu’il manque, faites tout ce que je désire et du moins dites-

396 727 1139 40 vous que ma proposition, quelque terrible qu’elle me paraisse à

396 762 1139 41 présent, n’était pas dicté par l’égoïsme, mais par la sensibilité, et que

398 798 1135 41 la manière dont vous la reçûtes doit enrichir votre âme d'un bien beau

398 834 1136 40 souvenir. Je suis accablé de maux de nerfs. Ah ! vous savés que j’ai

397 869 1137 40 une âme qui tue mon corps. Je vous embrasse, cher et respectable

397 909 558 36 ami ; je vous aimerai toujours... »

318 967 1216 56 68. LA FAYETTE (Gilbert Motier, marquis de), célèbre

411 1019 951 51 général et homme politique, n. 1757, m. 1834.

447 1078 1029 44 L. a. s. à M. V. Thoré; Paris, 25 avril 1824, 1 p. 1/3 in-4.

432 1131 1106 42 Superbe lettre où il lui recommande une pauvre femme qui a perdu

400 1167 1137 41 sa position parce qu'elle est la sœur de Pommier, l'un des quatre

397 1207 383 37 sergents de la Rochelle.

317 1265 1215 55 69. LAMARTINE (Alphonse de), le grand poète, n. 1790,

411 1321 173 36 m.1869.

449 1378 865 41 L. a. s. ; Saint-Point, 10 octobre 1858, 3 p. in-8.

431 1428 1106 43 SUPERBE LETTRE. Il se plaint que la souscription que l’on fait en sa

399 1464 1138 43 faveur n’ait pas plus d’écho au nord qu’au midi de la France. « J'ai la

400 1500 1139 41 conscience que l'on me devait mieux que des outrages et des ostra¬

399 1535 1141 40 cismes. Sans mon dévouement, bien ou mal réfléchi, pour elle au jour

398 1570 1143 43 de ses angoisses, je ne serais pas expulsé de mon toit paternel et

398 1606 1075 39 bientôt meme de ses frontières. Que Dieu ne les lui rende pas! »

320 1668 1220 57 70. LA ROCHEFOUCAULD (François VI, duc de), l'illustre

414 1721 985 50 écrivain, auleur dos Maximes, n, 1613. m. 1680.

456 1780 1084 47 P. s., signée aussi par Andrée de Vivonne, son épouse; 3 juillet

413 1826 506 41 1658, 2 p. in-folio. Très rare.

432 1875 1107 40 Procuration donnée à Paul Bernard, leur intendant, pour emprunter

398 1916 439 29 une somme de 9.000 livres.

322 1973 1217 57 71. LAYNEZ (Jaime), un des premiers et des plus célèbres

414 2023 1126 54 disciples d’Ignace de Loyola et son successeur comme

414 2072 1002 53 général de l’ordre des jésuites, n. 1512, m. 1565.

450 2131 1089 47 P. s., en italien, signée aussi par Bobadilla et Salmeron,

412 2173 1129 46 disciples d’Ignace de Loyola et le docteur Madrid; Rome, 29

413 2213 971 47 mai 1555, 1 p. 1/2 in-folio. Très rare, (Coll. B. Fillon.)

437 2269 1102 45 Consultés par Don Juan de Lun a sur les hésitations qu’il éprouve à

401 2305 1138 43 rester dans l’ordre, ces quatre pères opinent pour qu’il persévère

402 2340 1134 45 dans sa première résolution. L’exposé de Luna esl en tête de la pièce.
