<?xml version="1.0" encoding="utf-8"?>
<alto xmlns="http://www.loc.gov/standards/alto/ns-v4#" xmlns:xsi="http://www.w3.org/2001/XMLSchema-instance" xsi:schemaLocation="http://www.loc.gov/standards/alto/ns-v4# https://gitlab.inria.fr/scripta/escriptorium/-/raw/develop/app/escriptorium/static/alto-4-1-baselines.xsd">
<Description>
<MeasurementUnit>pixel</MeasurementUnit><sourceImageInformation><fileName>1896_05_30_ETI-17.png</fileName></sourceImageInformation>
<OCRProcessing ID="IdOcr">
<ocrProcessingStep>
<processingDateTime>2020-10-31T11:45:38.925+01:00</processingDateTime>
<processingSoftware>
<softwareCreator>READ COOP</softwareCreator>
<softwareName>Transkribus</softwareName>
</processingSoftware>
</ocrProcessingStep>
</OCRProcessing>
</Description>
<Layout>
<Page HEIGHT="3146" ID="Page1" PHYSICAL_IMG_NR="1" WIDTH="2179">
<TopMargin HEIGHT="75" HPOS="0" VPOS="0" WIDTH="2179"/>
<LeftMargin HEIGHT="2836" HPOS="0" VPOS="75" WIDTH="102"/>
<RightMargin HEIGHT="2836" HPOS="1840" VPOS="75" WIDTH="339"/>
<BottomMargin HEIGHT="235" HPOS="0" VPOS="2911" WIDTH="2179"/>
<PrintSpace HEIGHT="2836" HPOS="102" VPOS="75" WIDTH="1738">
<TextBlock HEIGHT="35" HPOS="811" ID="r_1_1" VPOS="454" WIDTH="172">
<Shape>
<Polygon POINTS="811 455 983 454 983 488 811 489"/>
</Shape>
<TextLine BASELINE="815 490 980 490" HEIGHT="37" HPOS="815" ID="line_1552851461862_105" VPOS="453" WIDTH="165">
<String CONTENT="- 15 -" HEIGHT="37" HPOS="815" ID="string_line_1552851461862_105" VPOS="453" WIDTH="165"/>
</TextLine>
</TextBlock>
<TextBlock HEIGHT="149" HPOS="304" ID="r_2_1" VPOS="518" WIDTH="1216">
<Shape>
<Polygon POINTS="304 518 1520 518 1520 667 304 667"/>
</Shape>
<TextLine BASELINE="305 582 1519 582" HEIGHT="63" HPOS="305" ID="tl_2" VPOS="519" WIDTH="1214">
<String CONTENT="78. MÉHUL (Étienne-Henri), célèbre compositeur de musi¬" HEIGHT="63" HPOS="305" ID="string_tl_2" VPOS="519" WIDTH="1214"/>
</TextLine>
<TextLine BASELINE="398 629 1515 629" HEIGHT="55" HPOS="398" ID="tl_3" VPOS="574" WIDTH="1117">
<String CONTENT="que, auteur du Chant du départ et de Joseph, n. 1761," HEIGHT="55" HPOS="398" ID="string_tl_3" VPOS="574" WIDTH="1117"/>
</TextLine>
<TextLine BASELINE="399 666 574 666" HEIGHT="33" HPOS="399" ID="tl_4" VPOS="633" WIDTH="175">
<String CONTENT="m. 1817." HEIGHT="33" HPOS="399" ID="string_tl_4" VPOS="633" WIDTH="175"/>
</TextLine>
</TextBlock>
<TextBlock HEIGHT="45" HPOS="435" ID="r_2_2" VPOS="692" WIDTH="642">
<Shape>
<Polygon POINTS="435 692 1077 692 1077 737 435 737"/>
</Shape>
<TextLine BASELINE="436 736 1076 736" HEIGHT="43" HPOS="436" ID="tl_5" VPOS="693" WIDTH="640">
<String CONTENT="L. a. s. à Madame Bouilly, 2 p. in-4." HEIGHT="43" HPOS="436" ID="string_tl_5" VPOS="693" WIDTH="640"/>
</TextLine>
</TextBlock>
<TextBlock HEIGHT="81" HPOS="382" ID="r_2_3" VPOS="745" WIDTH="1140">
<Shape>
<Polygon POINTS="382 745 1522 745 1522 826 382 826"/>
</Shape>
<TextLine BASELINE="416 788 1521 788" HEIGHT="42" HPOS="416" ID="tl_6" VPOS="746" WIDTH="1105">
<String CONTENT="Jolie lettre où il donne des conseils a une jeune fille. « Dans les arts" HEIGHT="42" HPOS="416" ID="string_tl_6" VPOS="746" WIDTH="1105"/>
</TextLine>
<TextLine BASELINE="383 825 1008 825" HEIGHT="38" HPOS="383" ID="tl_7" VPOS="787" WIDTH="625">
<String CONTENT="tout est soumis au goût et à l’esprit. »" HEIGHT="38" HPOS="383" ID="string_tl_7" VPOS="787" WIDTH="625"/>
</TextLine>
</TextBlock>
<TextBlock HEIGHT="105" HPOS="308" ID="r_2_4" VPOS="853" WIDTH="1216">
<Shape>
<Polygon POINTS="308 853 1524 853 1524 958 308 958"/>
</Shape>
<TextLine BASELINE="309 911 1523 911" HEIGHT="57" HPOS="309" ID="tl_8" VPOS="854" WIDTH="1214">
<String CONTENT="79. MENDELSSOHN (Félix), le célèbre compositeur de" HEIGHT="57" HPOS="309" ID="string_tl_8" VPOS="854" WIDTH="1214"/>
</TextLine>
<TextLine BASELINE="399 957 1154 957" HEIGHT="51" HPOS="399" ID="tl_9" VPOS="906" WIDTH="755">
<String CONTENT="musique allemand, n. 1809, m. 1847." HEIGHT="51" HPOS="399" ID="string_tl_9" VPOS="906" WIDTH="755"/>
</TextLine>
</TextBlock>
<TextBlock HEIGHT="88" HPOS="398" ID="r_2_5" VPOS="969" WIDTH="1123">
<Shape>
<Polygon POINTS="398 969 1521 969 1521 1057 398 1057"/>
</Shape>
<TextLine BASELINE="435 1015 1520 1015" HEIGHT="45" HPOS="435" ID="tl_10" VPOS="970" WIDTH="1085">
<String CONTENT="L. a. s., en français, à SCRIBE; Berlin, 14 janvier 1842," HEIGHT="45" HPOS="435" ID="string_tl_10" VPOS="970" WIDTH="1085"/>
</TextLine>
<TextLine BASELINE="399 1056 627 1056" HEIGHT="41" HPOS="399" ID="tl_11" VPOS="1015" WIDTH="228">
<String CONTENT="1 p. 1/2 in-8." HEIGHT="41" HPOS="399" ID="string_tl_11" VPOS="1015" WIDTH="228"/>
</TextLine>
</TextBlock>
<TextBlock HEIGHT="116" HPOS="385" ID="r_2_6" VPOS="1066" WIDTH="1139">
<Shape>
<Polygon POINTS="385 1066 1524 1066 1524 1182 385 1182"/>
</Shape>
<TextLine BASELINE="420 1109 1521 1109" HEIGHT="42" HPOS="420" ID="tl_12" VPOS="1067" WIDTH="1101">
<String CONTENT="SUPERBE LETTRE où il exprime le désir d’être son collaborateur." HEIGHT="42" HPOS="420" ID="string_tl_12" VPOS="1067" WIDTH="1101"/>
</TextLine>
<TextLine BASELINE="386 1144 1522 1144" HEIGHT="42" HPOS="386" ID="tl_13" VPOS="1102" WIDTH="1136">
<String CONTENT="« Honneur dont beaucoup de mes compatriotes sont sans doute plus" HEIGHT="42" HPOS="386" ID="string_tl_13" VPOS="1102" WIDTH="1136"/>
</TextLine>
<TextLine BASELINE="386 1181 1523 1181" HEIGHT="44" HPOS="386" ID="tl_14" VPOS="1137" WIDTH="1137">
<String CONTENT="dignes, mais qu’aucun d’eux ne saurait mieux apprécier que moi. »" HEIGHT="44" HPOS="386" ID="string_tl_14" VPOS="1137" WIDTH="1137"/>
</TextLine>
</TextBlock>
<TextBlock HEIGHT="152" HPOS="308" ID="r_2_7" VPOS="1207" WIDTH="1218">
<Shape>
<Polygon POINTS="308 1207 1526 1207 1526 1359 308 1359"/>
</Shape>
<TextLine BASELINE="309 1267 1525 1267" HEIGHT="59" HPOS="309" ID="tl_15" VPOS="1208" WIDTH="1216">
<String CONTENT="80. MENCHIKOW (Alexandre-Danilovitch, prince), illustre" HEIGHT="59" HPOS="309" ID="string_tl_15" VPOS="1208" WIDTH="1216"/>
</TextLine>
<TextLine BASELINE="402 1313 1525 1313" HEIGHT="55" HPOS="402" ID="tl_16" VPOS="1258" WIDTH="1123">
<String CONTENT="homme d’Etat et général, favori et collaborateur de" HEIGHT="55" HPOS="402" ID="string_tl_16" VPOS="1258" WIDTH="1123"/>
</TextLine>
<TextLine BASELINE="406 1358 1106 1358" HEIGHT="47" HPOS="406" ID="tl_17" VPOS="1311" WIDTH="700">
<String CONTENT="Pierre le Grand, n. 1672, m. 1729." HEIGHT="47" HPOS="406" ID="string_tl_17" VPOS="1311" WIDTH="700"/>
</TextLine>
</TextBlock>
<TextBlock HEIGHT="90" HPOS="395" ID="r_2_8" VPOS="1371" WIDTH="1131">
<Shape>
<Polygon POINTS="395 1371 1526 1371 1526 1461 395 1461"/>
</Shape>
<TextLine BASELINE="440 1420 1525 1420" HEIGHT="48" HPOS="440" ID="tl_18" VPOS="1372" WIDTH="1085">
<String CONTENT="P. s., 1822, 1 p. in-folio, cachet bien conservé. Superbe et rare" HEIGHT="48" HPOS="440" ID="string_tl_18" VPOS="1372" WIDTH="1085"/>
</TextLine>
<TextLine BASELINE="396 1460 491 1460" HEIGHT="39" HPOS="396" ID="tl_19" VPOS="1421" WIDTH="95">
<String CONTENT="pièce." HEIGHT="39" HPOS="396" ID="string_tl_19" VPOS="1421" WIDTH="95"/>
</TextLine>
</TextBlock>
<TextBlock HEIGHT="102" HPOS="310" ID="r_2_9" VPOS="1488" WIDTH="1213">
<Shape>
<Polygon POINTS="310 1488 1523 1488 1523 1590 310 1590"/>
</Shape>
<TextLine BASELINE="311 1547 1522 1547" HEIGHT="58" HPOS="311" ID="tl_20" VPOS="1489" WIDTH="1211">
<String CONTENT="81. MILLOT (Claude-François-Xavier, abbé), historien," HEIGHT="58" HPOS="311" ID="string_tl_20" VPOS="1489" WIDTH="1211"/>
</TextLine>
<TextLine BASELINE="404 1589 1462 1589" HEIGHT="49" HPOS="404" ID="tl_21" VPOS="1540" WIDTH="1058">
<String CONTENT="membre de l’Académie française, n. 1726, m. 1785." HEIGHT="49" HPOS="404" ID="string_tl_21" VPOS="1540" WIDTH="1058"/>
</TextLine>
</TextBlock>
<TextBlock HEIGHT="92" HPOS="401" ID="r_2_10" VPOS="1601" WIDTH="1127">
<Shape>
<Polygon POINTS="401 1601 1528 1601 1528 1693 401 1693"/>
</Shape>
<TextLine BASELINE="441 1651 1527 1651" HEIGHT="49" HPOS="441" ID="tl_22" VPOS="1602" WIDTH="1086">
<String CONTENT="L. a. s. au président d’une société littéraire ; Lyon, 12 juil¬" HEIGHT="49" HPOS="441" ID="string_tl_22" VPOS="1602" WIDTH="1086"/>
</TextLine>
<TextLine BASELINE="402 1692 831 1692" HEIGHT="42" HPOS="402" ID="tl_23" VPOS="1650" WIDTH="429">
<String CONTENT="let 1757, 1 p. in-4. Rare." HEIGHT="42" HPOS="402" ID="string_tl_23" VPOS="1650" WIDTH="429"/>
</TextLine>
</TextBlock>
<TextBlock HEIGHT="44" HPOS="423" ID="r_2_11" VPOS="1701" WIDTH="1000">
<Shape>
<Polygon POINTS="423 1701 1423 1701 1423 1745 423 1745"/>
</Shape>
<TextLine BASELINE="424 1744 1422 1744" HEIGHT="42" HPOS="424" ID="tl_24" VPOS="1702" WIDTH="998">
<String CONTENT="Jolie lettre où il le remercie d’un prix qui lui a été décerné." HEIGHT="42" HPOS="424" ID="string_tl_24" VPOS="1702" WIDTH="998"/>
</TextLine>
</TextBlock>
<TextBlock HEIGHT="109" HPOS="313" ID="r_2_12" VPOS="1771" WIDTH="1217">
<Shape>
<Polygon POINTS="313 1771 1530 1771 1530 1880 313 1880"/>
</Shape>
<TextLine BASELINE="314 1832 1529 1832" HEIGHT="60" HPOS="314" ID="tl_25" VPOS="1772" WIDTH="1215">
<String CONTENT="82. MINA (Francisco Espoz y), fameux chef de guerillas" HEIGHT="60" HPOS="314" ID="string_tl_25" VPOS="1772" WIDTH="1215"/>
</TextLine>
<TextLine BASELINE="408 1879 1525 1879" HEIGHT="57" HPOS="408" ID="tl_26" VPOS="1822" WIDTH="1117">
<String CONTENT="espagnol, adversaire des Français, n. 1783, m. 1835." HEIGHT="57" HPOS="408" ID="string_tl_26" VPOS="1822" WIDTH="1117"/>
</TextLine>
</TextBlock>
<TextBlock HEIGHT="51" HPOS="444" ID="r_2_13" VPOS="1887" WIDTH="985">
<Shape>
<Polygon POINTS="444 1887 1429 1887 1429 1938 444 1938"/>
</Shape>
<TextLine BASELINE="445 1937 1428 1937" HEIGHT="49" HPOS="445" ID="tl_27" VPOS="1888" WIDTH="983">
<String CONTENT="P. a. s. ; Pampelune, 22 mars 1810, 2 p. 1/2 in-4. Rare." HEIGHT="49" HPOS="445" ID="string_tl_27" VPOS="1888" WIDTH="983"/>
</TextLine>
</TextBlock>
<TextBlock HEIGHT="78" HPOS="393" ID="r_2_14" VPOS="1942" WIDTH="1137">
<Shape>
<Polygon POINTS="393 1942 1530 1942 1530 2020 393 2020"/>
</Shape>
<TextLine BASELINE="430 1990 1529 1990" HEIGHT="47" HPOS="430" ID="tl_28" VPOS="1943" WIDTH="1099">
<String CONTENT="Intéressante pièce. C’est le texte autographe d’une proclamation à" HEIGHT="47" HPOS="430" ID="string_tl_28" VPOS="1943" WIDTH="1099"/>
</TextLine>
<TextLine BASELINE="394 2019 574 2019" HEIGHT="29" HPOS="394" ID="tl_29" VPOS="1990" WIDTH="180">
<String CONTENT="ses soldats." HEIGHT="29" HPOS="394" ID="string_tl_29" VPOS="1990" WIDTH="180"/>
</TextLine>
</TextBlock>
<TextBlock HEIGHT="106" HPOS="315" ID="r_2_15" VPOS="2046" WIDTH="1216">
<Shape>
<Polygon POINTS="315 2046 1531 2046 1531 2152 315 2152"/>
</Shape>
<TextLine BASELINE="316 2107 1527 2107" HEIGHT="60" HPOS="316" ID="tl_30" VPOS="2047" WIDTH="1211">
<String CONTENT="83. MOREAU (Victor), illustre général républicain, n. 1763," HEIGHT="60" HPOS="316" ID="string_tl_30" VPOS="2047" WIDTH="1211"/>
</TextLine>
<TextLine BASELINE="357 2151 1530 2151" HEIGHT="56" HPOS="357" ID="tl_31" VPOS="2095" WIDTH="1173">
<String CONTENT="blessé mortellement dans les rangs ennemis à la bataille" HEIGHT="56" HPOS="357" ID="string_tl_31" VPOS="2095" WIDTH="1173"/>
</TextLine>
</TextBlock>
<TextBlock HEIGHT="49" HPOS="409" ID="r_2_16" VPOS="2152" WIDTH="342">
<Shape>
<Polygon POINTS="409 2152 751 2152 751 2201 409 2201"/>
</Shape>
<TextLine BASELINE="410 2200 750 2200" HEIGHT="47" HPOS="410" ID="tl_32" VPOS="2153" WIDTH="340">
<String CONTENT="de Dresde, 1813." HEIGHT="47" HPOS="410" ID="string_tl_32" VPOS="2153" WIDTH="340"/>
</TextLine>
</TextBlock>
<TextBlock HEIGHT="94" HPOS="406" ID="r_2_17" VPOS="2209" WIDTH="1126">
<Shape>
<Polygon POINTS="406 2209 1532 2209 1532 2303 406 2303"/>
</Shape>
<TextLine BASELINE="447 2261 1531 2261" HEIGHT="51" HPOS="447" ID="tl_33" VPOS="2210" WIDTH="1084">
<String CONTENT="L. a. s. au général Morgan ; 25 vendémiaire an IV (12 octo¬" HEIGHT="51" HPOS="447" ID="string_tl_33" VPOS="2210" WIDTH="1084"/>
</TextLine>
<TextLine BASELINE="407 2302 1008 2302" HEIGHT="43" HPOS="407" ID="tl_34" VPOS="2259" WIDTH="601">
<String CONTENT="bre 1795), 1 p. in-4, jolie vignette." HEIGHT="43" HPOS="407" ID="string_tl_34" VPOS="2259" WIDTH="601"/>
</TextLine>
</TextBlock>
<TextBlock HEIGHT="83" HPOS="396" ID="r_2_18" VPOS="2307" WIDTH="1137">
<Shape>
<Polygon POINTS="396 2307 1533 2307 1533 2390 396 2390"/>
</Shape>
<TextLine BASELINE="430 2354 1532 2354" HEIGHT="46" HPOS="430" ID="tl_35" VPOS="2308" WIDTH="1102">
<String CONTENT="Il lui annonce avec regret que le Comité de Salut public a décidé" HEIGHT="46" HPOS="430" ID="string_tl_35" VPOS="2308" WIDTH="1102"/>
</TextLine>
<TextLine BASELINE="397 2389 845 2389" HEIGHT="37" HPOS="397" ID="tl_36" VPOS="2352" WIDTH="448">
<String CONTENT="qu’il cessait d’etre employé." HEIGHT="37" HPOS="397" ID="string_tl_36" VPOS="2352" WIDTH="448"/>
</TextLine>
</TextBlock>
<GraphicalElement HEIGHT="6" HPOS="782" ID="r_10" VPOS="88" WIDTH="204"/>
<GraphicalElement HEIGHT="12" HPOS="721" ID="r_11" VPOS="93" WIDTH="462"/>
<GraphicalElement HEIGHT="6" HPOS="1327" ID="r_12" VPOS="93" WIDTH="520"/>
<GraphicalElement HEIGHT="8" HPOS="1183" ID="r_13" VPOS="99" WIDTH="406"/>
<GraphicalElement HEIGHT="3" HPOS="1634" ID="r_14" VPOS="106" WIDTH="144"/>
<GraphicalElement HEIGHT="5" HPOS="1873" ID="r_15" VPOS="2810" WIDTH="191"/>
<GraphicalElement HEIGHT="3" HPOS="1849" ID="r_16" VPOS="2826" WIDTH="82"/>
<GraphicalElement HEIGHT="5" HPOS="994" ID="r_17" VPOS="2893" WIDTH="155"/>
<GraphicalElement HEIGHT="5" HPOS="1162" ID="r_18" VPOS="2892" WIDTH="343"/>
<GraphicalElement HEIGHT="12" HPOS="1643" ID="r_19" VPOS="2899" WIDTH="182"/>
<GraphicalElement HEIGHT="547" HPOS="105" ID="r_20" VPOS="2291" WIDTH="12"/>
<GraphicalElement HEIGHT="2004" HPOS="102" ID="r_21" VPOS="287" WIDTH="12"/>
<GraphicalElement HEIGHT="2" HPOS="1802" ID="r_22" VPOS="97" WIDTH="52"/>
<GraphicalElement HEIGHT="2" HPOS="1839" ID="r_23" VPOS="2810" WIDTH="34"/>
</PrintSpace>
</Page>
</Layout>
</alto>