1971 3146
1165 482 141 33 - 6 -

635 549 1199 59 29. CONDÉ (Henri II de Bourbon, prince de), célèbre chef

731 602 1107 65 protestant, père du Grand Condé, chef du Conseil de

731 654 1098 52 Régence après la morl de Louis XIII, n. 1588, m. 1646.

769 721 1060 51 L. a. s. au pape (Urbain VIII) ; Paris, 9 novembre 1645, 1 p,

733 765 463 36 in-folio, adresse et cachet.

750 818 1080 41 SUPERBE LETTRE où il le supplie de considérer les intérêts de la France

714 855 913 38 avec autant d’affection que l'ont fait ses prédécesseurs.

634 922 1196 57 30. DANTON (Georges), le célèbre conventionnel, n. 1759,

731 961 1099 62 décapité en 1794.

771 1039 1002 41 P. s.; Paris, 22 août 1792, 3 p. 1/4 in-folio, cachet. Rare.

754 1095 1071 41 Signature apposée sur une copie conforme de la loi du 20 août 1792

719 1126 1112 46 réglementant le service des troupes suisses au service de la France.

635 1196 1215 54 31. DASCHKOW (Catherine Romanofna, princesse), favorite

734 1247 1097 52 de l’impératrice Catherine II, qui lui dut son avènement

733 1302 558 43 au trône, n. 1744, m. 1810.

772 1363 1058 47 L. a. s., en français, au R. P. Hermengilde Pini; Pise,

734 1403 831 44 10 juillet, 1 p. in-4. Très rare, (Coll. A. Bovet.)

755 1461 1076 38 Belle lettre de remerciements du cadeau qu’il lui a envoyé. « Vous

720 1497 1111 39 m’obligeriez infiniment si vous me donniez quelques renseignements

720 1533 1111 37 sur les endroits de l’Italie qui me restent à voir où je puisse trouver

722 1568 1108 40 des choses qui regardent l’histoire naturelle. » Très jolie lettre au

719 1604 1111 41 point de vue des relations littéraires qui unissaient les beaux esprits

721 1644 252 35 à cette époque.

640 1708 1189 52 32. DICKENS (Charles), le célèbre romancier anglais,

735 1762 358 41 n. 1812, m. 1870.

774 1823 1056 44 L. a. s. D (à son frère Fred); Londres, 28 février 1848,

735 1866 436 39 1 p. 1/2 in-8. Jolie lettre.

639 1939 1190 53 33. DOSTOIEWSKI (Théodor), le célèbre romancier russe,

735 1979 387 57 n. 1821, m. 1881.

775 2055 689 42 L. a. s. ; 3 juillet 1848, 1 p. in-4. Rare.

640 2125 1188 53 34. DONIZETTI (Gaëtano), le célèbre compositeur de

738 2176 711 50 musique italien, n. 1798, m. 1848.

775 2243 1050 40 L. a. s. au comte Giulio Pullé; Venise, 20 février 1837,

734 2284 670 41 2 p. 1/2 in-8. Légers raccommodages.

754 2340 1071 39 Très intéressante lettre, toute musicale. La musique sérieuse, dit-il,

720 2377 389 29 a besoin d’être mâchée.
