1971 3146
1137 450 141 27 — 10 —

613 517 1216 63 52. GIRARDON (François), le grand sculpteur, un des déco¬

709 570 821 52 rateurs de Versailles, n. 1628, m. 1715.

749 646 679 49 L. a. s.; 2 mars 1693, 1 p. in-4. Rare.

731 707 1102 52 Il indique le nom de deux sculpteurs, Vivien et Maubeuge, qui out

697 753 532 43 la réputation d’être très habiles.

616 820 1218 66 53. GLINKA (Michel), célèbre compositeur de musique

718 883 506 48 russe, n. 1804, m. 1857.

756 947 1076 54 L. a. s., en italien, à M. Cerri; 14 septembre (1832), 1 p. in-8.

713 1002 91 31 Rare.

737 1055 1098 50 Belle lettre où il demande une copie d’un mol il de la Sonnambula.

617 1135 1221 67 54. GOETHE (Jean-Wolfgang), un des plus grands écrivains

716 1192 693 57 de l'Allemagne, n. 1749, m. 1832.

753 1263 939 52 P. a. s.; léna, 18 juillet 1811, 1/2 p. in-4. Belle pièce.

618 1347 1221 64 55. GREVY (Jules), célèbre homme politique, troisième pré¬

716 1398 1071 61 sident de la République française, n. 1807, m. 1891.

756 1478 670 47 L. a. s. à M. Millières, 1 p. in-8. Rare.

618 1554 1222 69 56. GRIMM (Frédéric-Melchior, baron de), célèbre critique

719 1605 1119 60 et écrivain, auteur de la Correspondance littéraire,

720 1669 364 45 n. 1723, m. 1807.

758 1731 1081 53 L. a. s. au baron de Branc ; Paris, 22 janvier 1755. 1 p. 1/2 in-8.

716 1785 198 32 Jolie lettre.

623 1856 1218 62 57. GUIZOT (François-Guillaume), célèbre historien, mi¬

722 1906 1120 61 nistre de Louis-Philippe, membre de l'Académie

722 1964 591 50 française, n. 1787, m. 1874.

765 2031 841 54 L. a. s. (à M. Bérard) ; samedi 16, 2 p. 1/2 in-4.

748 2097 1098 51 Importante lettre relative à la fondation d’une Sociélé pour la

710 2133 1138 52 publication de textes sur l’histoire de France. « Les compilations des

712 2168 1136 51 érudits et les combinaisons systématiques des philosophes ne nous

711 2204 1137 51 contentent plus. Nous voulons connaître les mœurs et les événements

713 2239 1135 50 des tems anciens dans leur simplicité, avec leurs formes et sous leurs

711 2275 1137 52 couleurs natives. » Il trace le plan d’une suite de publications composée

712 2312 1133 51 par l’impression des œuvres laissées parles chroniqueurs qui ont vécu

712 2353 653 38 du Ve au XVe siècle. Intéressants détails.
