1892 2838
891 345 156 32 - 12 -

467 410 1045 43 sement d'Etampes, avec la désignation de leurs fonctions,

468 446 1046 44 la date de leur institution par l’évèque de Versailles, et

468 483 1046 43 toutes leurs signatures; an 10, 16 p. in-f. Curieux docu¬

467 522 98 29 ment.

425 570 951 48 75. FAVART (Ch.-S.), célèbre auteur dramatique.

509 622 1002 47 1° Reçu aut. sig., 1777, in-8. — 2° Hippolyte et Aricie, pa¬

465 656 675 43 rodie aut., 15 p. in-f. Un peu fatigué.

424 705 1086 49 76. FAY (Léontine), dame Volnys, excellente actrice du

462 746 295 43 Théâtre-Français.

498 797 820 44 2 l. a. s. à Klein et à Leménil, 1843, 2 p. in-8.

421 849 779 36 77. FEMMES PEINTRES. 3 lettres.

498 899 1010 43 LEBRUN (Mme Vigée), let. aut., sig. à la 3° pers., au comte

462 934 1047 47 de Forbin, 1 p. in-8. Portrait. — MIRBEL (L. de), 1 p. 1/4

463 971 992 46 in-8. — HOUDEBOURG-LESCOT (Hort.), 3 p. in-8. Portrait.

420 1023 819 47 78. FERMES POETES. 6 let. aut. sig.

501 1072 1008 44 DUFRÉNOY (Mme), petit billet. — VALMORE (Marceline) à

461 1107 1045 47 Jacques Arago, 1832, 3 p. in-8. Frippée. — TASTU (Amable),

460 1142 1046 44 2 billets. — ANCELOT (Virginie), petit billet. — BELLOC (Mme),

463 1178 151 38 1 p. in-8.

418 1218 1089 51 79. FÊTES DE L'ÉGLISE. Recherches sur les fêtes

461 1269 1046 48 de l’Eglise, et en particulier sur celles du diocèse de Pa¬

461 1305 1044 44 ris, manuscrit original écrit au milieu du XVIIIe siècle,

460 1340 1045 45 composé de cahiers et de notes formant la matière d’un

461 1378 369 33 fort volume in-folio.

418 1430 694 46 80. FRANÇOIS Ier, roi de France.

495 1480 1008 44 L. s. à M. Duchillou, vice-amiral; Autun, 12 août, 1 p.

460 1515 253 39 in-f. Belle pièce.

517 1562 989 39 Il est très aise qu'il ail fait rentrer la nef Loyse au Havre, et que l’on

484 1594 1024 39 ait fait sortir des navires de Honfleur et de Dieppe pour garder les côtes

484 1625 1024 40 contre les ennemis. Il charge Jehan Gombault, conseiller au parlement, et

483 1658 1023 38 Conflans, son premier huissier, de visiter les côtes de Notmandie, de Bre¬

484 1691 1021 39 tagne et de Guienne, pour voir de quels vaisseaux et de quels gens on

483 1723 1022 39 pourrait se servir au besoin. Il recommande que l'on ne coure point sus

483 1757 768 36 aux gens des rois d’Angleterre et de Portugal, ses alliés.

417 1792 1086 65 81. LE MÊME. L. s., contres. Bayard, à M. Thesnaige,

457 1843 1046 45 son ambassadeur auprès de Charles-Quint; Romorentin,

457 1881 403 40 27 av. 1545, 1/2 p. in-f.

515 1928 992 38 Il lui donne des instructions sur le langage que le prince de La Roche¬

480 1960 441 34 sur-Yon doit tenir à l'Empereur.

415 1991 1090 61 82. GÉRARD (François), grand peintre d’histoire, de

456 2044 154 33 l’Institut.

493 2093 1010 43 L. a. s. à une personne qui veut lui faire faire un des¬

455 2129 656 43 sin; 21 juil. 1827, 2 p. in-8. Jolie pièce.

414 2168 1088 61 83. GRÉGOIRE (Henri), célèbre constituant et conven¬

455 2222 124 34 tionnel.

488 2273 1011 46 L. a. s. à M. Masson; Paris, 28 juill. 1810, 1 p. 1/4 in-4.

507 2318 994 45 Intéressante lettre relative à la découverte récente de l’épitaphe de

474 2344 1026 44 Racine, pour la conservation de laquelle il engage M. Masson à faire des

471 2380 1028 42 démarches auprès du ministre de l’intérieur et du préfet de Seine-et-Oise,
