1848 2838
878 381 186 53 -20-

488 459 1025 35 vous étiez prêts à la faire danser aux brigands (les Vendéens)... La musique

487 492 1025 34 était dans les républiques anciennes un des premiers éléments de l’éduca¬

488 527 711 32 tion : la république française ne la négligera pas... »

421 575 871 44 139. NAPOLEON Ier, empereur des Français.

505 623 1004 42 L. sig. Buonaparte, comme général d’artillerie, au cit.

466 659 1043 43 Bellot, garde magasin au fort Lamalgue; Nice, 29 vent.

464 696 1047 42 an 2, 1/2 p. in-4. Légère déchirure par la rupture du ca¬

465 738 85 28 chet.

520 779 991 34 « Vous devez avoir, lui dil-il, les appointements de mille francs. » Le

486 812 1025 34 payeur, par une note, refuse, ne connaissant pas de loi qui autorise le général

486 847 324 27 à assurer ce traitement.

421 889 1089 48 140. LE MÊME. L. s., comme général en chef de l’ar¬

463 935 1044 40 mée d’Egypte, (écrite par Bourienne), au général Vial;

463 973 1008 38 le Caire, 15 vend, an 7, 2 p. 1/2 in-f., tête imp. Belle pièce.

516 1019 992 33 Ordre d'établir des signaux pour savoir s’il y a des bâtiments anglais au

485 1051 1024 34 large de Damiette « Je désire que vous fassiez interroger tous les bâtiments

486 1083 1022 34 de la Caramanie, de Chipre et du pachali de Tripoli, pour savoir de quelle

486 1115 1023 33 manière y sont traités les Français, les consuls, et enfin pour avoir des

485 1148 429 32 nouvelles de Constantinople... »

420 1188 1085 51 141. LE MÊME. L. s. au capitaine Sébastiani; le Caire,

460 1238 830 39 20 mess, an 7, 1/2 p. in-f., tête imp. Belle pièce.

519 1284 989 34 Il lui promet l’avancement que lui mérite sa belle conduite devant Saint-

485 1319 166 25 Jean-d’Acre.

421 1349 1085 52 142. LE MÊME. L. s. (écrite par Bourienne) au préfet du

462 1400 1044 40 Rhône; Milan, 15 prair. an 8, 3/4 de p. in-4, vignette. Un

463 1439 213 39 peu frippée.

517 1483 989 30 Annonce de son arrivée à Milan, et de ses derniers succès sur l’ennemi.

419 1519 1086 54 143. LE MÊME. Apostille sig, N. sur un rapport sig. de

461 1570 1043 39 Berthier, relatif au général Férey; Paris, 13 août 1810,

463 1609 148 37 1 p. in-f.

420 1658 1084 44 144. ORNANO (Alphonse d’), colonel-général des Corses,

460 1699 1042 45 gouverneur du Dauphiné pendant la Ligue, maréchal de France.

500 1749 1005 41 3 let. sig. à M. Girard, commissaire des guerres en Lan¬

460 1786 1044 42 guedoc; Lyon, Pont-Saint-Esprit et Bordeaux, 1595-1600,

458 1827 154 38 3 p. in-f.

418 1877 1087 45 145. ORNANO (Anne d'), fille du maréchal, femme d'An¬

460 1920 674 36 toine du Roure, comte de Saint-Remèze.

499 1968 1006 39 2 l. a. s. à M. Guiloit,; le Bousquet, 1628, 1 p. in-f. et

461 2008 155 38 1 p. in-8.

417 2059 1088 41 146. PALLOY, fameux révolutionnaire, qui démolit la Bas¬

459 2101 759 40 tille, connu sous le nom de patriote Palloy.

499 2148 1005 40 Minute de lettre, en partie aut., et sig., à Collot-d’Her¬

458 2187 498 40 bois; 24 déc. 1792, 3 p. in-4.

512 2234 992 33 Très curieuse épître : envoi d’une médaille provenant d'un des carcans

481 2265 1022 34 de la Bastille; éloge amphatique de l'Almanach du père Gerard ; ré¬

482 2295 1021 37 flexions peu orthodoxes sur le remplacement des saints par les grands

480 2331 1021 33 hommes et les philosophes : quant à lui, il adopte Diogène pour son patron.

416 2380 1084 42 147. PARISET (Et.), médecin, élégant écrivain sur son art,

456 2421 332 41 né dans les Vosges.
