1856 2851
815 387 158 32 - 19 -

393 454 1047 47 aut.) remis par lui à Mme de Senozan, sa sœur, 1 vol. in-12,

395 491 759 40 rel. mar. rouge, dentelle. Portrait ajouté.

450 539 714 28 Une de ces remontrances est relative à la Chalotais.

353 582 1027 43 130. MANUEL (J.-Ant.), député, célèbre orateur libéral.

433 631 972 42 L. a. s. à un de ses collègues; Paris, 18 mai, 1 p. in-8.

451 679 991 32 Relative a deux réfugiés piémontais que le gouvernement vient d'exiler à

419 709 114 32 Bourges.

358 743 1085 54 131. MARIE-ADÉLAIDE RE FRANCE, tante de

396 798 185 33 Louis XVI.

432 847 1009 40 L. a. s. à la comtesse de Sivrac; 16 juil. 1754, 1/2p. in-8,

398 886 629 37 cachet à ses armes. Charmante épître.

357 937 1086 35 132. MARINE. Charte relative à une fourniture d’arba¬

398 978 1045 37 lètes aux villages de la vicomté de Bayeux, pour le fait

398 1007 1044 45 du passage de la mer par Charles VI (descente on Angle¬

398 1046 513 41 terre), 28 août 1386, in-4 obl.

355 1102 1088 41 133. MARINE. Contrat de vente passée au roi Charles V

396 1140 1046 43 de la nef de, Christophe, étant à Harfleur, pour 600 francs

397 1179 686 39 d’or; pièce sur vélin, 6 fév. 1369, in-4.

354 1234 1086 43 134 MAUCROIX (François de), chanoine de Reims, litté¬

395 1276 1046 44 rateur, célèbre par ses liaisons intimes avec La Fontaine et

396 1317 132 34 Boileau.

439 1368 1001 40 L. a. s. à Boileau; Reims, 2 nov. 1683 , 2 p. 1 /2 in-8, ca¬

397 1405 83 30 chet.

453 1451 988 34 Il le prie de donner 10 louis à leur ami Cassondre, et lui apprend que

419 1484 1022 33 M. Rainssant est enlevé aux malades de Reims pour devenir médecin de,

419 1516 1023 33 M. de Launoy. il le charge, de ses baise-mains pour MM. Puymaurin et

420 1548 477 32 Racine, et lui parle de La Fontaine.

358 1597 1080 45 135. MEISSONNIER (J.-L.-Ernest), célèbre peintre de

395 1641 542 43 genre contemporain, né à Lyon.

437 1689 304 39 L. a. s., 1 p. in-8.

450 1734 989 34 Il demande une perruque qui lui est nécessaire pour terminer un tableau.

355 1783 1086 43 136. MERLIN DE DOUAI, célèbre jurisconsulte et

395 1828 242 33 conventionnel.

435 1876 593 40 L. a. s.; Paris, 1822, 1 p. 1/2 in-4.

355 1928 1084 46 137. MONTIS (l’abbé de), prédicateur du XVIIIe siècle, doc¬

397 1970 816 46 teur en théologie, de l’Académie de La Rochelle.

437 2018 1004 43 Panégyriques et autres discours de piété, manuscrit original,

395 2058 647 40 avec corrections autog., 512 p. in-4.

352 2096 1091 60 138. MUSIQUE (la) INSTITUTION RÉVOLU¬

396 2162 318 30 TIONNAIRE.

437 2203 1005 45 Lettre du représentant à l’armée de l’Ouest aux citoyens

396 2244 1047 38 de la Compagnie, des musiciens envoyés par le Comité de salut pu¬

397 2278 1046 43 blic aux armées, copie certifiée et sig. par le représentant,

396 2317 859 41 Garrau; Pontivi, 19 pluv. an 2, 1 p. in-f., cachet.

452 2363 990 35 Pièce historique fort curieuse, qui établit ce fait, inconnu, que le Comité

418 2396 1020 33 de salut public envoyait des musiciens aux armées pour électriser les troupes.

422 2428 1020 35 «En jouant la carmagnol à nos braves républicains, dit le représentant,
