1856 2842
836 353 162 32 - 21-

451 418 959 46 2 let. aut. sig. à Albert Montémont, 1844-46, 3 p. in-8.

464 466 987 40 Toutes deux relatives à des toasts portés par lui en l'honneur du dépar¬

431 501 257 34 tement des Vosges.

369 543 1083 47 148. PASQUIER (le duc), homme d’Etat, membre de

411 587 226 34 l’Acad. franc.

449 632 536 40 2 let. aut. sig., 1831, 2 p. in-8.

368 680 1085 47 149. PEIGNOT (Gabriel), célèbre bibliographe et érudit di¬

407 724 129 42 jonnais.

449 766 876 42 L. a. s. à Amanton ; Dijon, 27 déc. 1832, 3 p. in-4.

464 812 985 38 Relative à la vente de la bibliothèque d'Amanton, et à un vacarme qui a

431 845 1019 36 eu lieu dans l’église de Saint-Bénigne, de Dijon, pendant la messe de

430 881 93 27 minuit.

367 915 1081 56 150. LE MÊME. 3 l. a. s. au même; Dijon, 1831, 3 p. 1/2,

407 969 288 39 in-4 et 6 p. in-8.

463 1011 986 37 Relatives à l'Eloge du marquis de Courtivron, rédigé par Amanton.

364 1055 927 47 151. PIRON (Alexis), célèbre poète du XVIIIe siècle.

448 1104 644 44 2 pièces de vers aut., 1762, 2 p. in-4.

464 1148 986 41 La première de ces deux pièces est une Enigme sur la colonnade du

431 1181 1021 38 Louvre ; l’autre a pour titre : La Chaîne des événements, conte, et com¬

430 1219 346 34 mence par ces trois vers :

637 1255 418 25 Comme souvent tout s’enfile ici-bas

639 1284 456 28 Des Bernardins pâturaient en lieu gras.

637 1313 498 23 Près de leur clos vivaient des Bernardines.

366 1345 1083 56 152. LE MÊME. Noël pour 1763, manuscrit aut., 17 p.

404 1400 79 29 in-8.

463 1437 989 37 Revue satirique de l’Académie française, qui se présente en corps devant

431 1470 1020 35 le berceau de Jésus, pour lui rendre hommage. L’auteur met successive¬

431 1502 1020 36 ment en scène le maréchal de Richelieu, l'abbé d'Olivel, l'abbé de La Ville,

430 1534 1020 35 Nivernois, Villars fils, Bernis, Séguier, Voltaire, Marmontel, Bubon, Gresset,

431 1566 1018 36 Moncrif et Le Franc de Pompignan. Chacun a son couplet, sur l'air : Laissez

431 1600 568 36 paître vos bêtes. Voici celui de Voltaire :

678 1641 376 27 Vient le Phénix, un qui, dit-on,

679 1669 343 25 Est, lui seul, Homère, Platon,

678 1696 320 28 Sophocle, Tacite et Newton.

679 1724 241 26 Il se fait faire pince.

677 1749 276 29 Salue à peine l'Eternel,

678 1778 263 29 Et, pour toute préface,

679 1805 313 24 Dit : Je me nomme un Tel.

366 1837 1083 55 153 LE MÊME. Epitaphe d’un grammairien de l’Académie

404 1886 664 45 françoise, pièce de vers aut., 2 p. in-4.

461 1932 458 35 Epigramme contre l'abbé d'Olivet.

365 1968 1084 50 154. LE MÊME. Gustave Wasa, tragédie en 5 actes, ma¬

405 2012 1042 46 nuscrit aut., avec de nombreuses corrections, 109 p. in-4,

409 2058 321 37 1/2 rel. mar. vert.

367 2098 1082 47 155. PRÉVOST-PARADOL, publiciste, membre de

406 2150 220 41 l’Acad. franç.

444 2189 542 42 Manuscrit aut. sig., 18 p. in-f.

459 2229 990 40 Elude sur M. Bright, orateur et économiste, chef du parti démocratique

428 2269 185 33 en Angleterre.

363 2299 742 56 156. QUÉRARD, savant bibliographe.

444 2353 635 42 2 l. a. s. à Amanton, 1829, 3 p. in-4.

459 2399 458 29 Relatives à sa France littéraire.
