1872 2838
917 358 162 32 — 22 —

454 421 1086 52 157. RACLE (Léonard), architecte de Voltaire, pour qui il

494 462 566 40 construisit le château de Ferney.

533 513 1009 45 2 let. à Amanton, dont une autog. sig. et l’autre seule¬

495 550 851 44 ment sig.; Pont-de-Vaux, 1788-89, 8 p. 1/2 in-4.

554 598 989 38 Relatives à un mémoire sur la mécanique, soumis par lui à l’Académie

516 630 120 32 de Dijon.

451 674 862 48 158. RAFFET, peintre et célèbre dessinateur.

532 724 1009 46 L. a. s. à M. Gihaut, 9 mai 1835, 1 p. pl. in-8. Avec un

492 761 859 44 petit dessin à la plume représentant un hussard.

550 808 994 39 Il demande une avance de 400 francs pour terminer une étude, et avertit

514 839 991 40 son éditeur de préparer des pierres, qu’il veut faire son Album cet été.

450 885 1088 50 159. RAMPONEAUX (J.), fameux cabaretier, célébré par

491 926 693 39 les chansonniers de la fin du XVIIIe siècle.

532 977 669 44 Acte sig., 17 pluv. an 6, 1 p. 1/2 in-8.

448 1020 953 58 160. REDOUTÉ (P.-J ), l’habile peintre de fleurs.

532 1079 1006 49 L. a. s. à la reine des Français, 29 janv. 1830, 1 p. in-f.

490 1118 167 36 Bidle pièce.

546 1162 994 38 II vient de recevoir un commandement du tribunal, qui le met dans le

513 1193 1026 39 plus prend embarras. Si le roi consentait à faire l'acquisition des dessins

513 1225 949 39 originaux de ses Roses, il pourrait se tirer de cette terrible situation.

450 1273 1086 46 161. RORESPIERRE JEUNE, conventionnel célèbre,

488 1313 406 47 décapité avec son frère.

529 1362 1009 46 L. s. au ministre de la guerre; Nice, 7e jour du 2e mois

489 1400 337 41 de l’an 2, 1 p. in-4.

543 1448 995 41 Curieuse lettre sur des contestations entre les ofliciers enfanls du corps

510 1480 618 38 et les ofliciers enfants du pouvoir exécutif.

446 1531 812 47 162. ROIS DE FRANCE. 3 pièces sig.

529 1579 1007 47 François Ier. Pièce sig. sur vélin, contresig. Bochetel,

486 1616 1052 34 (1535), in-4. Un peu effacée, coupée dans une marge. —

487 1653 654 42 HENRI IV. Pièce sig. sur vélin, in-8.

466 1708 843 48 163. ROUSSEAU (J.-J.), l’illustre écrivain.

526 1759 1012 48 Recueil d’airs et de romances lui ayant appartenu, et

485 1797 1051 47 contenant 26 pages écrites de sa main, paroles et musique ;

485 1832 1051 48 2 vol. in-4, rel. maroq. rouge, tr. dor., filets, doublés de

486 1867 96 31 tabis.

543 1916 993 41 Les 26 pages autographes de Jean-Jacques sont au commencement d'un

508 1944 1030 45 des deux volumes, dont le reste est rempli par des romances écrites par

508 1979 1027 40 diverses femmes, sans doute de son intimité. Ainsi, on y trouve une chanson,

509 2011 1027 41 assez leste, en trois couplets, écrite de la main de Mme Dupin, femme du

510 2043 1026 43 fermier général, une des personnes les plus aimables du XVIIIe siècle. (V. le

507 2075 319 34 n° 71 de ce catalogue.)

442 2123 1043 50 164. SAINT-SIMON (le duc de), auteur des Mémoires.

525 2175 1008 49 Pièce sig., avec une ligne aut., 8 mars 1731, 3/4 de p.

479 2212 80 32 in-4.

539 2260 962 42 Quittance d’une somme que lui remet le receveur de son duché-pairie.

442 2307 700 48 165. SALETTE (Notre-Dame de la).

524 2356 1009 49 L. a. s. de M. Perrin, curé de la Salette; la Salette, 1849,

482 2392 165 38 2 p. in-4.
