1848 2838
907 342 157 31 - 24 -

536 409 992 32 Cette dernière pièce, très curieuse, est relative aux preuves de noblesse

506 440 1022 32 de la famille de Beauchesne de La Chevalleraye, pour son domaine de

505 473 303 32 Talhouet, en Bretagne.

440 516 1087 44 176. VICTOIRE (Mme), fille de Louis XV, princesse connue

482 559 424 42 par sa piété et ses vertus.

516 607 1009 39 L. a. s. (à la comtesse de Sivrac); Compiègne, 15 juil.

483 646 496 38 1763, 1 p. pl. in-8. Belle pièce.

439 695 1085 44 177. WEISS (Charles), laborieux biographe, né à Besançon,

479 739 283 31 mort récemment.

515 787 1010 40 4 l. a. s. à Amanton; Besançon, 1815-32, 11 p. in-8 ou

479 822 78 31 in-4.

535 870 992 32 Correspondance très intéressante, relative en grande partie à ses articles

503 898 1024 39 pour la Biographie universelle de Michaud, dont il était le principal colla¬

501 935 120 25 borateur.

437 979 1089 54 178. COLLECTION des catalogues d’autographes rédigés

479 1023 1044 51 par M. Charon et par M. Auguste Laverdet, de 1839 à 1863,

477 1055 673 53 avec les prix, 9 vol. in-8,1/2 rel. veau.

437 1119 1089 42 179. CATALOGUE de la collection d’autographes, de

478 1159 1044 42 M. Lucas de Montigny, rédigé par M. Aug. Laverdet; 1860,

477 1201 1049 43 1 vol. in-8 broché. Exemplaire en pap. vergé et avec litre

476 1251 103 32 rouge.

436 1296 1088 42 180. Sous ce numéro seront vendus plusieurs lots de catalo¬

476 1336 986 43 gues d’autographes, dont un certain nombre avec les prix.

435 1392 1090 43 181. PORTRAlTS. Environ 100 portraits, qui seront

476 1434 529 43 vendus en un ou plusieurs lots.

823 1569 311 39 REVUE

435 1645 1084 76 DES AUTOGRAPHES

523 1747 906 47 DES CURIOSITÉS DE L'HISTOIRE ET DE LA BIOGRAPHIE

477 1821 997 34 PARAISSANT LE 13 DE CHAQUE MOIS, SOUS LA DIRECTION DE

743 1886 468 29 GABRIEL CHARAVAY

1055 1949 439 33 France, un an. . . 6 fr.

1054 1992 392 36 Etranger, – . . . 7

581 1946 185 36 BUREAUX:

468 1986 402 42 5, rue des Poitevins.

471 2100 1046 39 Un DICTIONNAIRE DES AUTOGRAOHES,

430 2141 1089 44 format in-8, rédigé sur un plan entièrement neuf, paraît séparé¬

430 2183 1086 44 ment, à raison de 12 livraisons de 16 pages par an. Cet ouvrage,

430 2224 1087 45 tiré à petit nombre, est destiné aux seuls abonnés de la REVUE,

430 2267 1086 43 qui le recevront franco, en ajoutant 6 fr. par an pour la France,

429 2309 396 42 et 7 fr. pour l’étranger.

588 2389 778 28 Rouen, imp. Julien Lecerf et Duval, rue des Bons-Enfants, 46-48.
