1873 2851
837 373 161 45 -5-

451 440 1000 50 L. s. au président de la section du Roi de Sicile; Paris,

418 477 1034 50 14 août 1792, 3/4 de p. in-4, tête de lettre de la Commune,

415 525 122 30 cachet.

471 559 986 43 Pièce historique. — II l’invite à faire procéder dans le jour à l'élection

438 592 1020 44 des membres que doit fournir cette section à la cour martiale, décrétée par

438 624 1020 41 l’Assemblée nationale. «Le peuple, dit-il, attend cette institution: il la veut

438 655 1020 44 prompte. » Le conseil de la Commune a pris envers le peuple l'engagement

437 686 1021 44 que ce tribunal serait établi avant minuit. (Ce tribunal ne fut constitué que

437 718 1020 44 le 17; la lenteur de ses opérations est une des principales causes assignées

437 755 507 38 aux terribles journées de septembre.)

377 790 1077 59 15. LE MÊME. Pièce sig., sig. aussi de Collot-d’Herbois,

414 838 1041 49 Prieur, Thuriot, R. Lindet, etc.; Paris, 22 therm. an 2, 2 p. in-f.,

413 879 591 46 tête imp. du Com. de sal. public.

468 922 990 43 Arrêté du Comité de salut public donnant au représentant Frécine les

437 956 1022 42 pouvoirs les plus étendus pour recueillir en Belgique les subsistances, che¬

437 987 1022 43 vaux, métaux, matières manufacturées et tous les objets susceptibles d’être

439 1022 722 39 importés en France pour le service de la République.

373 1065 830 50 16. BIXIO (A.), agronome, ministre en 1848.

452 1119 403 42 L. a. s., 1857, 1 p. in-8.

373 1161 1083 52 17. BOILEAU-DESPRÉAUX (Nicolas), le grand sa¬

418 1214 119 43 tirique.

449 1248 1010 48 L. a. s. à Brossette; Paris, 25 mars 1699, 3 p. in-8. Belle

412 1298 85 36 pièce.

471 1328 989 43 Il a tardé de lui répondre il cause de la maladie de Racine, qui est en fort

438 1360 1021 44 grand danger. (Racine mourut un mois après.) — Détails sur un livre contre

438 1394 1021 42 Boileau que vient de publier Bonnecorse (un poète victime de la verve du

438 1426 1019 42 satirique). Il le trouve bien hardi d’envoyer un si mauvais ouvrage à Lyon,

438 1456 1020 44 où l’on obligeait autr efois les méchants écrivains à effacer eux-mêmes leurs

439 1483 1019 50 écrits avec la langue. — Il refait ainsi la légende que Brossette veut mettre

439 1522 1019 44 au bas de son portrait, et nous montre, par ces vers, que sa haine de Cha¬

439 1560 539 38 pelain était sa principale préoccupation :

645 1600 353 31 Ne cherchez comment s’appelle

645 1628 387 30 L’escrivain peint dans ce tableau :

566 1655 507 32 A l’air dont il regarde et montre la Pucelle,

645 1683 305 31 Qui ne reconnoiftroit B***.

374 1711 1084 60 18. LE MÊME. L. a. s. au même; Paris, 10 nov. 1699,

416 1768 421 44 2 p. pet. in-f. Belle pièce.

472 1801 986 42 La mort de Racine lui a laissé un prodigieux accablement d’affaires. Il

440 1834 1023 42 remercie Brossette de l'envoi du Télémaque, qu'il vient de lire avec beau¬

441 1867 1019 46 coup d’avidité. Il souhaiterait que M. de Cambrai eût rendu son Mentor un

442 1900 1018 45 peu moins prédicateur. Homère, qui est tout action, est plus instructif. Si

441 1932 1020 45 l’on compare cet ouvrage aux Maximes, M. de Cambrai paraît beaucoup

442 1965 1019 45 meilleur poète que théologien. — Celte, lettre contenant plusieurs corrections,

442 1997 1017 42 Boileau s’en excuse, en déclarant qu’il serait fort embarrassé de la récrire.

378 2034 1082 58 19. LE MÊME. L. a. s. au même; Paris, 8 août 1701,

418 2090 422 42 2 p. pet. in-4. Jolie pièce.

473 2122 989 47 Relative à la publication de ses OEuvres par le libraire Robustel. Il y a

443 2153 1021 44 une édition en grand et une édition en petit. On a d’abord débité la pre¬

442 2185 1021 45 mière, qui est au moins la quarantième, et qui deviendra fort rare. — Il ne

441 2217 1022 45 sait si les trois pistoles que Brossette a mises pour lui à la loterie ne sont pas

441 2262 207 30 trois louis d'or.

378 2289 1085 60 20. LE MÊME. L. a. s. au même; Paris, 9 janv. 1705,

417 2345 460 48 2 p. in-8, trace de cachet.

475 2370 991 54 Relative à son portrait gravé (par Drevet), que désire Brossette. Il en

443 2412 1021 45 donne la légende, où on lui faire dire ces choses qu'il n'a jamais pensées :
