1848 2838
888 366 182 52 -18-

431 434 1088 61 122. LE MÊME. Pièce sig. L. P. D., avec 60 pet. lignes

473 483 1045 44 aut., 20 fois paraphées D. ; Paris, 10 janv. 1848, 23 p. in-f.

528 531 992 37 Projet do budget pour le service des bâtiments de la couronne, pour

494 563 1026 37 l’exercice de 1848, soumis au roi par le comte de Montalivet, intendant de

496 595 1023 37 la liste civile, avec les observations de Louis-Philippe en regard des propo¬

494 626 1026 35 sitions de M. Fontaine, son architecte. Les décisions du roi sont remar¬

496 658 1024 37 quables et par l'esprit d'économie qui y préside et par l'époque à laquelle

494 691 1027 38 elles se rapportent. Par exemple, en regard du crédit de 60,000 fr demandé

497 724 1024 35 pour le passage de la cour du Louvre, le placement des statues antiques

494 755 1026 38 dans leurs niches, il écrit : « Ajourné. Cela peut attendre, et cet ajourne¬

494 788 1026 37 ment me fournit des compensations pour d’autres travaux bien plus urgents,

494 820 440 34 tels que la cave aux Tuileries. »

429 866 1092 45 123. LOUISE DE SAVOIE, mère de François Ier, ré¬

469 908 278 43 gente de France.

504 957 1014 47 L. s. à M. Du Lude (gouverneur du Poitou); La Guiche,

472 994 598 40 17 août (1526), 1 p. in-f. Belle pièce.

527 1040 992 37 Elle lui mande de s’opposer à l’élection de l'abbé d'une abbaye par les

492 1073 649 33 religieux, le roi et elle s'eu réservant le choix.

429 1121 1091 42 124. LOUISE-ELISABETH, fille de Louis XV, du¬

468 1161 289 33 chesse de l’arme.

505 1211 1013 41 L. a. s. (à la comtesse de Sivrac); Parme, 20 fév. 1750,

467 1248 433 39 3/4 de p. in-8. Julie pièce.

428 1302 1091 42 125. LOUISE -MARIE DE FRANCE, fille de

469 1343 1050 44 Louis XV, religieuse carmélite, dont l'abbé Proyart a écrit la

473 1386 60 31 Vie.

506 1433 1011 43 L. a. s. à la comtesse de Sivrac; 20 juin 1700, 3/4 de p.

470 1472 535 37 in-8, beau cachet à ses armes.

427 1522 714 45 126. LUTRIN (le), poème de Boileau.

504 1572 1015 41 Sentence des Requêtes du Palais, rendue dans la contes¬

468 1608 1049 42 tation sur le fameux pupitre de la Sainte-Chapelle, qui a

466 1644 1050 44 servi de sujet à Boileau pour son immortel poème du

466 1681 1051 44 Lutrin; pièce sur vélin, sig. Hubert, notaire apostolique

467 1718 1049 43 et promoteur de la Sainte-Chapelle; Paris, 5 août 1667,

470 1756 151 40 1 p. in-f.

524 1801 995 39 Pièce originale, envoyée par l’abbé Jacques Boileau, chanoine de la Sainte-

489 1831 1029 41 Chapelle, à Brossette, qui la lui avait demandée pour fixer la date et les

488 1866 1029 36 circonstances de ce fait comique. La pièce, qu’il avait promis de rendre en

489 1896 641 37 cas de besoin, s'est retrouvée dans ses papiers.

429 1944 859 44 127. MAGU tisserant de Lizy. poète distingué.

504 1994 876 40 L. a. s. ; Lizv, 11 sept. 1851, 3 p. in-8, enveloppe.

521 2038 995 39 Réponse à une demande de renseignements biographiques. Il ne veut pas

488 2070 1029 39 que l'on dise, en parlant de ses recueils, des sublimes poésies. » Je n’ac¬

488 2101 1027 41 cepte pas, ajoute-il, un éloge qui n’appartient qu'à quelques grands poètes,

488 2136 564 37 tels que Corneille, Racine, Voltaire, etc. »

423 2187 1092 47 128. MAIROBERT (M.-F. Pidansat de), célèbre publi¬

462 2231 679 45 ciste du XVIIIe siècle, né en Champagne.

499 2279 1014 43 Pièce de vers aut,. sig., adressée à M. de Caumont,

467 2317 155 37 1 p. in-4.

423 2364 796 46 129. MALSHERBES (Lamoignon de),

499 2414 1014 42 Remontrances au roi, de 1770 à 1771, manuscrit (non
