1884 2823
945 98 992 136 12
1022 120 1063 127 -

288 198 314 236 Il
329 199 545 238 exislcdans
559 199 610 237 les
622 198 789 237 archives
804 198 849 237 de
865 198 961 248 Lyon
979 198 1160 249 plusieurs
1174 199 1294 249 pièces
1312 198 1459 248 signées
1473 198 1517 237 de
1534 198 1696 242 Molière,

237 254 273 287 et
295 249 346 287 les
364 249 576 288 collections
597 249 848 305 particulières
867 260 913 287 en
934 248 1173 288 contiennent
1204 261 1275 287 une
1293 249 1449 292 dizaine,
1473 249 1565 287 mais
1586 260 1632 286 on
1656 259 1701 287 ne

237 300 387 338 connaît
405 300 482 338 rien
499 299 626 339 d’écrit
638 299 683 338 de
699 310 739 338 sa
753 300 864 346 main,
884 299 913 337 si
928 311 968 338 ce
986 299 1080 338 n’est
1098 299 1190 338 deux
1211 300 1328 349 lignes
1347 298 1440 337 dans
1454 299 1488 337 la
1507 298 1698 337 collection

237 349 283 387 de
299 349 354 388 feu
375 349 422 388 M.
439 349 635 401 Ghambry,
652 355 688 388 et
706 361 835 388 encore
851 349 1046 389 sont-elles
1065 351 1278 389 contestées.
1305 349 1402 387 Nous
1422 349 1592 400 adjurons
1604 348 1699 387 donc

239 399 424 439 l’heureux
446 399 642 439 archiviste
657 399 719 452 qui
742 400 842 439 vient
862 399 907 438 de
925 400 1118 439 découvrir
1136 400 1168 439 le
1185 399 1354 451 précieux
1374 399 1599 449 autographe
1615 398 1697 437 d’en

240 449 328 489 faire
349 462 395 489 un
419 450 620 489 fac-similé
638 456 754 489 exact.

423 605 819 669 LETTRES
869 605 1525 671 AUTOGRAPHES

706 716 745 742 A
768 716 920 743 PRIX
946 710 1230 748 MARQUÉS

377 788 434 824 En
492 788 610 824 vente
659 787 751 823 chez
799 788 979 823 Gabriel
1028 789 1334 823 CHARAVAY
1348 815 1355 831 ,
1404 789 1568 834 expert,

572 865 860 911 Passage
914 865 1235 911 Verdeau,
1291 866 1376 903 28.

290 1044 300 1077 1
329 1040 531 1084 Abbadie
550 1039 737 1084 (Antoine
757 1039 831 1082 d’),
860 1040 999 1074 savant
1025 1049 1228 1085 voyageur
1253 1050 1302 1074 en
1330 1039 1494 1085 Afrique
1520 1040 1543 1074 à
1576 1040 1616 1075 la
1643 1050 1704 1075 re¬

331 1085 498 1120 cherche
518 1084 586 1119 des
605 1094 765 1119 sources
785 1084 837 1119 du
857 1084 939 1127 Nil,
959 1094 1131 1130 corresp.
1153 1084 1200 1119 de
1221 1084 1429 1120 l’Institut.
1445 1105 1486 1110 —
1500 1084 1542 1119 L.
1565 1095 1598 1120 a.
1625 1095 1655 1120 s.
1682 1086 1705 1119 à

331 1131 383 1166 M.
398 1129 633 1175 Mocquard;
666 1128 838 1163 Béhobie
865 1129 1259 1174 (Basses-Pyrénées),
1279 1131 1375 1172 1859,
1396 1132 1407 1164 1
1426 1139 1461 1175 p.
1478 1129 1570 1165 in-8.
1618 1132 1638 1165 3
1686 1142 1703 1161 »

373 1175 501 1206 Relative
519 1179 534 1205 à
564 1175 756 1212 l’impress'on
776 1175 792 1204 à
812 1173 1010 1213 l’imprimerie
1029 1174 1179 1213 impériale
1211 1175 1245 1205 de
1264 1175 1296 1205 sa
1323 1174 1470 1205 Géodésie
1494 1174 1705 1213 éthiopienne,

333 1223 385 1253 par
392 1214 479 1245 ordre
497 1215 533 1245 de
552 1214 735 1251 l'empereur.

287 1255 308 1290 2
331 1252 675 1294 Abd-el-Kader,
703 1251 831 1287 l’émir
851 1251 898 1287 de
918 1251 1120 1298 l’Algérie.
1140 1272 1181 1278 —
1201 1252 1244 1288 L.
1266 1263 1300 1288 a.
1321 1263 1351 1288 s.
1373 1263 1421 1287 en
1447 1251 1585 1295 arabe,
1611 1262 1705 1287 avec

331 1309 401 1333 son
423 1297 573 1340 cachet,
597 1299 610 1331 1
634 1307 670 1342 p.
691 1296 784 1332 in-8.
1614 1299 1636 1331 6
1685 1310 1701 1329 »

288 1345 309 1380 3
332 1343 546 1387 Anastasi
566 1341 706 1387 (Aug.),
727 1340 882 1377 célèbre
903 1340 1058 1385 peintre
1079 1341 1125 1376 de
1146 1351 1355 1387 paysages,
1384 1341 1493 1376 élève
1525 1341 1571 1376 de
1603 1341 1704 1377 Paul

333 1386 549 1422 Delaroche
570 1389 611 1421 et
630 1388 676 1421 de
697 1386 828 1422 Corot.
849 1405 891 1411 —
910 1385 952 1421 L.
974 1396 1009 1421 a.
1029 1396 1074 1429 s.,
1098 1388 1196 1429 1855,
1220 1389 1231 1421 1
1253 1396 1289 1431 p.
1311 1386 1406 1421 in-8.
1619 1388 1639 1421 3
1687 1399 1703 1419 »

288 1434 309 1468 4
332 1431 709 1476 Arnould-Plessy
729 1431 781 1475 (M
786 1437 822 1453 mo
825 1431 847 1476 ),
869 1430 1024 1465 célèbre
1046 1431 1301 1467 comédienne
1322 1431 1373 1466 du
1394 1430 1707 1466 Théâtre-Fran¬

333 1477 427 1524 çais,
448 1477 517 1511 née
539 1477 561 1511 à
579 1476 695 1511 Metz.
716 1495 756 1501 —
774 1475 817 1511 L.
840 1486 875 1510 a.
895 1485 941 1517 s.,
965 1477 977 1510 1
1002 1485 1037 1520 p.
1059 1475 1151 1511 in-8.
1619 1478 1641 1511 3
1687 1489 1704 1509 »

288 1525 309 1558 5
332 1521 493 1562 Auber,
516 1521 552 1556 le
573 1519 726 1555 célèbre
747 1520 1026 1565 compositeur.
1041 1540 1083 1546 —
1097 1521 1140 1556 L.
1161 1531 1195 1556 a.
1211 1530 1241 1556 s.
1258 1520 1280 1555 à
1293 1520 1345 1555 M.
1368 1519 1590 1564 Boïeldieu,
1621 1523 1632 1555 1
1667 1531 1705 1567 p.

336 1567 429 1609 in-8,
445 1565 661 1610 enveloppe
683 1566 724 1600 et
743 1564 892 1600 cachet.
912 1564 1017 1600 Jolie
1037 1565 1160 1610 pièce.
1621 1567 1643 1600 4
1690 1578 1707 1598 »

289 1614 310 1647 6
333 1611 494 1655 Balzac
514 1609 683 1655 (Honoré
703 1609 776 1654 de),
797 1609 833 1645 le
854 1609 979 1655 grand
995 1610 1230 1645 romancier.
1245 1629 1287 1636 —
1300 1609 1343 1645 L.
1359 1620 1393 1644 a.
1409 1619 1439 1645 s.
1455 1609 1707 1645 àFrédérick

333 1653 547 1697 Lemaître,
573 1657 584 1689 1
608 1664 644 1699 p.
665 1654 758 1689 in-8.
1621 1657 1642 1689 8
1689 1667 1706 1687 »

373 1704 417 1731 Au
434 1702 509 1739 sujet
523 1700 575 1731 des
592 1699 693 1730 succès
715 1707 770 1737 que
799 1699 877 1730 vient
902 1699 1045 1730 d’obtenir
1063 1700 1220 1731 Frédérick
1246 1700 1389 1730 Lemaître
1407 1699 1480 1729 dans
1497 1699 1540 1730 les
1558 1700 1708 1738 Mystères

339 1739 377 1770 de
392 1741 500 1771 Paris.
522 1740 617 1770 «Léon
635 1739 742 1770 Gozlan
762 1747 778 1769 a
791 1738 906 1776 trouvé,
922 1746 1034 1769 comme
1054 1741 1122 1777 moi,
1142 1740 1226 1777 dit-il,
1249 1747 1304 1777 que
1322 1740 1395 1770 dans
1401 1747 1453 1769 vos
1462 1739 1641 1769 Iroisscènes
1658 1740 1711 1770 des

336 1778 499 1818 Mystères,
520 1786 593 1810 vous
614 1786 686 1809 vous
701 1779 761 1809 êtes
777 1778 927 1816 surpassé.
945 1779 1013 1816 Moi,
1029 1779 1057 1817 je
1073 1787 1146 1810 vous
1164 1779 1190 1810 ai
1223 1778 1325 1810 trouvé
1343 1778 1408 1817 plus
1423 1778 1515 1816 grand
1540 1786 1596 1816 que
1615 1777 1710 1810 l’idole

337 1820 373 1849 de
391 1826 453 1849 mes
468 1819 628 1856 premières
646 1817 764 1852 années,
780 1818 881 1848 Talma
895 1818 902 1848 !
928 1830 939 1845 »

291 1859 312 1892 7
336 1857 528 1901 Bazaine
549 1855 821 1901 (F.-Achille),
843 1856 1042 1892 maréchal
1062 1855 1109 1891 de
1129 1857 1294 1899 France,
1311 1856 1472 1902 général
1492 1867 1540 1891 en
1559 1856 1652 1891 chef
1662 1856 1709 1892 de

337 1901 494 1937 l’armée
515 1901 562 1936 de
582 1901 697 1936 Metz.
713 1920 754 1926 —
768 1901 884 1936 Pièce
913 1901 988 1947 sig.
1015 1912 1108 1936 avec
1134 1912 1211 1937 une
1237 1901 1347 1946 ligne
1378 1903 1529 1946 autog.,
1558 1911 1709 1936 comme

338 1946 430 1981 chef
446 1946 493 1981 de
514 1945 727 1990 bataillon;
749 1945 949 1989 Tlemcen,
974 1948 1069 1989 1846,
1093 1948 1105 1980 1
1129 1956 1165 1991 p.
1186 1945 1278 1981 in-f.
1305 1948 1401 1981 Rare.
1607 1948 1646 1981 15
1692 1959 1709 1979 »

296 1993 316 2026 8
345 1992 524 2035 Bedeau
537 1991 696 2035 (M.-A.),
730 1990 847 2025 brave
880 1990 1041 2034 général
1070 1990 1116 2025 de
1146 1990 1304 2025 l’armée
1336 1990 1552 2036 d’Afrique,
1584 1990 1711 2026 blessé

338 2036 512 2081 pendant
545 2035 842 2070 l’insurrection
874 2034 920 2070 de
948 2034 1039 2081 juin
1076 2037 1226 2071 1848.—
1240 2035 1283 2070 L.
1315 2046 1349 2071 a.
1382 2045 1412 2071 s.
1451 2045 1500 2070 au
1548 2034 1711 2080 général

337 2080 472 2115 Trézel
488 2093 497 2124 ;
519 2079 794 2123 Constantine,
817 2081 913 2122 1845,
938 2082 949 2114 1
973 2090 1010 2124 p,
1032 2079 1127 2115 in-4.
1625 2081 1646 2114 4
1694 2093 1711 2112 »

293 2127 314 2160 9
337 2126 522 2168 Bernier
541 2124 778 2168 (Et.-Alex.),
798 2125 891 2159 curé
911 2124 958 2159 de
976 2123 1232 2167 Saint-Laud,
1254 2134 1307 2159 un
1329 2125 1396 2159 des
1418 2123 1526 2159 chefs
1545 2123 1602 2159 les
1623 2124 1712 2169 plus

338 2169 529 2204 influents
548 2168 595 2203 de
615 2168 914 2204 l’insurrection
934 2169 1176 2211 vendéenne,
1191 2169 1307 2204 rallié
1320 2169 1342 2204 à
1360 2169 1576 2214 Napoléon,
1592 2169 1659 2214 qui
1675 2169 1712 2204 le

337 2214 383 2248 fit
403 2214 552 2259 évêque
572 2213 786 2249 d’Orléans.
802 2232 844 2238 —
857 2213 900 2248 L.
923 2224 957 2249 a.
978 2224 1023 2257 s.,
1043 2224 1093 2248 an
1112 2214 1198 2256 XII,
1224 2216 1235 2248 1
1259 2224 1295 2259 p.
1316 2214 1408 2249 in-4.
1627 2216 1648 2248 4
1695 2226 1711 2246 »

275 2260 314 2294 10
337 2259 554 2303 Berthier,
575 2258 731 2303 (Alex.),
754 2258 953 2294 maréchal
973 2258 1020 2293 de
1040 2258 1210 2302 France,
1237 2258 1372 2304 prince
1393 2257 1440 2293 de
1459 2257 1714 2294 Neufchâtel.

338 2322 381 2329 —
394 2303 437 2339 L.
458 2313 493 2339 a.
514 2313 565 2347 s.;
585 2303 764 2346 Munich,
788 2304 884 2345 1806,
907 2305 919 2338 1
945 2313 979 2348 p.
1000 2302 1096 2338 in-4.
1628 2305 1649 2338 4
1696 2315 1713 2336 »

274 2349 309 2382 11
337 2348 650 2391 Beurnonville
670 2347 819 2391 (Pierre
840 2347 918 2392 de),
938 2347 1137 2382 maréchal
1156 2347 1203 2382 de
1223 2347 1392 2391 France,
1414 2347 1532 2383 brave
1554 2347 1716 2393 général

341 2393 387 2427 de
407 2392 446 2428 la
463 2392 738 2438 République,
767 2391 994 2427 surnommé
1022 2391 1142 2437 YAjax
1167 2393 1330 2435 français.
1345 2392 1440 2428 —L.
1469 2403 1503 2428 a.
1524 2402 1555 2428 s.
1577 2393 1599 2427 à
1617 2392 1715 2428 Lan¬

338 2439 445 2473 terne
458 2464 468 2480 ,
495 2440 534 2473 10
553 2447 657 2472 mars
680 2439 775 2480 1793,
798 2439 810 2471 1
835 2447 871 2482 p.
895 2437 956 2480 1/4
973 2436 1069 2472 in-4.
1629 2439 1650 2471 8
1697 2449 1715 2468 »

379 2484 518 2514 Curieuse
535 2483 614 2521 pièce
629 2482 791 2520 historique
812 2490 862 2513 sur
878 2483 920 2513 les
939 2485 1137 2513 mouvements
1154 2482 1190 2513 de
1205 2485 1278 2513 cette
1293 2482 1424 2521 journée,
1452 2491 1521 2513 sous
1538 2482 1565 2513 la
1585 2481 1717 2520 pression

341 2523 473 2561 desquels
493 2523 535 2553 fut
553 2521 619 2553 créé
636 2522 663 2552 le
689 2522 828 2553 Tribunal
851 2521 1104 2553 révolutionnaire.
1126 2522 1254 2553 Ministre
1284 2523 1319 2553 de
1348 2521 1375 2553 la
1393 2530 1498 2561 guerre
1531 2526 1560 2553 et
1577 2521 1634 2551 ami
1665 2521 1716 2552 des

341 2562 509 2600 Girondins,
529 2561 548 2593 il
564 2561 668 2592 mande
685 2562 702 2592 h
720 2562 858 2593 Santerre
876 2561 965 2599 qu’un
980 2562 1221 2593 rassemblement
1237 2570 1269 2593 se
1287 2561 1338 2592 fait
1356 2569 1392 2593 au
1414 2562 1477 2593 café
1497 2561 1549 2593 des
1563 2560 1717 2598 Tuileries,
