2982 5050
1081 439 936 60 DE SYNONYMIE LATINE.

2735 435 46 66 5

321 589 2466 112 poëtes de tous les Grecs considérés en général comme les

321 715 2470 98 contemporains des Romains. CIC. Divin. 1,16. Cum Achivi

321 835 2466 102 cœpissent inter se strepere. Quand eurent commencé les

323 959 2462 104 querelles bruyantes des anciens Grecs. Comparez avec

317 1081 2460 102 CÆCIL. 20. Quod eum sibi Achœi patronum adoptarant.

321 1205 2464 102 Parce que les Grecs de l’Achaïe l’avaient souhaité et choisi

321 1335 712 94 pour protecteur.

417 1451 2364 100 2. Achaius est l’adjectif d' Achivus Achaicus celui d’A-

285 1573 260 80 chæus.

415 1693 2368 104 3. Troius, adjectif réservé à l’ancienne Troie héroïque

321 1819 2460 102 et homérique; Troicus, adjectif usuel pour le pays de

315 1943 2462 102 Troie, pour la Troade, sans allusion à la guerre de Troie.

415 2067 2374 96 ACIES. ACUMEN. CACUMEN. MUCRO. CUSPIS. 1. Acies, tran¬

321 2191 2452 102 chant propre à couper; acumen, pointe propre à piquer.

323 2313 2456 104 Au figuré, l'acies mentis débrouille ce qui était confus, le

315 2435 2466 82 fait connaître clairement : on met de l’ordre dans ses

311 2561 2468 102 idées; l'acumen mentis approfondit ce qui était caché,

313 2681 2466 102 aboutit à des découvertes ingénieuses : on acquiert des

313 2809 678 80 idées nouvelles.

415 2927 2352 100 2. Acumen et cacumen, pointes naturelles : acumen,

319 3051 2450 100 pointe du cône, du bec, etc. ; cacumen, terme spécial,

311 3175 2466 102 pointe d’une montagne. Mucro et cuspis, pointes artifi¬

313 3297 2464 102 cielles destinées à pénétrer et à blesser : mucro, pointe de

309 3417 2460 104 l’épée, du poignard, etc. ; cuspis, de la lance, de la flèche,

309 3541 606 106 comme αίχμή.

309 3727 1790 94 ACIES, v. Pugna. ACTA, v. Ripa.

411 3909 2360 82 ACTOR. COMŒDUS. LUDIO. HISTRIO. 1. Actor et les termes

307 4027 2460 102 spéciaux de comœdus et tragœdus, l’acteur considéré

305 4151 2460 96 comme un artiste estimable; ludio, ludius, le comédien

305 4273 2462 100 considéré comme un artisan vulgaire avec une idée acces¬

307 4395 2458 102 soire de trivialité; enfin histrio se dit tantôt de l’un, tan¬

303 4517 2456 100 tôt de l’autre, mais avec une idée accessoire de fanfaron-
