2960 4929
999 257 932 60 DE SYNONYMIE LATINE.

2589 249 96 68 23

223 407 2456 104 γερούσιος. Antiquus homo, homme du bon vieux temps;

223 525 2460 108 vetus, vieillard. Les classiques s’appellent antiqui scripto-

223 653 2456 104 res, en ce sens que leur siècle est depuis longtemps passé ;

223 777 2466 98 veteres, en ce sens qu’ils subsistent et servent de modèles

223 897 2464 100 depuis deux mille ans. CIC. Verr. Il, 21. Vereor ne hæc

223 1021 2466 102 nimis antiqua et jam obsoleta videantur. J’ai peur que ces

225 1145 2466 100 exemples de modération n’aient vieilli et ne paraissent

223 1263 2466 106 hors d’usage. Comparez avec Orat. I, 37. Ut illi vetus atque

225 1389 2464 98 usitata exceptio daretur. Pour Iui donner le bénéfice de

225 1509 1694 106 ce privilège ancien et souvent appliqué.

323 1633 2374 100 2. Vetus se rapporte exclusivement à la durée et pré¬

229 1755 2468 104 sente l’âge soit comme un avantage, soit comme un désa¬

225 1877 2468 104 vantage; vetustus a trait aux privilèges de l’âge : ce qui

229 2001 2460 104 subsiste de vieille date est plus solide, plus respectable,

227 2123 2468 102 plus à l’épreuve que les nouveautés; il a pour opposé no¬

227 2245 2464 98 vicius. Enfin veternus fait allusion aux infirmités du grand

229 2365 2464 106 âge usé par les années, affaibli, épuisé pour avoir duré

227 2489 2470 106 trop longtemps. Mais comme dans le beau siècle de la

225 2613 2470 104 langue on ne rencontre veternus que sous la forme de sub¬

231 2737 2466 96 stantif, veternum, dans le sens de somnolence, vetus le

231 2857 2466 104 supplée régulièrement et désigne plus souvent la déca¬

231 2983 2466 102 dence que la vigueur de l’âge. TAC. Ann. XI, 44 et 45. Ve¬

239 3105 2460 100 terrimis Orsecorum. Les caractères de l'alphabet latin sont

235 3229 2454 104 empruntés aux plus vieilles formes des lettres grecques.

231 3353 2458 100 Et vetustissima Italiae disciplina. La science des aruspices,

235 3473 2462 106 la plus auguste par son antiquité de toutes les sciences

241 3595 796 100 que l’Italie cultive.

335 3715 2366 106 3. Antiquus se dit simplement des choses du vieux

237 3841 2466 104 temps, du temps passé, par opposition au présent; priscus

239 3963 2462 104 est un terme pompeux qui ajoute à l’idée principale d’an¬

237 4087 2456 102 tiquité une idée accessoire de respect et de sainteté,

239 4211 2136 106 comme άρχαῖος, par opposition à la mode du jour.

327 4331 2364 106 4. Antiquus et priscus se disent d’une époque écoulée
