2960 4929
257 315 46 68 2

1331 325 310 58 MANUEL

363 473 2352 98 ABOLERE. DELERE. Abolere, anéantir, faire disparaître

267 595 2442 108 et plonger dans l’oubli par tous les moyens possibles ;

259 717 2454 98 delere, détruire, mettre en mauvais état, hors de service.

259 839 2456 102 Abolere se dit plutôt des œuvres de l’esprit; delere, des

261 959 2452 106 objets matériels. Leges abolentur, urbes delentur. On an¬

261 1081 1426 100 nule les lois, on détruit les villes.

353 1205 2354 102 ABOMINARI. EXSECRARI. DETESTARI. Abominari, repous¬

255 1329 2458 102 ser un présage qui fait horreur, chercher à détourner par

255 1451 2454 102 une pratique religieuse un malheur qui nous menace, par

253 1573 2460 104 opposition à omen accipere ; exsecrari, maudire en excluant

253 1695 2458 102 un coupable de la société des hommes, en le déclarant

249 1815 2458 102 sacer, en le dévouant aux dieux des enfers, par opposition

245 1941 2462 100 à bénir; enfin detestari, chercher à éloigner de nous, en

251 2063 2456 104 invoquant les dieux, un danger dont nous menace une

247 2185 2454 104 personne ou une chose; il a pour opposé appeler par ses

243 2313 324 98 prières.

249 2477 2050 94 ABSCONDERE, v. Celare. ABSOLVERE, v. Finire.

245 2589 896 86 ABSTINENTIA, v. Modus.

343 2785 2362 96 ABUNDARE. REDUNDARE. Abundare, abonder, sert, comme

243 2903 2458 108 περιεῖναι, à parler avec éloge de l’abondance prise comme

245 3027 2456 102 un symbole de plénitude et de richesse; redundare, sur¬

243 3151 2448 106 abonder, se prend en mauvaise part, comme περισσεύει;

243 3271 2452 104 la surabondance est prise comme le symbole de l’excès

243 3395 2454 106 et du luxe. L'abundans existe en grande quantité, le redun¬

237 3517 1190 100 dans est superflu et inutile.

239 3701 1608 94 ABUNDE, v. Satis. Ac, v. Et.

335 3903 2358 82 ACCENDERE. INCENDERE. INFLAMMARE. COMBURERE. CRE¬

237 4025 2448 106 MARE. Accendere, incendere et inflammare, mettre le feu :

237 4145 2454 106 accendere, par dehors et par un seul point, comme allu¬

241 4265 2446 110 mer, άνάπτειν ; incendere, par le dedans, comme ένδαίειν ;

235 4387 2456 112 inflammare, enflammer par le dehors ou le dedans, comme
