2960 4929
305 327 96 68 26

1363 341 304 56 MANUEL

297 489 2464 100 plutôt qu’il reste des ondes à la mer pour venir remplacer

293 611 2466 104 au rivage tant de flots qui s’y sont brisés. Et IV, 2. Nec

303 735 2456 104 mergit cadens unda, sed planis aquis tradit. Et l’onde ne

295 859 2468 102 les submerge pas dans sa chute, elle les lance sur des eaux

293 981 476 80 immobiles.

297 1167 2154 92 AQUOSUS, v. Udus. ARBITRARI, v. Censere. .

395 1343 2358 108 ARCANA. SECRETA. MYSTERIA. Arcana et mysteria, les

299 1469 2462 104 secrets envisagés par leur côté honorable, ceux qui tirent

295 1593 2462 100 d’eux-mêmes leur raison d’être, qui tiennent à la nature

295 1713 2460 104 des choses et qui méritent à ce titre d’inspirer un saint

293 1837 2464 104 respect; arcana est d’ailleurs un terme populaire pour

293 1961 2460 102 toute sorte de secrets; mysteria, un terme savant pour les

293 2071 2462 116 secrets religieux comparables aux mystères d'Eleusis ; en¬

293 2201 2456 100 fin, secreta, les secrets, au sens le plus vulgaire, ceux qui

293 2325 2456 102 ont une origine purement humaine, en parlant des choses

293 2445 2460 108 qu’on tient cachées par crainte. TAC. I, 6. Sallustius Cris-

293 2571 2456 104 pus particeps secretorum... monuit Liviam ne arcana do¬

293 2693 2460 104 mus vulgarentur. Sallustius Crispus, pour qui Tibère et

293 2817 2462 102 Livie n’avaient rien de caché, engagea Livie à ne plus livrer

293 2941 2326 102 au public les augustes secrets de la famille impériale.

393 3065 2358 102 ARCERE. PROHIBERE. Arcere, repousser et empêcher

295 3187 2456 102 d’entrer, par opposition à admittere ; prohibere, tenir éloi¬

291 3309 2454 102 gné et empêcher d’approcher, par opposition à adhibere.

287 3433 2458 96 L'arcens se tient sur la défensive, comme le resistens, et

289 3557 2456 102 agit par sollicitude pour la personne menacée; le prohi¬

287 3681 2454 102 bens prend l'offensive, comme le propulsans, et agit par

287 3803 1162 102 inimitié contre l’agresseur.

389 3927 2350 80 ARCESSERE. ACCIRE. EVOCARE. ACCERSERE. 1. Arcessere

287 4049 2450 100 et accersere, termes généraux, signifient simplement faire

283 4171 2450 102 venir; accire, inviter, suppose qu’on s’adresse à un égal ;

277 4293 2456 104 evocare, mander, à un inférieur, l'arcessens pousse à se

283 4417 2440 102 présenter, l'ciens engage, l'evocans ordonne. CIC. Att. V, 1.
