2982 5002
1057 435 926 62 DE SYNONYMIE LATINE.

2645 423 96 70 19

293 587 2454 104 amplecti, c’est prendre quelque chose en main par oppo¬

291 711 2454 104 sition à négliger et à dédaigner; complecti, c’est s’empa¬

289 833 2462 102 rer tout à fait d’une chose par opposition à posséder à

293 955 758 100 demi, à peu près.

293 1157 1956 92 AMPLUS, v. Magnus. ANCEPS, v. Dubius.

293 1267 1852 92 ANCILLA, v. Servus. ANGOR, v. Cura.

293 1377 704 94 ANGUIS, v. Repere.

401 1573 2350 100 ANGUSTUS. ARCTUS. DENSUS. SPISSUS. 1. Angustus et arctus

297 1691 2448 104 ont trait à l’espace même et à la proximité des limites qui

295 1815 2456 102 le restreignent ; densus et spissus, aux objets que l’espace

295 1937 1630 102 contient et à leur voisinage entre eux.

401 2063 2350 102 2. L'angustum a pour limites de simples lignes, et offre

299 2185 2456 104 la plupart du temps une figure oblongue, étroite, il a pour

301 2309 2452 102 opposé latus, comme στενός ; l'arctum est clos par des bar¬

297 2431 2456 100 rières, des murailles, des montagnes, et offre une surface

299 2555 2448 102 carrée ou circulaire, resserrée, par opposition à laxus,

299 2677 2456 102 comme στενωπός. On ne peut jamais appeler ardus le clavus

299 2799 2456 102 angustus. Mela. IIΙ, 2, 8. Rhenus ad dextram primo angus¬

303 2921 2454 102 tus et sui similis, post ingens lacus Flevo dicitur... fitque

301 3043 2454 102 iterum arctior, iterumque fluvius emittitur. A droite le

301 3167 2456 100 Rhin est d’abord étroit et conserve quelque temps ce ca¬

303 3289 2450 102 ractère, puis il se transforme en un lac considérable ap¬

301 3401 2456 112 pelé le Flévon, après quoi il rentre dans une gorge d’où

303 3533 2452 100 il ressort sous la forme d’un simple cours d’eau : selon

307 3655 2452 104 que l’on se représente les bords du Rhin comme de sim¬

305 3781 1568 102 ples lignes ou comme des murailles.

411 3901 2352 102 3. Densus présente simplement les objets comme très-

307 4025 2448 102 rapprochés les uns des autres, sans lacune apparente,

307 4143 2456 106 par opposition à rarus, comme δασύς et θαρειός ; spissus les

305 4271 2460 102 représente comme entassés les uns sur les autres sans au¬

309 4393 2454 100 cun intervalle, par opposition à solutus, comme πυχνός et

311 4509 2446 106 συχνός. L’idée qui domine dans densus est celle d’une sur-
