2982 5029
233 363 46 64 4

1309 373 302 58 MANUEL

227 521 2456 102 aspect louable de feu, d’énergie, par opposition à frigi¬

223 643 2460 102 dus, comme δξύς; vehemens, sous son aspect blâmable de

227 765 2456 102 chaleur et de passion, par opposition à lenis, comme

225 887 298 110 σφοδρός.

321 1011 2360 102 ACERBUS. AMARUS. Acerbus marque une amertume qui

225 1133 2454 102 emporte la bouche, par opposition à mitis, comme δξύς ;

221 1257 2466 104 amarus, une amertume qui dégoûte, par opposition à dul¬

221 1381 784 106 cis, Comme πικρός.

323 1505 2366 80 ACERBUS. CONGERIES. STRUES. CUMULUS. 1. Acervus et

221 1629 2468 102 congeries, monceau d’objets de même espèce auparavant

221 1747 2470 102 dispersés qu’on réunit et qu’on entasse en un lieu : acer¬

219 1871 2466 106 vus indique, comme σωρός, un certain ordre et suppose

225 1993 2462 108 d’habitude une forme conique; congeries admet tout le

223 2117 2464 102 désordre de la négligence. Strues s’emploie, comme

221 2235 2470 110 θημών, pour marquer que la mise en tas a produit un ar¬

221 2363 2466 102 rangement nouveau, donné aux objets rassemblés une

217 2487 2456 100 forme déterminée, utile, artificielle. CURT. VIII, 7, 11.

219 2609 2468 104 Passim acervos struesqae accendebant. Ils allumaient çà

217 2733 1438 102 et là des tas et des piles de bois.

315 2855 2374 102 2. Cumulus ne signifie point le tas lui-méme, mais seu¬

213 2977 2474 104 lement la pointe qui le termine, la dernière pierre qui

215 3099 2470 100 donne seule à une construction son élévation régulière et

215 3223 2474 108 parfaite, à peu près comme κορυφή ; cumulare, en particu¬

213 3349 2468 106 lier, se rapproche tout à fait de κορυφοῦν. Comparez Liv.XXII,

211 3469 2478 102 59. Superstantes csesorum corporum : juchés sur

213 3593 2470 98 des monceaux de victimes, avec la fin du même chapitre :

211 3721 2470 98 Cannenses campos acervi Romanorum corporum tegunt.

211 3837 2470 104 Des tas de cadavres romains couvrent la plaine de Cannes.

213 3963 2476 98 Et XXIII, 5. Molibus ex humanorum corporum strue fa¬

211 4085 2258 102 ciendis. Faire des digues en empilant des cadavres.

317 4211 2364 78 ACHIVI. ACHÆI. ACHAIUS. ACHAICUS. TROIUS. TROICUS.

219 4327 2468 108 1. Achivi, les Grecs d’Homère, Άχαtoi; Achœi se dit soit

215 4449 2472 108 des habitants de l’Achaïe proprement dite, soit chez les
