2960 4929
1021 349 922 60 DE SYNONYMIE LATINE.

2613 339 98 70 35

255 501 2458 104 trices, auxilio in paterna injuria. Les mères ne manquent

245 625 2474 102 jamais de se prêter aux sottises de leurs fils et de les se¬

251 749 2468 100 courir contre l’oppression d’un père. Quand Tarquin, dans

253 869 2460 104 Liv. II, 6, prie les Véiens : ferrent opem, adjuvarent, il

255 991 2462 98 faut se le représenter d’abord comme exilé, exulans, en¬

259 1115 1922 102 suite comme prétendant, regnum repetiturus.

353 1235 2360 104 2. Opem et auxilium ferre ont l’accent sur le substantif;

257 1357 2464 102 c’est du secours qu’on porte, non autre chose; opitulari

257 1477 2454 106 et le terme poétique auxiliari ont l’accent sur leur racine

257 1603 1528 92 verbale; c’est secourir sans hésiter.

355 1725 2364 104 AVE. SALVE. VALE. Ave, formule de salutation qui s’em¬

263 1845 2448 108 ploie également à l’arrivée et au départ, comme χαῖρε;

255 1973 2458 98 salve, formule d’usage à l’arrivée ; vale, au départ, comme

259 2097 2458 106 ἄῤῥωσο. SUET. Galb. 4. Ut liberti mane salvere, vespere va¬

259 2217 2456 104 lere sibi singuli dicerent. Il maintint l’usage qui obligeait

261 2341 2448 100 ses affranchis à venir lui souhaiter chacun le bonjour le

257 2465 1394 100 matin, et le soir une bonne nuit.

259 2655 1870 96 AVES, v. Volucres. AVIDUS, v. Velle.

365 2831 2352 106 AXES. PLANCÆ. TABULÆ. Axes ou asses et plancæ, plan¬

269 2959 2444 102 ches brutes qu’on emploie telles qu’elles sortent de la

269 3081 2456 102 scie : asses, terme usuel; plancæ, terme technique, comme

269 3203 2442 100 ais. Tabulæ, planches travaillées avec plus de fini à l’aide

271 3327 1892 98 du rabot, pour servir à des meubles de luxe.

271 3487 708 90 AXILLA, v. Armus.

1461 3741 86 112 B

373 4005 2346 102 BALBUS. BLÆSUS. Balbus, bègue, c’est un défaut habi¬

273 4129 2348 104 tuel ; blæsus, qui bégaye, c’est un accident temporaire.

279 4315 1974 94 BACULUS, v. Fustis. BAJULARE, v. Ferre.

281 4431 798 90 BARDUS, v. Stupidus.
