2982 5017
1054 426 944 64 DE SYNONYMIE LATINE.

2654 419 100 70 29

304 579 2458 108 Ne sint fragilia et arida potius quam sicca folia. De peur

308 701 2450 104 que les feuilles ne soient cassantes et tout à fait dessé¬

300 823 2458 106 chées, au lieu d’être simplement sèches. Et XV, 29 : Lato

302 945 2458 112 docuit vinum fieri ex nigra myrta siccata usque in aridi¬

299 1067 2459 112 tatem in umbra. Caton a enseigné qu’on peut fabriquer du

295 1191 2462 108 vin avec les baies de myrte noir qu’on fait sécher à l’ombre

293 1315 1854 105 jusqu’à ce que la dessiccation soit parfaite.

301 1493 2006 95 ARISTA, v. Culmus. ARMENTUM, v. Pecus.

405 1663 2346 98 ARMUS. HUMERUS. ALA. AXILLA. Armus, le sommet du

298 1781 2459 106 bras chez l’homme, de la jambe de devant chez les ani¬

300 1905 2454 104 maux, mais partie du corps entier à la différence de sca¬

284 2027 2462 110 pula, l’omoplate, qui n’est qu’une partie du squelette,

294 2151 2454 108 ὦμος; humerus, la surface plane qui existe chez l’homme

290 2271 2458 108 au-dessus du bras, l’épaule, ἐπρωμιός ; ala et axilla, le creux

294 2393 2446 110 qui se forme sous le bras, l’aisselle, μασχάλη. OVID. Met.

289 2519 2454 104 XII, 396. Ex humeris medios coma dependebat in armos.

289 2637 2454 112 Des épaules, sa chevelure descendait jusqu’au-dessous de

287 2761 2456 110 la naissance des jambes. (Il s’agit du centaure Cyllarus.)

285 2927 1920 95 ARROGANTIA, v. Superbia. ARTES, v. Litteræ.

287 3043 2008 95 ARTIFEX, v. Faber. ARTUS, v. Membrum.

282 3155 1859 91 ARUNDO, v. Culmus. ARVUM, v. Villa.

384 3313 2356 106 ASCIA, SECURIS. Ascia, la hache du charpentier pour

284 3435 2444 108 débiter le bois; securis, le couperet du boucher pour dé¬

280 3557 674 103 pecer la viande.

280 3719 2119 104 ASPER, v. Horridus. ASPERNARI, v. Spernere.

381 3885 2343 100 ASSENTIRI. ASSENTARI. BLANDIRI. ADULARI. 1. Assentiri,

277 4005 2454 106 donner son assentiment par conviction; l’opposé est dis¬

273 4127 2462 106 sentire; assentari, exprimer son assentiment, que ce soit

273 4249 2448 108 par conviction ou par hypocrisie, l’opposé est adversari.

373 4373 2354 102 2. Assentari désigne la flatterie qui a horreur de con¬

273 4495 2452 106 tredire, comme θωπεύειν; blandiri, celle qui fait dire des
