2960 4929
893 293 940 62 DE SYNONYMIE LATINE.

2541 283 102 68 25

291 439 2358 108 APPARET. EMINET. Apparet se dit de ce qui est visible à

181 561 2468 106 l’observation; eminet, de ce qui se fait remarquer de soi-

183 685 2464 106 même et saute aux yeux. Sen. Ir. I, 1. Apparent alii affec¬

181 807 2468 108 tus, hic (scil. iræ) eminet. Les signes des autres passions

185 933 1972 98 sont visibles, ceux de la colère sont frappants.

183 1117 812 101 APPARET, v. Constat

183 1225 735 102 APTUS, v. Idoneus.

1430 1118 1227 78 APPELLARE, v. Alloqui et Nomi¬

1530 1248 209 65 nare.

311 1435 2348 102 AQUA. UNDA. FLUCTUS. FLUENTUM. 1. Aqua, l’eau prise

205 1557 2458 102 comme matière élémentaire, par opposition à terra;

209 1681 2460 102 unda, l’élément liquide toujours en mouvement, par op¬

209 1803 2458 104 position à solum; lympha, simple synonyme poétique

213 1927 2458 102 d'aqua, avec l’idée accessoire d’une belle eau claire, sens

213 2049 2462 98 fondé sur une ressemblance fortuite de son avec la pre¬

217 2171 2456 104 mière syllabe de l'adjectif limpidus, qui n’a point la même

223 2295 294 80 racine.

317 2417 2360 108 2. Unda est un intermédiaire entre aqua et fluctus,

221 2543 2464 102 comme aura entre aer et ventus. Car unda désigne comme

219 2663 2468 104 onde l’eau qui semble se mouvoir d’elle-même, mais

217 2787 2468 104 fluctus et fluenta, le flot, l’eau agitée par quelque cause

221 2909 2472 104 extérieure, comme une tempête : fluctus, en général, c’est

221 3033 2468 100 la mer avec ses îlots; fluentum, la vague isolée. La mer

225 3155 2472 102 orageuse, le torrent impétueux, roulent seuls des fluctus,

227 3275 2470 102 mais toute eau qui n’est pas stagnante a des undas. Aussi

225 3399 2470 106 y a-t-il une grande différence entre ces deux images dans

227 3523 2474 100 CIC. Mil. 2, 5. Tempestates et procellas in illis duntaxat

229 3645 2466 102 fluctibus concionum semper putavi Miloni esse subeundas,

237 3767 2464 102 c’est-à-dire dans les assemblées orageuses et agitées du

241 3887 2468 110 peuple; et Planc. 6, 15. Si campus atque illæ undæ comi¬

243 4013 2468 102 tiorum, ut mare profundum et immensum, sic efferves¬

247 4135 2462 112 cunt quodam quasi æstu, c’est-à-dire les réunions popu¬

247 4259 2464 94 laires faciles à émouvoir. SEN. N. Q. III, 10. Quid si ullam

251 4365 2462 124 undam superesse mireris tot fluctibus fractis? Étonnez-vous
