2960 4929
233 287 96 68 22

1303 299 306 58 MANUEL

231 449 2466 102 homo; bestia et fera expriment une sorte de rapport mo¬

237 571 1554 98 ral, c’est la brute hostile à l’homme.

333 693 2370 100 2. Bellua désigne particulièrement un animal grand et

239 815 2456 102 lourd, par exemple un éléphant, une baleine, par préfé¬

239 937 2450 104 rence les monstres marins; pecus, un animal domestique,

241 1061 2456 100 par préférence des moins intelligents, par exemple un

239 1183 2454 102 taureau, un mouton, par opposition à l’animal en liberté :

241 1305 2448 98 c’est le bétail ; bestia, bête nuisible, surtout dévorante,

239 1431 2452 102 par exemple un tigre, un loup, par opposition aux oiseaux,

243 1551 2462 106 comme θηρίον ; fera, bête farouche, hôte des forêts, par

243 1675 2460 104 exemple un cerf, un loup, un tigre, par opposition aux

243 1795 2464 102 animaux domestiques, comme le gibier et les bêtes sau¬

245 1917 2460 104 vages, θήρ. CURT. IX, 10, 10. Indi maritimi ferarum pelli¬

245 2039 2460 108 bus tecti piscibus sole duratis et majorum quoque bellua-

245 2163 2460 102 rum, quas fluctus ejecit, carne vescuntur. Les Indiens des

247 2285 2462 104 provinces maritimes, couverts de la dépouille des bêtes sau¬

249 2409 2456 102 vages, se nourrissent de poisson séché au soleil et même

249 2533 2448 102 de la chair des monstres marins que les flots ont rejetés.

349 2655 2356 100 ANNALES. HISTORIÆ. Annales, traité général d’histoire

253 2779 2454 102 et en particulier histoire du passé composée sur les sour¬

253 2901 2452 98 ces, Tite-Live et Tacite; historiæ, étude d’histoire con¬

253 3025 2446 102 temporaine, d’événements auxquels l’auteur a assisté,

255 3147 2444 102 Salluste et Tacite. L’auteur des annales se propose de faire,

253 3269 2454 106 année par année, une énumération aussi variée que com¬

257 3391 2456 102 plète de toutes les particularités mémorables ; celui des his-

261 3515 2446 98 toriæ traite un point d’histoire et laisse de côté les événe¬

259 3637 2440 104 ments les plus remarquables quand il s ne s’y rattachent pas.

359 3761 2350 90 ANTIQUUS. PRISCUS. VETUS. VETUSTUS. VETERNUS. PRIS¬

259 3883 2452 102 TINUS. 1. Antiquum et priscum, ce qui a existé autrefois

263 4001 2442 110 et qui n’est'plus,par opposition à novum, comme παλαιός;

265 4129 2448 100 vetus et vetustum, ce qui existe depuis longtemps et n’a

265 4251 2448 104 plus de part ni aux inconvénients ni aux privilèges de la

261 4371 2444 110 jeunesse, par opposition à recens, comme γέρων, γεραιος,
