2960 4929
1045 465 930 62 DB SYNONYMIE LATINE.

2639 455 96 70 15

269 617 2466 102 tropher d’un ton pathétique plein d’amitié ou de solen¬

273 739 2460 102 nité. Cic. Cluent. 61. Quum nemo recipere tecto, nemo

269 863 2466 104 alloqui, nemo respicere vellet. Lorsque personne ne vou¬

273 979 2462 104 lait ni le recueillir sous son toit, ni l’entendre, ni lui

279 1105 2456 104 adresser la parole, ni le regarder. Comparez avec

283 1227 2456 106 Phil. ΧIIΙ, 2. Salutabunt benigne, comiter appellabunt

279 1355 2458 98 unumquemque nostrum. Ils auront pour chacun de nous

279 1471 2456 106 un abord bienveillant, des paroles aimables et prévenan¬

281 1599 2454 102 tes. Et Brut. 3. Salutatio libri quo me hic affatus quasi

271 1721 2464 100 jacentem excitavit., La dédicace du livre dans lequel il

283 1843 2448 104 m’apostrophe et qui m’a retiré d’une sorte d’abattement.

279 2027 2318 96 ALSUS, v. Frigere. ALTERCATIO, v. Disceptatio.

375 2205 2354 80 ALTUS. EDITUS. PROCERUS. ARDUUS. CELSUS. EXCELSUS.

283 2329 2458 100 SUBLIMIS. 1. Altus, terme général; il se dit de la hauteur

283 2451 2458 104 ou de la profondeur considérée comme une des trois di¬

283 2575 2460 98 mensions de la géométrie, et doit s’entendre de la hau¬

283 2697 2458 104 teur par opposition à humilis, à ce qui reste attaché terre

283 2817 2456 106 à terre, au niveau du sol, comme ὑψηλóς; editus; élevé

285 2943 2456 102 par opposition à planus, à ce qui n’offre aux yeux qu’une

289 3065 2454 102 surface plate; enfin procerus, ce qui a poussé en hauteur

285 3185 2460 102 ou en longueur. Valtitudo n’a ni mesure ni limite; Vedi¬

287 3307 2452 104 tum est de la taille d’une colline; la proceritas, de celle

287 3431 1438 100 d’un arbre ou d’un corps humain.

381 3553 2358 100 2. Altus, editus et procerus réduisent la hauteur à un

289 3675 2448 104 simple rapport de lieu et d’espace; arduus se dit de ce

293 3797 2448 106 qui est d’abord haut, puis escarpé et inaccessible, au fi¬

293 3919 2448 102 guré : difficile, impossible; celsus, haut par l’effet d’une

293 4043 2450 98 tendance à s’étendre et à s’élancer, au figuré : fier; excel¬

285 4165 2456 106 sus et prœcelsus, ce qui dépasse encore d’autres points

289 4289 2454 100 culminants, au figuré : éminent; sublimis, ce qui se sou¬

291 4409 2446 102 tient en l’air sans toucher à terre, ce qui plane, comme

291 4533 1238 108 μετέωρος, au figuré : sublime.
