2982 5014
230 400 96 71 20

1296 414 302 61 MANUEL

226 560 2454 109 abondance d’objets qu’il n’est pas nécessaire d’écarter les

225 686 2447 107 uns des autres pour couvrir un vaste espace; dans spissus,

225 808 2452 105 c’est l’absence de vides : les objets sont tellement pressés

227 932 1618 105 qu’ils remplissent tous les intervalles.

327 1055 2350 94 ANIMA. AER. AURA. SPIRITUS. SUBLIME. Anima et aer,

225 1176 2458 111 l’air pris comme élément, ἀήρ : anima, par opposition

228 1298 2453 109 aux trois autres éléments, à terra, mare, ignis; mais aer,

228 1422 2458 107 terme étranger et savant, par opposition à l’air épuré des

232 1532 2456 123 célestes demeures, à æther; aura et spiritus, l'air en

232 1668 2458 105 mouvement : aura, l’air doucement agité, le souffle léger

236 1780 2458 123 qui évente, αὖρα; spiritus, l’air qui se précipite, qui en¬

233 1914 2459 105 traîne, tout courant d’air analogue à une inspiration ou à

231 2036 2464 111 une expiration, πνεύμα ; enfin sublime, l’air suspendu au¬

235 2160 2456 107 dessus de nous : ce dernier marque un simple rapport de

235 2278 2378 114 lieu par opposition à humus, comme μετάρσιον, μετέωρον.

335 2403 2360 106 ANIMA. ANIMUS. MENS. 1. Anima, l’âme de la physio¬

234 2522 2460 111 logie, le principe de la vie animale chez les hommes et les

236 2650 2452 111 bétes, vie qui cesse avec la respiration, ψυχή ; animus,

236 2774 2460 109 l’âme de la psychologie et de la morale, le principe de la

238 2898 2454 107 personnalité qui cesse avec la volonté, θυμός. Au sens my¬

233 3018 2465 109 thologique les âmes des morts s’appellent animas, ce sont

243 3140 2452 109 des ombres; au sens métaphysique animi, ce sont des

247 3264 2450 107 esprits. L’anima est un des éléments de l’existence du

245 3386 2454 109 corps ; le même corps n’a pas d’opposé plus tranché qu'a¬

243 3510 2452 105 nimas. SEN. Ep. 4. Difficile est animum perducere ad con¬

244 3632 2457 107 temptionem animæ. Il est difficile d’amener l’âme raison¬

242 3756 2446 105 nable jusqu’au mépris de l’âme sensitive. JUVEN. XV, 148.

248 3876 2444 107 Principio induisit communis conditor illis tantum animas,

254 3998 2444 105 nobis animum quoque. Au commencement le créateur

256 4122 2436 109 commun n’accorda aux animaux que des âmes sensitives,

251 4244 1969 90 il nous accorda en outre une âme raisonnable.

351 4365 2348 112 2. Animus, l’âme humaine prise comme le réceptacle

261 4486 2430 113 commun de toutes les facultés spirituelles ; il est alors,
