2960 4929
1073 447 932 60 DE SYNONYMIE LATINE.

2671 439 88 68 11

401 597 2356 84 AGERE. FACERE. GERERE. OPUS. FACTUM. AGE. I NUNC.

305 719 2464 102 DEGERE. 1. Agere, marque un effet qui n'a lieu que dans

305 843 2464 102 le temps, comme agir; facere, un effet qui se développe

309 963 2462 100 dans l’espace, comme faire! Les acta sont passés aussitôt

309 1087 2460 102 que l'agens s’arrête, deviennent dès lors invisibles, et ne

309 1209 2464 102 subsistent plus que parle souvenir; les facta ne sont com¬

303 1331 2466 102 plets que quand le faciens s’arrête, et ne prennent qu’à

301 1453 2468 102 partir de ce moment une existence propre. Cela doit s’en¬

301 1577 2466 102 tendre d’ailleurs d'acta et de facta considérés exclusive¬

303 1699 2464 104 ment comme participes, non comme substantifs. Agens

303 1821 2458 104 donne l’idée de l’activité en général, faciens l’idée d’une

303 1943 738 104 activité pratique.

401 2069 2362 100 2. Agere, agir dans son propre intérêt; gerere, dans

301 2189 2452 102 l’intérêt d’un autre et par commission. CIC. Verr. I, 38.

299 2311 2462 102 Quæ etiamsi voluntate Dolabellae fiebant, per istum tamen

295 2433 2462 104 omnia gerebantur. Tout se faisait par la volonté de Dola¬

293 2555 1634 100 bella, mais par l’entremise de Verrès.

397 2677 2362 106 3. Opus, œuvre, ἒργον, est le substantif qui répond à

291 2801 2464 102 facere; factum (pris comme substantif), action, celui d'a-

289 2923 2458 106 gere; res gestæ, actes importants, hauts faits, πράξεις; acta,

297 3045 2454 104 mesures politiques. CIC. Att. XIV, 17. Multa de facto ac

291 3169 2462 106 de re gesta, de nombreux détails, tant sur cette entreprise

295 3293 2458 102 que sur ce grand acte : le premier, facto, s’appliquant à

289 3413 2462 106 la tentative d’Amatius, le second, re gesta, au châtiment

295 3533 2454 110 que lui a infligé Dolabella avec autant de sagesse que de

291 3679 366 80 courage.

391 3781 2348 102 4. Age, agedum, encouragement donné sérieusement;

293 3903 1414 104 i nunc, encouragement ironique.

393 4025 2356 108 5. Agere, mener une vie active et affairée; degere, vivre

291 4147 2466 108 dans l’oisiveté, soit parce que l’aisance nous dispense de

289 4269 2462 104 travailler, soit parce que nous sommes réduits à l’inac¬

287 4393 2460 108 tion. TAC. Ann. XV, 74. Deûm honor principi non ante

285 4515 2466 102 habetur quara agere inter homines desierit. Avant de ren
