2982 5010
1325 351 302 58 MANUEL

257 339 100 68 24

259 499 2452 106 depuis très-longtemps; pristinus, d’un temps passé quel¬

259 625 1510 108 conque, comme πρότερος, antérieur.

259 819 738 92 ANTRUM, v. Specus.

359 995 2356 100 ANUS. VETULA. Anus, servant de féminin à senex, femme

259 1119 2446 102 âgée, avec une idée de respect, ou encore vieille femme,

257 1241 2462 100 avec une idée de défaveur, par allusion à sa faiblesse, à

263 1365 2454 104 sa crédulité, à son bavardage; vetula, vieille laide et qui

263 1489 796 80 n’a rien d’aimable.

363 1613 2364 80 APERIRE. PATEFACERE. APERTE. PALAM. MANIFESTO. PRO¬

265 1725 2450 112 PALAM. 1. Aperire, découvrir un espace fermé par le haut,

261 1857 2460 102 c’est-à-dire horizontalement, par exemple une fosse, une

265 1981 2442 104 source, et par cette opération rendre visible; patefacere,

265 2105 2458 102 ouvrir un espace fermé par le côté, c’est-à-dire verticale¬

265 2221 2450 112 ment, par des portes, des barrières, des clôtures, et par

263 2351 1464 104 cette opération rendre accessible.

363 2475 2358 102 2. Returare, donner accès par une ouverture qui était

265 2597 2458 104 bouchée; recludere, par une ouverture fermée à clef;

267 2723 1940 102 reserare, par une ouverture fermée au verrou.

367 2847 2356 104 3. Aperte, ouvertement et sans se cacher, en sorte que

267 2969 2466 104 tout le monde puisse apprendre et savoir les choses, par

271 3091 2462 108 opposition à occulte, comme φανερῶς; palam, publiquement

273 3215 2458 104 et sans secret, en sorte que tout le monde puisse voir et

273 3337 2456 110 entendre, comme ἀναφανδόν ; manifesto, manifestement, de

275 3461 2456 102 manière à rendre superflues les recherches, les conjec¬

271 3583 2464 102 tures, le secours et l’effort des sens et de l’esprit, comme

275 3715 224 88 δνῆλον.

377 3831 2370 106 4. Palam marque qu’on expose les choses à la vue à

279 3953 2448 108 public par effronterie; propalam, par dessein prémédité.

277 4077 2460 106 CIC. Orat. I, 33. Neque proposito argento neque tabulis et

281 4199 2458 104 signis propalam collocatis, c’est-à-dire à l’admiration de

279 4323 2462 106 tout le monde. Comparez avec Pis. 36. Mensis palam pro¬

283 4441 1972 104 positis, c’est-à-dire effrontément et sans gêne.

1137 4787 592 122 Digitized by Google
