4267 7250
1682 632 426 78 — 29 —

454 799 2843 104 332. Mortier (le maréchal), duc de Trévise. Né à Cambrai. L. aut.

553 893 2744 114 sig., au chef de bataillon Lahoussaye. Paris, 11 frimaire an X.

545 989 2754 110 2 p. et demie, in-8. 3 »

453 1083 2855 112 333 Muller (Jean de), historien. Ampliation signée, comme mi¬

554 1181 2748 106 nistre d’Etat de Jérôme Bonaparte, roi de Westphalie, de la lettre

552 1277 2755 110 par laquelle le roi annonce que la divine Providence et les con¬

553 1375 2750 106 stitutions, ayant fixé sur sa tête la couronne héréditaire du royaume

553 1467 2746 114 de Westphalie, établi par le traité de paix de Tilsitt, il s’est rendu

553 1563 2755 110 à sa résidence royale de Cassel, où il a pris solennellement pos¬

554 1657 2748 110 session de ses Etats, et reçu le serment de fidélité de ses peuples...

552 1755 2755 110 Cassel, 2 janvier 1808. Grande page double in-fol. 7 50

461 1851 2832 110 333 bis. Ney (Michel), prince de la Moskowa, maréchal de France.

561 1947 2744 107 Minute aut. de plusieurs ordres et lettres écrits sur le champ de

559 2041 2747 112 bataille. 1 gr. p. pl.in-fol. 12 »

462 2139 2848 110 334. Ney, prince de la Moscowa, fils du maréchal; il a épousé la

558 2235 2747 110 fille de Laffitte. Auteur de la musique du Cent-Suisse. L. aut. sig.,

561 2331 2746 106 à M. Zimmennan. 1 p. in 8. Cachet. 3 »

463 2427 2848 108 335. Orlolf (le comte), ministre plénipotentiaire russe au congrès

557 2523 2737 112 de Paris. L aut. sig., à M. Paschoud. Barèges, 20 août 1822.

564 2619 2744 109 1 gr. p. pl. in-4. 6 »

464 2711 2849 112 335 bis. Oudin (François), jésuite, littérateur. Né à Vignory (Haute-

567 2809 2730 113 Marne). L. aut. sig., au père Nicéron. Dijon, 19 août 1737. 1 p.

565 2903 2746 111 pl. in-8. Jolie lettre. 6 50

657 3007 1795 105 Littéraire et bibliographique. Intéressante.

468 3095 2850 114 336. Oudinot, duc de Reggio, maréchal de France. Né à Bar-sur-

566 3191 2751 113 Ornain. L. aut. sig. Bareuth, 21 novembre 1808. 2 25

469 3287 2848 108 337. Paris (François), diacre de Paris, célèbre par les convulsions

569 3383 2746 107 qui eurent lieu sur sa tombe, dans le cimetière de Saint-Médard,

569 3479 2731 113 à Paris. Sa signature : Ex libris francisci de Paris, 16 lignes aut.

568 3573 2744 113 derrière le titre gravé de l’ouvrage, et 21 derrière le litre imprimé:

572 3669 2745 109 Le jardin des racines grecques mises en vers françois... seconde

567 3763 2746 102 édition. Paris, Pierre le Petit. 1664. ln-12, demi-rel. 150 »

661 3859 2658 111 Ce précieux volume est en outre surchargé de notes autographes

571 3955 2743 113 en grec et en latin, en marge et dans le texte sur plus de 250 pages.

470 4051 2850 108 338. Paris (Pierre-Adrien), architecte de l'Opéra, membre de

572 4147 2747 109 l’Académie. Son plus bel ouvrage est le portail de la cathédrale

571 4243 2748 105 d'Orléans. L. a. s., à M. le duc.. Paris, 13 mars 1783. 3 p. in-4. 5 »

477 4335 2838 114 339. Pérignon, maréchal de France. Né à Grenade (Haute-Garonne).

577 4433 2743 115 L. aut. sig., au duc de Damas. Paris, 28 janvier 1816.1 p. in-4. 2 50

480 4531 2834 108 340. Perrault (Claude), médecin célèbre. L. aut. sig., à M. Girard.

572 4625 2747 111 Paris, 12 septembre 1644. 1 p. pl. in-4. Cachet et soies. 4 »

481 4721 2840 112 341. Perronet (Jean-Rodolphe), architecte, directeur-général des

577 4817 2744 111 ponts-et-chaussées de France. L. aut. sig. Paris, 26 novembre

583 4915 2741 109 1779. 2 p. in-4. 3 50

480 5007 2842 114 342. Poyet (Bernard), architecte, membre de l’Académie d’archi¬

580 5103 2735 115 tecture eide celle des sciences. Né à Dijon (Côte-d’Or.) L. aut. sig.

575 5201 2742 111 Neyreplisse, 14 avril 1774. 4 gr. p. pl. in-4. 5 »

481 5283 2838 126 343. Presse périodique en 1815 (ampliation d’un arrêté du

575 5393 2745 113 duc d’Otrante, ministre de la police générale, contre les abus de

580 5489 2742 111 la), signé Fortis. Paris, 6 septembre 1815. 3 p. in-fol. 3 50

482 5581 2835 118 344. Quesné (Franç.-Alex.), botaniste, né à Rouen. L. a. s., au

577 5679 2746 109 citoyen Noël. Rouen, 20 fructidor an VI. 1 p. pl. et demie in-4. 2 50

483 5763 2844 126 345. Quinault (mademoiselle), célèbre actrice de la Comédie-

583 5873 2731 111 Française. L. aut., à madame de Graligny. Vendredi soir. 2 gr.

586 5971 2736 107 p. pl. in-4. Cachet. 12 »
