4267 7234
1454 758 920 152 CATALOGUE

562 1034 2696 112 DE LETTRES AUTOGRAPHES, MANUSCRITS,

1277 1237 1264 90 DOCUMENTS HISTORIQUES, ETC.,

978 1450 1872 188 DE A. LAVERDET,

1119 1737 1590 100 A Paris, rue Saint-Lazare, 24.

1506 2133 820 56 Vente à l'amiable,

1064 2225 1701 73 soit par l'insertion dans le bulletin,

711 2318 2407 71 soit aux enchères publiques, de Collections ou parties

1064 2416 1705 70 de Collections de Lettres autographes,

1375 2510 1094 69 Documents historiques,

1458 2606 910 56 Manuscrits, etc., etc.

590 2684 2655 85 Achats.— Échangés. — Expertises. — Rédaction de Catalogues.

1251 3011 1334 80 N°3 — OCTOBRE 1856.

515 3317 2824 98 145. Adet (P.-A.), physicien et chimiste. Sénateur, député. Né à

599 3411 2736 98 Nevers. L. aut. sig., au citoyen Payen. 1 p. in - 4. 2 »

513 3507 2824 94 146 André (Frère) de St-Nicolas, religieux Carme, versé dans

603 3601 2720 94 l’histoire et les antiquités. Né en 1650. Mort à Besançon en 1713.

603 3697 2730 96 L. aut. sig., à M. de Serte, gentilhomme de S. A. Mgr le cardinal

597 3789 2734 98 de Bouillon, à Tournus. Besançon, 15 février 1704. 2 p. pet. in-4.

595 3885 2740 74 Cachet. 5 »

503 3979 2822 98 147. Andrieux, auteur dramatique. Né à Strasbourg. L. aut.

595 4073 2742 100 sig., à M. Morlin. 7 juillet 1813. 1 p. pl. in-4. 3 50

691 4171 2254 96 Critique de son opéra sacré d'Ismaïl, qu’il lui a confié.

505 4265 2828 100 148 Armentières, maréchal de France. L. aut. sig. Bourbonne,

595 4361 2740 96 20 sept. 1773. 2 p. et demie in-4. 4 »

513 4455 2826 96 149. Assemblée nationale de 1789. Extrait du procès-ver¬

597 4551 2742 92 bal de la séance du 22 juin 1791. L’assemblée nationale a décrété

595 4647 2740 96 qu’il sera donné des ordres sur-le-champ, soit à la poste, soit aux

601 4743 2738 96 barrières, pour que personne ne sorte de la ville sans une permis-

597 4837 2748 98 sion par écrit, etc. Signé Dauchy, Grenot, Merle et Pintcville-Cer-

599 4931 2736 96 non. 1 p. in-8. Cachet. 6 »

513 5025 2828 112 150. Ateliers publics de Chaillot (L. sig des représentants

599 5123 2744 98 de la commune et du comité des), sig. Menessier, Cellérier, Lasse-

597 5219 2738 98 ray, Duperraux, Trudon. Paris, 21 sept. 1789. 3 p. in-fol. 4 »

505 5311 2836 96 151. Athenas (P.-L), directeur de la Monnaie de Nantes, anti¬

599 5407 2738 100 quaire. L. aut. sig. Nantes, 9 janvier 1819.1 p in-4. 2 »

509 5503 2834 100 152. Angereau (le maréchal), duc de Castiglione. L. sig. Auge-

603 5579 2736 118 reau, duc de Casliglione. Wurzbourg, le 5 Juillet. 1 p. et demie

603 5693 2740 76 in-4. 250

521 5789 2808 98 153. Azaïs, philosophe, auteur du Système des compensations, etc.

603 5883 2738 100 Né à Sorèse (Tarn). L. a. s. Saint-Cyr, 24 mai 1808. 4 pl. in-4. 4 »

701 5981 2072 96 Belle lettre, toute relative à son Système universel.
