4267 7234
1694 669 469 89 -27-

586 844 2730 109 le-Grand, Attestation aut. sig. Paris, 5 mars 1740. 1 p. in-4.

588 944 2734 85 Cachet. 2 50

493 1036 2832 107 299. La Trémoille (le cardinal de). L. aut. sig., au cardinal de

593 1134 2724 103 Bouillon. Rome, 8 mars 1807. 2 p. in-4. 6 »

687 1228 2630 97 Il désire bien le voir revenir à Rome, il serait si heureux de

587 1322 2729 105 passer une partie de sa vie avec lui.... « Il faut ioindre à cela,

592 1418 2726 105 « Monsieur, la nécessité dans laquelle on est d’auoir icy a la teste

588 1514 2734 105 « du sacré collège un cardinal de uostre rang et de uostre autho¬

588 1608 2729 109 « rité, i'ose nous dire que nous ne recognoistriés plus cette cour,

589 1704 2728 107 « iamais on n'a vu une telle dégaisne, si nous me permettés de me

593 1800 2722 105 « seruir de ce terme, nous plaindriés, Monsieur, ceux qui y sont,

591 1894 2727 107 « et qui ont à respondre de tout ce qui s’y passe. Il ne m'est pas

590 1990 2724 107 « permis d’en dire dauantage sans chiffre, c’est pourtant tout ce

588 2090 1686 101 « que ie peu faire que de me retenir... »

492 2176 2821 111 300. Lavaysse, avocat célèbre, impliqué dans l’affaire de Calas,

589 2274 2726 111 à Toulouse. Consultation sig. pour les familles du Rieu de Brie,

585 2370 2718 107 de Gavaret, etc. 6 p. pl. et demie in-4. 5 »

491 2460 2825 109 301. Laya (Jean-Louis), membre de l'Acad. française. L. a. s., à

584 2558 2728 111 M. de Choiseul-Gouffier. Clamart, 21 sept. 1817. 2 p. pl. in-4. 4 »

678 2662 2182 99 Au sujet de son discours de réception. Intéressante.

488 2750 2812 107 302. Lebrun, duc de Plaisance, consul de la République. L. aut.

578 2846 2735 107 sig. Paris, 7 mai 1819. 1 p. et quart in-4. 2 »

485 2940 2826 99 303. Lechevalier, bibliothécaire de Ste-Geneviève, auteur de :

581 3036 2736 111 La Troade. Né à Trély (Manche). L. aut. sig. Paris, 2 décembre

587 3132 2729 107 1825. 2 gr. p. pl. in-4. Cachet. 3 50

482 3222 2842 119 304. Lefebvre (le maréchal), duc de Dantzig. Né à Kufack (Haut-

584 3320 2724 115 Rhin). L. aut. sig. Quartier général de Trost, 15 floréal. 1 p. in-4.

582 3404 2733 97 Rare. 4 »

485 3510 2832 103 305. Legendre, mathématicien, membre de l’Institut. Né à Tou¬

575 3609 2586 104 louse. Paris, 27 nivôse an xi. 1 p. pl. in-4. 4 »

483 3702 2831 109 300. Legouvé (Jean-Baptiste), avocat au parlement de Paris, père

576 3796 2732 111 de l'auteur du Mérite des femmes. L. aut. sig., à M. Falconnet,

574 3894 2734 109 avocat en parlement. Paris, 2 mars. 1 p. pl. in-4. Cachet. 5 »

484 3988 2831 109 307. Legrand-d'Aussy, conservateur des manuscrits français

575 4082 2738 111 de la Bibliothèque nationale. Né à. Amiens. L. a. s., au citoyen Gin¬

575 4180 2734 109 guené. Paris, 29 thermidor an v. 2 gr. p. pl. et demie in-4. 22 »

673 4276 2641 107 Lettre intéressante relative à son projet de publication de l'His¬

573 4370 2739 109 toire de la langue et de la poésie française depuis leur origine... et

574 4466 2736 121 rédigée d’après les manuscrits du trésor immense qui lui est

572 4552 878 119 confié. Longs détails.

482 4652 2821 113 308. Le Sage (Nicolas-Léonard), acteur de l’Opéra-Comique. L.

571 4752 2736 109 aut. sig. Paris, 19 novembre 1810. 1 gr. p. in-fol. 5 »

479 4842 2834 109 309. Lesduiguières (le connétable de). Né à Saint-Bonnet de

573 4940 2741 113 Champsaur (Isère). Quitt. avec une ligne aut. sig. (sur parchemin)

570 5034 2732 111 de la somme de trois mille écus. 18 sept. 1592. 6 »

480 5130 2824 109 310. Le Tellier (Michel), chancelier, garde des sceaux de France.

572 5224 2733 127 L. aut. sig. Saint-Germain-en-Laye, 29 décembre 1679. 1 p. pl.

571 5324 2736 85 et demie in-4. 6 »

477 5412 2834 119 311. Ligier acteur tragique du Théâtre-Français. L. aut, sig. Le

569 5510 2735 117 Havre, 15 octobre 1828. 1 gr. p. pl. in-4. 4 »

472 5608 2834 111 312. Linguiet, avocat, littérateur et publiciste célèbre. Né à Reims.

572 5704 2738 113 Mis à mort en 1794. L. aut. sig. 2 p. pl. et demie petit in-4. 6 50

666 5800 2643 111 Lettre intéressante au sujet des attaques dont il a été l'objet dans

567 5890 2736 119 le Journal encyclopédique. La 3e page est toute remplie par la

569 5988 2732 115 minute aut. d’une lettre au roi qui lui a été demandée et qu’on
