4267 7242
1870 659 435 92 - 20 -

809 832 2732 110 porcelaine de Sèvres, membre de l’Académie des Sciences. L. a. s.,

807 928 2731 116 à M. le baron d’Acher. Sèvres, 9 juillet 1829. 3 gr. p. in-4. 6 »

908 1022 2630 115 Lettre intéressante au sujet des portraits et bustes des membres

811 1116 2722 122 de la famille royale, que Mgr le dauphin désire avoir. Le roi,

813 1208 2731 118 M. le duc de Bordeaux, Mademoiselle... « Il est presque impossible

812 1306 2730 114 « d’avoir un bon buste de S. A. R. Madame la Dauphine, cette prin-

812 1402 2735 116 « cesse ne paraissant pas disposée à donner les séances nécessaires

815 1498 2727 114 « à ce genre de portrait, et aucun de ceux qui ont été faits ne

814 1600 1432 106 « m’ayant paru satisfaisant.....»

728 1684 2813 114 185. Brune (le maréchal). Né à Brives (Corrèze), assassiné en 1815.

821 1780 2722 116 L.aut. sig., Boulogne, 15 mai 1806. 1 p. in-12. 3 »

722 1874 2826 114 186. Buache (Jean-Nicolas), 1er géographe du roi, membre de

818 1970 2725 110 l’Académie des sciences. Né à La-Neuville-au-Pont (Haute-Marne).

823 2064 2728 118 L. aut. sig. Paris, 20 juin 1791. 1 p. pl. in-4. 2 75

721 2160 2831 112 187. Bulow, ministre plénipotentiaire de la Russie au Congrès de

822 2254 2727 110 Paris. L a. s., Londres, 8 novembre 1832. 1 p. pl. in-8. 4 50

733 2348 2804 114 188 Bugeaud (le maréchal), duc d'Isly. Né à Limoges. L. aut.

819 2442 2729 122 sig., Paris, 13 février 1815. 2 p. pl. in-4. Curieuse. 4 »

732 2536 2826 118 189. Bussy-Rabutin (le comte Roger de), auteur de l'Histoire

819 2630 2732 122 amoureuse des Gaules, etc. L. aut. sig., au prince de Condé

821 2726 2727 116 (Louis II, de Bourbon, dit le Grand). Chaseu, 9 nov. 1668. 11 gr.p.

826 2822 2726 116 pl. in-4. Superbe et précieuse lettre, parfaite conservation. 5 25 »

922 2914 2639 117 Il se justifie envers lui d’un faux manuscrit qu’on avait fait

823 3008 2733 118 courir sous son nom. Le vrai qu’il a soumis au roi est tout diffé¬

832 3106 2716 114 rent de celui qu’on lui attribue. Persécutions qu’on lui a fait subir

834 3209 1675 107 à ce sujet. Longs et intéressants détails.

749 3294 2812 112 190. Cadet (Louis-Charles), chimiste, membre de l’Académie des

832 3388 2728 118 sciences. L. aut. sig., 31 mai 1785. 1 p. pl. in-4. 3 50

740 3484 2821 110 191. Cadet-de-Gassicourt (Charles-Louis), pharmacien de

835 3578 2730 116 l’Empereur, poète, membre du Caveau Moderne. L. aut. sig., à

833 3670 2735 112 M. Barbier. Paris, 23 novembre 1813. 2 p. pl. in-4. 3 50

750 3766 2813 114 192. Cadet-de-Vaux (Antoine-Alexis), agronome, économiste,

835 3860 2716 116 membre de la Société d’agriculture, de l’Académie de médecine.

841 3954 2713 118 L. aut. sig., Paris, 16 brumaire an VII. 1 p. pl. et demie in-4.

836 4049 2734 97 Intéressante. 3 50

745 4141 2830 117 193. Cadet-de-Vaux (le même). L. sig., à M. le duc d’Angou-

843 4232 2727 118 lème. Paris, 9 décembre 1822. 2 p. in-4. 5 »

934 4330 2628 97 Son âme aura été déchirée en lisant dans le Constitutionnel du

842 4425 2735 119 5 la lettre de M. Cochin, maire du 12e arrondissement, faubourg

843 4521 2729 119 Saint-Marceau.... « 7000 ménages, ce qui constitue une population

848 4615 2730 109 « de 28 à 30'000 individus, MANQUANT DE TOUT; arrêt inscrit dans la

848 4709 2729 115 « lettre. Eh ! il y a ONZE autres municipalités. C’est le quart de la po¬

853 4791 2731 132 « pulation de la capitale sans existence physique, nudité absolue, et

848 4901 2734 117 « contre les rigueurs de la saison, la plus mince litière de paille. Pour

854 4995 2725 116 « combattre, ou plutôt pour aiguiser la faim, UNE ONCE DE PAIN... »

765 5091 2814 117 194. Cadoudal (Sépulture de Georges). L. aut. sig., du sieur

857 5185 2723 114 Allard, concierge du cimetière Sainte-Catherine, qui atteste que

858 5279 2723 116 les restes de Georges Cadoudal ont été inhumés, et sont encore

859 5373 2716 116 dans le cimetière dont il est gardien. Paris, 29 juin 1814. 1p.

859 5469 2721 94 in-4. Curieux document. 6 »

766 5555 2817 121 195. Caillaud (Frédéric), voyageur dans la Haute-Egypte. Né à

859 5653 2726 118 Nantes. L. aut. sig., à M. Hardouin-Michelin. Nantes, 14 décembre

859 5751 2723 112 1828. 1 p. pl. in-4. 3 »

766 5845 2818 115 196. Calmet (Dom Augustin), abbé de Sénoncs. L. aut. sig., à

858 5939 2727 112 Titon Du Tillet. 8 août 1742. 3 p. in-4. Intéressante. 16 50
