4267 7290
1731 620 464 98 -31-

606 802 2772 110 France. Pièce notariée sig., signée aussi par Isabcl Babon, sa

606 898 2772 104 femme. Paris, 4 mars 1600. 2 p. et demie in-fol. 3 »

502 992 2880 108 865. Sourdis (le cardinal de), archevêque de Bordeaux. L. avec

602 1092 2765 106 la souscription aut. sig., au duc de Lorraine. Bordeaux, 12 déc.

601 1184 2778 104 1624. 1 p. in-fol. Cachet. 6 »

699 1282 2688 105 » Il lui recommande des carmélites de Bordeaux, qui vont demeu¬

603 1380 2770 102 » rer à Bar, n’ayant pu demeurer à Bordeaux, sous la domination

603 1479 1240 77 » du cardinal de Bérulle.... »

505 1572 2877 104 366. Suchet (la maréchale), duchesse d’Albuféra. L. aut. sig., à

488 1666 2892 106 M. le duc.... Paris, 9 juin 1830. 1 p. pl. in-4. 3 »

504 1762 2876 102 367. Suyskens (C.), jésuite et bollandiste. L. aut. sig., à l'abbé

608 1860 2770 104 Mercier de Saint-Léger. Anvers, 22 novembre 1765. 2 p. in-4. 4 »

508 1956 2868 106 368. Talon (Orner), célèbre avocat général au Parlement de Paris.

610 2052 2772 106 L. a. s., à M... 2 déc. 1637. 1 gr. p. pl. in-fol. Intéressante. 7 50

506 2148 2879 106 369. Tenon (Jacques-René), chirurgien célèbre, membre de l'Ins¬

611 2244 2776 108 titut, L. aut. sig., au citoyen Desjobert père. Vilaine, 14 messi¬

603 2340 2774 106 dor... 3 gr. p. pl. in-4. 5 »

509 2438 2866 100 370. Thémines (Pons de Laurière, baron de), maréchal de France.

603 2534 2788 106 Quitt. sig. (sur parch.), de la somme de 150 livres en pièces de huit

601 2630 2777 108 sols, pour son état de gouverneur de Domme, d'un mois et demie de

604 2724 2778 84 l’année 1607. 3 50

510 2822 2860 106 371. Thiers (A.), homme d’Etat, historien. L. aut. sig., à M...

606 2918 2770 104 Paris, 22 février 1834. 1 p. pl. in-4. 5 »

710 3014 2668 101 ...Il insiste pour qu’il ne quitte pas Florence sans lui faire le

606 3110 2779 108 dessin de la Prudence de Michel-Ange. Ensuite à Milan il com¬

607 3209 1422 101 mencera par la sainte Catherine...

511 3300 2872 102 372. Vulabelle (de), historien de la Restauration. L. a. s., à

609 3396 2770 106 M. le baron de Margueritte. Paris, 12 décembre... 1 p. in-8. 2 »

511 3492 2872 108 373. Vernet (Horace), peintre de batailles. L. aut. sig., à M. Du¬

605 3586 2779 102 chesne. 13 juillet 1827. 1 p. in-8. Curieuse. 4 50

512 3682 2866 100 374. Voltaire. L. aut. (inédite), au libraire Lambert. Sans date.

602 3780 2782 106 4 p. in-4. Les deux premières pages sont aut. et relatives à des cor¬

610 3876 2770 104 rections à faire à l’édition de Dresde, les 3e et 4e sont remplies de

602 3972 2778 104 vers (de la main d’un secrétaire) à corriger aussi dans l’édition de

608 4066 2769 106 Dresde, avec plusieurs indications de la main de Voltaire. 20 »

509 4160 2868 110 375. Voltaire. Préface de la Henriade par le roy de Prusse (ceci de

605 4260 2768 104 de la main de Voltaire). Copie pour le libraire Lambert. 14 p. pl.

603 4358 2784 104 et quart in-4, avec un avis de l'éditeur, 1 p. in-8. Il y a dix-neuf

605 4450 2776 108 lignes de biffées. 25 »

509 4544 2877 112 376. Wellington (le duc de). L. aut. sig., à M. Breguet. 29 sep¬

608 4648 2774 102 tembre 1843. 1 p. in-8. 6 50

514 5028 2869 110 377. Carmélites de Sainte-Thérèse de Jésus (Pièces

609 5140 2770 108 originales, concernant les), leur établissement rue du Bouloir,

611 5248 2768 112 (proche le château du Louvre, sans doute la rue actuelle du Bouloir),

609 5353 2258 111 puis leur translation au faubourg Saint-Germain, etc.

701 5462 2680 105 1° Lett. patentes du roi, portant l'établissement du couvent des

607 5564 2773 120 Carmélites, rue du Bouloir, (à la demande de la reine son épouse,

612 5676 2770 116 en l’honneur de sa bienheureuse patronne, Ste Thérèse, et pour

614 5786 2766 106 remercier Dieu de la naissance du Dauphin....). Paris, décembre

614 5890 2764 116 1663. Grande feuille double in-fol. (Parchemin), avec grand sceau

612 6004 564 82 en cire verte.
