1784 2977
673 135 872 180 - 19 -
327 255 367 292 2°
392 255 494 292 Plan
512 256 555 291 de
570 256 607 291 la
625 257 833 306 pathologie
849 260 910 296 des
928 261 1109 297 maladies
1127 262 1267 309 aiguës,
1288 264 1502 300 manuscrit

277 315 372 354 aut.,
401 321 422 347 2
448 309 484 359 p.
517 309 553 358 y
542 332 561 359 2
587 311 749 350 in-folio.

327 383 399 419 Les
418 384 521 419 deux
538 383 676 431 pièces.
1381 400 1424 436 15
1488 399 1512 423 »■.

64 464 179 505 88160
205 461 430 498 RASPAIL
460 461 872 511 (François-Vincent),
900 465 1048 501 célèbre
1075 466 1254 503 chimiste
1282 471 1320 504 et
1347 468 1505 504 homme

279 516 482 565 politique,
497 516 545 552 né
559 516 582 552 à
595 516 829 565 Carpentras
859 519 1078 569 Vaucluse).
1096 541 1146 547 —
1158 521 1198 559 L.
1215 535 1248 559 a.
1264 535 1294 560 s.
1311 535 1360 559 au
1375 523 1507 559 minis¬

279 576 338 608 tre
359 573 406 608 de
426 571 666 615 l’Intérieur;
689 572 809 618 Paris,
832 574 855 611 6
873 577 1085 612 novembre
1108 577 1216 623 1830,
1239 588 1260 614 2
1280 590 1317 626 p.
1341 578 1503 615 in-folio.

1383 643 1428 679 25
1492 646 1512 666 »

245 693 316 720 Très
340 693 478 720 curieuse
501 693 600 726 épître
623 694 700 721 dans
723 694 854 729 laquelle
878 696 896 722 il
919 697 1054 730 rappelle
1076 706 1110 724 sa
1134 699 1342 733 proscription
1365 708 1403 726 en
1430 700 1512 732 1815-

205 741 234 766 et
248 746 281 765 sa
293 737 440 765 conduite
454 737 531 764 dans
544 737 587 764 les
600 737 741 771 journées
755 739 793 766 de
805 739 904 774 juillet
912 743 942 767 et
951 741 1124 770 réclamant
1135 751 1193 770 une
1203 744 1287 777 place
1297 744 1334 770 de
1346 743 1508 771 bibliothé¬

205 783 284 810 caire
301 790 340 808 ou
359 782 396 808 de
413 784 634 808 conservateur
652 783 705 810 des
723 783 900 811 collections
918 785 961 811 du
978 785 1128 813 Muséum.

67 850 180 890 88161
207 842 483 886 RÉCAMIER
507 848 714 896 (Juliette),
737 850 837 887 amie
858 852 904 887 de
926 851 1255 897 Chateaubriand,
1276 854 1314 890 la
1334 854 1438 889 reine
1460 855 1508 890 de

279 904 694 950 l’Abbaye-aux-Bois.
713 925 761 930 -—
778 905 818 942 L.
839 910 918 943 aut.
939 919 988 943 au
1004 912 1132 944 comte
1149 910 1196 945 de
1213 909 1357 945 Forbin
1368 920 1374 952 ;
1397 909 1507 956 (août

283 959 408 1006 1832),
432 959 447 984 x
437 958 467 1006 /
457 981 475 1006 2
493 971 530 1007 p.
552 959 662 1003 in-8°,
683 961 846 998 adresse.
1385 973 1430 1010 25
1494 977 1514 996 »

246 1027 311 1053 Elle
328 1026 354 1053 le
372 1025 437 1060 prie
455 1026 493 1052 de
510 1025 599 1052 venir
616 1026 645 1052 la
662 1027 730 1053 voir
747 1031 842 1054 avant
861 1035 917 1054 son
935 1028 1055 1062 départ.

68 1095 183 1133 88162
209 1092 429 1129 REGAME
433 1092 468 1128 Y
494 1092 715 1140 (Frédéric),
739 1094 981 1131 dessinateur
1002 1099 1040 1132 et
1062 1107 1238 1143 graveur.
1263 1117 1313 1122 —-
1333 1096 1373 1133 L.
1400 1109 1432 1133 a.
1457 1108 1507 1139 s.;

284 1149 329 1184 18
351 1148 503 1195 janvier
526 1148 634 1191 1886,
658 1159 679 1185 2
700 1161 737 1196 p.
761 1149 878 1187 in-16.
1386 1163 1431 1187 10
1494 1165 1509 1184 »

248 1214 392 1242 Curieuse
406 1214 499 1242 lettre
520 1215 612 1241 ornée
628 1214 664 1241 de
680 1215 802 1249 croquis
818 1216 870 1249 qui
886 1219 1098 1244 commentent
1116 1217 1142 1244 le
1158 1220 1294 1244 contenu
1311 1217 1350 1244 de
1366 1218 1394 1243 la
1409 1217 1510 1244 lettre:

211 1260 251 1286 Le
269 1259 402 1293 premier
421 1259 598 1292 représente
617 1267 658 1285 un
683 1260 811 1293 sphinx;
837 1260 863 1286 le
888 1261 1002 1287 second
1028 1269 1069 1287 un
1097 1264 1209 1288 savant
1240 1261 1428 1289 déchiffrant
1454 1262 1509 1288 des

207 1303 419 1337 hiéroglyphes
433 1303 470 1329 de
483 1302 630 1330 fantaisie
643 1304 750 1337 gravés
762 1312 814 1330 sur
826 1312 868 1331 un
880 1305 1050 1338 obélisque.

70 1371 183 1409 88163
210 1370 393 1406 RENAN
419 1370 604 1417 (Ernest),
626 1370 803 1407 l’illustre
825 1374 965 1407 auteur
986 1373 1033 1407 de
1053 1372 1091 1408 la
1117 1372 1186 1407 Vie
1207 1372 1249 1408 de
1269 1371 1397 1417 Jésus,
1420 1372 1469 1407 né
1490 1372 1511 1407 à

283 1425 466 1473 Tréguier
494 1425 851 1473 (Côtes-du-Nord).
880 1447 930 1451 —
953 1426 994 1463 L.
1023 1439 1055 1463 a.
1083 1439 1111 1464 s.
1140 1428 1162 1462 à
1187 1438 1241 1462 un
1268 1427 1364 1469 ami;
1392 1426 1514 1469 Paris,

283 1493 306 1528 7
322 1481 536 1517 novembre
555 1481 663 1527 1884,
684 1492 704 1517 2
722 1481 758 1529 p.
783 1481 797 1505 x
788 1481 818 1528 /
807 1503 826 1529 2
844 1481 952 1518 in-8°.
1392 1490 1436 1526 15
1499 1494 1518 1513 »

250 1548 274 1573 U
291 1547 435 1581 explique
454 1555 513 1580 que
533 1546 564 1573 M
570 1549 606 1565 mc
625 1546 734 1573 Renan
750 1554 788 1572 ne
805 1548 880 1580 peut
899 1547 964 1572 être
981 1546 1072 1572 dame
1090 1548 1271 1580 patronésse
1288 1545 1381 1572 d’une
1399 1553 1514 1577 œuvre,

210 1600 299 1625 parce
317 1591 427 1625 qu’elle
444 1599 483 1618 ne
499 1591 559 1617 sait
578 1598 633 1624 pas
651 1591 754 1624 placer
771 1591 826 1617 des
841 1591 953 1617 billets.
973 1589 1054 1617 Tant
1074 1590 1146 1624 qu’à
1164 1590 1205 1616 lui
1225 1590 1243 1615 il
1261 1589 1305 1615 ira
1322 1597 1361 1615 au
1380 1589 1440 1621 bal,
1458 1595 1522 1622 pas.

210 1644 287 1670 pour
301 1636 412 1662 danser
426 1635 505 1662 mais
519 1643 598 1669 pour
612 1637 759 1669 apporter
771 1642 805 1661 sa
817 1634 998 1668 sympathie
1011 1635 1027 1660 à
1042 1634 1181 1660 l’œuvre.

73 1702 186 1740 88164
211 1701 509 1739 RICHELIEU
534 1701 844 1749 (Armand-Jean
866 1711 925 1737 du
946 1700 1125 1743 Plessis,
1148 1700 1321 1736 cardinal
1343 1699 1420 1746 de),
1442 1698 1515 1734 l’il¬

284 1759 405 1794 lustre
429 1758 605 1796 ministre
629 1758 676 1793 de
699 1756 815 1793 Louis
839 1756 955 1792 XIII.
981 1777 1031 1781 -—
1052 1756 1093 1792 L.
1118 1768 1147 1792 s.
1173 1768 1223 1791 au
1246 1754 1441 1790 maréchal
1465 1754 1513 1789 de

285 1813 423 1856 Brézé;
451 1813 623 1856 Amiens,
651 1823 699 1858 24
723 1812 881 1848 octobre
908 1810 1017 1857 1636,
1046 1822 1064 1846 1
1090 1823 1127 1858 p.
1156 1809 1319 1852 in-folio,
1347 1810 1512 1851 adresse,

286 1869 442 1905 cachets
468 1869 559 1904 bien
584 1867 801 1910 conservés,
827 1867 936 1903 soies.
1368 1873 1438 1910 150
1500 1876 1519 1898 ».

253 1935 276 1961 Il
293 1935 336 1961 lui
351 1935 570 1962 recommande
588 1935 614 1961 le
631 1933 784 1961 chevalier
801 1933 838 1959 de
855 1932 979 1966 Jalesne
996 1934 1027 1958 et
1045 1932 1171 1958 l’assure
1189 1931 1226 1957 de
1243 1938 1299 1957 son
1316 1929 1472 1957 affection.

71 1999 186 2039 88165
213 2001 527 2038 ROOSEVELT
559 2000 802 2049 (Théodore),
833 2000 989 2036 homme
1020 1998 1144 2034 d’état
1176 1996 1397 2039 américain,
1429 1996 1515 2043 pré¬

286 2057 414 2093 sident
430 2058 497 2093 des
509 2050 756 2098 États-Unis,
772 2059 875 2091 mort
888 2055 1137 2090 récemment.
1155 2074 1205 2078 —
1217 2052 1257 2089 L.
1275 2065 1303 2089 s.
1322 2052 1344 2088 à
1358 2051 1407 2088 M.
1425 2051 1514 2087 Car-

287 2113 356 2149 roll
368 2124 374 2155 ;
392 2112 633 2155 New-York,
651 2123 673 2160 9
689 2111 848 2147 octobre
866 2109 974 2158 1911,
997 2109 1012 2133 x
1002 2109 1031 2157 /
1021 2131 1039 2157 2
1055 2121 1092 2157 p.
1112 2109 1194 2154 in-4
1194 2113 1211 2132 0
1214 2139 1221 2145 .
1391 2116 1439 2152 50
1500 2119 1522 2139 >»

71 2187 187 2226 88166
213 2189 283 2227 RO
288 2190 345 2226 PS
369 2190 580 2238 (Félicien),
601 2190 635 2225 le
655 2189 804 2225 célèbre
825 2187 1068 2224 dessinateur
1087 2190 1125 2222 et
1146 2197 1321 2233 graveur.
1346 2206 1396 2209 —
1414 2183 1454 2220 L.
1479 2196 1511 2220 a.

287 2258 314 2282 s.
335 2246 358 2281 à
374 2245 423 2282 M.
445 2245 664 2288 Duchesne,
685 2256 702 2280 1
721 2257 757 2291 p.
778 2243 886 2279 in-8°.
1394 2250 1440 2275 10
1501 2251 1515 2271 »

71 2319 188 2360 88167
215 2321 666 2360 ROYER-COLLARD
715 2320 975 2369 (Hippolyte),
1019 2317 1206 2360 médecin,
1252 2317 1424 2352 membre
1468 2316 1515 2351 de

288 2378 526 2416 l’Académie
546 2379 593 2414 de
613 2376 823 2419 médecine,
844 2375 902 2412 fils
922 2376 974 2411 du
991 2373 1222 2423 philosophe
1242 2372 1345 2408 P.-P.
1369 2371 1517 2418 Royer-

290 2434 455 2470 Collard.
479 2454 527 2459 —
544 2433 585 2470 L.
606 2446 638 2470 a.
660 2445 688 2469 s.
710 2433 733 2468 à
751 2431 910 2479 Raspail
923 2442 930 2474 ;
952 2429 1071 2473 Paris,
1090 2440 1112 2476 7
1130 2428 1288 2465 octobre
1309 2427 1416 2474 1829,
1435 2437 1457 2471 3
1475 2438 1512 2473 p.

292 2489 400 2526 in-8°.
1396 2490 1439 2528 15
1502 2494 1522 2513 »

259 2556 367 2583 Lettre
381 2555 585 2590 scientifique.
603 2556 627 2583 Il
642 2553 828 2585 le.remercie
844 2553 880 2580 de
894 2560 942 2580 ses
956 2552 1084 2579 conseils
1099 2554 1129 2578 et
1146 2551 1182 2577 de
1197 2557 1243 2577 ses
1258 2549 1413 2583 critiques.
1431 2548 1523 2575 Dans.
