1862 2906
822 98 869 132 —
900 97 945 132 13
970 115 1017 119 —

422 226 569 277 grande
591 233 719 269 vogue
741 220 765 255 à
788 217 907 255 Paris.
935 236 984 240 —
1005 212 1046 249 L.
1074 223 1107 249 a.
1133 223 1177 253 s.,
1202 220 1249 245 en
1271 203 1452 251 français,
1476 202 1500 238 à
1522 198 1653 237 Saint-

426 283 608 328 Georges,
635 288 656 315 2
680 288 718 324 p.
749 274 787 322 y
775 296 794 321 2
819 271 929 309 in-8°.
1557 253 1581 290 6
1640 265 1656 286 »

401 355 429 382 Il
446 353 491 381 lui
508 347 662 380 demande
681 354 741 375 une
759 346 826 380 loge
844 350 923 378 pour
939 340 1041 369 saluer
1058 338 1088 366 la
1104 334 1250 365 nouvelle
1268 331 1359 361 étoile
1378 328 1452 365 qu’il
1469 335 1510 354 va
1529 336 1541 352 «
1557 325 1660 352 lancer

358 401 437 428 dans
454 398 484 425 la
500 394 610 431 sphère
628 392 666 421 de
684 392 711 418 la
730 389 832 425 poésie
850 386 1057 420 dramatique.
1075 393 1086 407 »

203 475 331 518 88124
356 471 426 509 LA
460 466 607 506 TOUR
642 463 719 500 DU
754 451 1195 498 PIN-GOUVERNET
1233 442 1547 499 (Jean-Frédéric
1581 440 1658 487 de),

433 517 841 567 lieutenant-général,
875 512 1021 562 député
1052 511 1100 547 de
1131 508 1171 545 la
1200 504 1377 542 noblesse
1409 502 1457 538 de
1487 499 1527 535 la
1557 494 1665 533 séné¬

436 577 622 618 chaussée
643 576 691 612 de
713 572 866 610 Saintes
889 580 966 606 aux
985 560 1341 603 États-Généraux,
1362 554 1540 592 ministre
1560 551 1608 588 de
1627 550 1666 586 la

436 645 573 684 guerre
592 630 705 679 après
722 629 757 665 le
776 638 800 673 4
818 625 913 663 août
933 622 1042 670 1789,
1061 620 1089 657 il
1105 616 1265 657 rétablit
1283 613 1424 651 l’ordre
1442 613 1482 646 et
1499 609 1538 645 la
1555 603 1668 643 disci¬

436 690 544 740 pline
573 688 672 725 dans
700 682 871 724 l’armée,
901 679 949 717 né
977 678 1000 713 à
1029 672 1220 713 Grenoble
1252 668 1398 719 (Isère),
1427 661 1608 711 décapité
1633 660 1669 695 le

442 745 490 783 28
515 742 615 782 avril
641 750 749 788 1794.
777 758 827 764 —
847 735 890 772 L.
917 747 945 771 s.
959 745 967 776 ;
993 730 1115 773 Paris,
1142 738 1188 775 17
1212 723 1424 763 novembre
1449 718 1558 767 1789,
1586 726 1605 763 1
1629 727 1668 762 p.

442 802 552 847 in-40.
1574 780 1596 818 5
1658 782 1674 802 »

219 889 343 930 88125
369 879 621 923 LAVATER
651 870 993 927 (Jean-Gaspard),
1020 865 1251 918 philosophe
1277 865 1316 899 et
1343 857 1511 897 écrivain
1541 853 1675 893 suisse,

448 939 626 977 créateur
640 936 689 972 de
703 933 743 970 la
756 924 1119 980 physiognomonie,
1135 922 1183 957 né
1197 921 1220 957 à
1234 916 1385 955 Zurich.
1404 935 1455 940 —
1468 917 1507 948 i°
1520 910 1563 947 L.
1581 920 1614 945 a.
1632 919 1677 949 s.,

449 1007 497 1033 en
524 990 706 1038 français,
734 999 785 1024 au
811 982 1006 1022 chevalier
1032 980 1079 1017 de
1106 977 1302 1024 Pougens;
1330 967 1482 1010 Zurich,
1512 964 1559 1002 18
1585 961 1682 1000 août

454 1060 564 1098 1790,
594 1058 615 1084 2
642 1058 679 1094 p.
708 1040 827 1081 in-16.

417 1123 443 1151 Il
457 1121 500 1149 lui
514 1119 667 1148 transmet
680 1123 729 1144 ses
742 1111 957 1143 observations
970 1115 1023 1136 sur
1035 1105 1111 1133 trois
1124 1100 1275 1139 portraits
1288 1097 1363 1134 qu’il
1376 1096 1420 1124 lui
1432 1103 1450 1122 a
1463 1090 1590 1124 soumis,
1613 1088 1685 1117 bien

380 1168 454 1205 qu’il
467 1174 498 1194 se
510 1165 570 1193 soit
584 1163 642 1191 fait
656 1169 716 1188 une
729 1158 808 1194 règle
821 1156 859 1185 de
871 1164 909 1183 ne
918 1152 1034 1188 jamais
1046 1151 1133 1184 juger
1144 1155 1197 1175 sur
1209 1145 1263 1173 des
1274 1141 1435 1179 portraits.

459 1244 499 1277 2°
527 1238 631 1286 Page
649 1238 745 1276 aut.,
764 1243 812 1268 en
830 1225 1039 1268 allemand,
1060 1234 1079 1260 1
1098 1234 1135 1271 p.
1156 1218 1268 1261 in-8°,
1286 1228 1352 1254 sur
1367 1213 1471 1261 léger
1489 1212 1636 1247 carton.

424 1310 553 1341 Feuillet
570 1308 619 1336 III
634 1307 674 1335 de
686 1312 735 1333 ses
749 1299 927 1338 Algemeine
942 1295 1067 1332 Regeln.

461 1374 535 1410 Les
554 1372 658 1409 deux
675 1368 813 1416 pièces.
1573 1349 1620 1376 20
1681 1350 1696 1370 »

238 1460 363 1501 88126
389 1453 605 1496 LEBEAU
634 1447 836 1500 (Charles),
861 1441 1064 1482 historien,
1090 1434 1266 1473 membre
1292 1432 1339 1467 de
1365 1422 1605 1465 l’Académie
1631 1420 1698 1456 des

467 1508 739 1556 Inscriptions,
766 1506 908 1539 auteur
932 1497 980 1534 de
1003 1490 1208 1531 l’Histoire
1233 1488 1287 1525 du
1311 1479 1582 1527 Bas-Empire,
1607 1475 1657 1510 né
1679 1472 1704 1508 à

467 1566 587 1604 Paris.
616 1583 667 1589 —
689 1561 731 1597 L.
760 1571 793 1595 a.
820 1569 848 1593 s.
873 1555 895 1591 à
920 1548 1135 1589 d’Anville;
1163 1554 1210 1591 19
1233 1540 1319 1589 juin
1346 1546 1455 1585 1771,
1477 1545 1499 1579 3
1523 1544 1561 1580 p.
1589 1530 1703 1573 in-40,

469 1624 636 1661 adresse,
656 1616 804 1654 cachet.
1581 1593 1625 1629 15
1688 1594 1704 1614 »

435 1696 462 1723 Il
475 1695 614 1722 s’excuse
628 1689 683 1717 des
697 1685 845 1719 critiques
861 1678 936 1715 qu’il
951 1686 968 1705 a
983 1673 1106 1712 portées
1120 1671 1227 1699 contre
1243 1674 1284 1694 un
1297 1669 1445 1696 ouvrage.
1463 1658 1489 1687 Il
1502 1654 1624 1690 croyait
1647 1652 1706 1680 s’a¬

395 1741 515 1769 dresser
531 1737 549 1764 à
564 1744 608 1763 un
623 1731 761 1763 confrère
776 1729 839 1756 fort
856 1723 1020 1753 au-dessus
1035 1719 1074 1747 de
1089 1724 1140 1745 ces
1155 1710 1334 1748 bagatelles,
1349 1705 1429 1734 mais
1445 1698 1634 1731 l’Académie
1660 1697 1706 1724 est

397 1785 516 1814 témoin
531 1780 605 1816 qu’il
619 1780 665 1807 est
680 1774 790 1810 rempli
803 1769 947 1800 d’estime
960 1772 1040 1801 pour
1052 1757 1209 1791 d’Anville
1223 1757 1254 1784 et
1268 1760 1347 1790 pour
1359 1757 1407 1778 ses
1423 1752 1556 1776 œuvres.

248 1860 375 1900 88127
402 1851 681 1895 LEMAITRE
701 1846 852 1897 (Jules),
869 1840 1019 1879 célèbre
1034 1832 1206 1872 écrivain
1223 1833 1261 1865 et
1278 1825 1456 1873 critique,
1473 1816 1647 1854 membre
1663 1813 1711 1850 de

479 1905 719 1949 l’Académie
739 1898 941 1946 française,
964 1894 1011 1930 né
1031 1891 1054 1928 à
1075 1890 1260 1932 Vennecy
1283 1878 1455 1929 (Loiret).
1479 1895 1530 1900 —
1547 1872 1588 1908 L.
1611 1882 1645 1906 a.
1666 1880 1712 1910 s.,

481 1979 547 2005 sur
567 1975 643 2001 une
662 1964 769 1999 carte
789 1948 1136 2001 correspondance,
1157 1943 1181 1978 à
1198 1940 1251 1977 M.
1274 1937 1438 1976 Brieux;
1459 1940 1480 1977 5
1501 1924 1714 1966 novembre

484 2023 593 2071 1890,
620 2030 639 2055 1
662 2030 700 2066 p.
727 2010 846 2051 in-16.
1618 1979 1642 2016 6
1693 1990 1718 2013 .»

447 2095 474 2123 Il
488 2102 507 2122 a
520 2090 626 2129 publié
638 2089 718 2116 dans
732 2085 761 2112 la
777 2084 878 2111 Revue
896 2078 986 2106 Bleue
997 2081 1058 2102 une
1072 2072 1182 2104 longue
1197 2064 1291 2094 étude
1305 2069 1357 2090 sur
1372 2052 1531 2088 Flaubert,
1546 2051 1625 2080 mais
1647 2050 1667 2078 il
1679 2056 1720 2075 ne

407 2141 448 2168 l’a
461 2146 518 2175 pas
531 2133 683 2165 recueillie
696 2131 774 2159 dans
786 2126 834 2156 ses
848 2123 1105 2155 Contemporains,
1119 2120 1212 2149 parce
1223 2108 1301 2144 qu’il
1314 2107 1344 2133 la
1357 2101 1498 2132 trouvait
1512 2101 1584 2132 trop
1594 2115 1598 2117 -
1609 2096 1722 2129 impar¬

409 2185 500 2213 faite.

260 2259 387 2300 88128
414 2248 753 2295 LENORMAND
801 2225 1303 2293 (Marie-Anne-Adélaïde),
1346 2222 1521 2259 fameuse
1565 2212 1728 2251 devine¬

491 2322 606 2352 resse,
619 2307 690 2344 née
712 2305 734 2340 à
756 2301 931 2345 Alençon
956 2291 1099 2342 (Orne).
1126 2307 1176 2312 —-
1195 2283 1236 2319 L.
1262 2294 1294 2317 a.
1319 2291 1347 2315 s.
1373 2276 1396 2313 à
1418 2271 1524 2310 M.M.
1549 2265 1729 2306 Treuttel

495 2372 534 2404 et
553 2365 709 2404 Wurtz;
730 2368 776 2395 20
794 2352 947 2403 janvier
967 2348 1074 2392 1823,
1096 2355 1114 2379 1
1133 2354 1171 2390 p.
1192 2340 1274 2384 in-4
1273 2340 1292 2361 0
1295 2367 1300 2372 .
1609 2332 1656 2359 10
1716 2333 1732 2352 »

462 2438 529 2467 Elle
541 2437 606 2464 leur
618 2432 751 2462 réclame
766 2427 821 2461 178
834 2424 939 2452 francs
952 2425 1030 2456 pour
1043 2415 1119 2444 trois
1131 2409 1300 2440 douzaines
1312 2404 1350 2433 de
1361 2400 1411 2431 ses
1423 2396 1600 2429 Souvenirs.

271 2515 398 2555 88129
425 2509 613 2550 LESLIE
646 2502 796 2555 (John),
825 2493 1029 2548 physicien
1058 2492 1096 2526 et
1126 2476 1447 2521 mathématicien
1476 2467 1652 2508 écossais.
1685 2484 1735 2488 —
