1869 3026
910 303 956 307 —
973 282 1031 318 •24
1059 303 1106 307 —

440 399 483 427 les
497 399 612 427 inviter
629 400 645 427 à
662 400 790 428 doubler
806 400 843 427 de
859 400 1062 428 surveillance
1078 404 1108 428 et
1127 401 1143 427 à
1159 401 1292 436 prendre
1309 405 1413 430 toutes
1429 403 1472 431 les
1487 412 1625 434 mesures
1638 409 1741 437 néces¬

438 443 531 470 saires
549 452 627 479 pour
644 445 806 479 empêcher
824 444 1011 472 l’exécution
1030 445 1083 472 des
1100 445 1220 479 projets
1238 446 1291 473 des
1310 447 1449 475 ennemis
1467 448 1504 476 de
1522 450 1551 476 la
1570 451 1691 481 Liberté
1709 456 1740 481 et

436 487 465 514 la
481 487 625 515 diffusion
642 489 695 515 des
710 489 868 516 nouvelles
884 489 1070 516 alarmistes.

559 539 778 575 Précieux
798 548 972 575 dossier
991 543 1258 585 historique.
1592 545 1663 584 600
1722 562 1738 582 »

283 613 406 651 88183
433 615 817 653 SEINE-ET-OISE
837 616 1135 665 (Département
1151 618 1226 665 de).
1244 639 1293 643 —
1308 618 1349 656 E.
1367 632 1396 656 s.
1414 621 1486 668 par
1501 622 1588 659 Des
1603 624 1737 661 Tour-

507 680 674 713 nelles,
692 672 868 708 ministre
885 673 950 709 des
967 672 1264 710 Contributions
1280 675 1501 723 publiques,
1519 690 1597 714 aux
1614 680 1735 716 admi¬

503 725 735 764 nistrateurs
776 728 828 763 du
869 728 1143 775 département
1184 730 1231 766 de
1272 728 1571 776 Seine-et-Oise;
1612 734 1731 780 Paris,

503 791 525 826 3
545 781 716 818 frimaire
736 794 786 818 an
807 782 859 826 II,
883 794 902 819 i
922 782 959 831 p.
986 782 1022 831 y
1011 805 1029 832 2
1050 784 1107 820 in-
1109 794 1133 830 4
1132 789 1150 808 0
1153 787 1159 825 .
1637 790 1658 826 8
1717 805 1735 824 »

474 846 581 875 Lettre
595 847 726 876 relative
742 849 760 875 à
774 849 803 875 la
818 849 990 883 répression
1006 849 1639 885 desdéprédationsquisecommettaient
1655 857 1731 885 dans

425 890 467 918 les
482 891 578 919 forêts
592 892 630 918 de
643 892 709 919 leur
723 893 951 927 département,
966 896 1165 921 notamment
1182 895 1260 922 dans
1275 896 1319 923 les
1334 896 1402 923 bois
1416 897 1455 924 de
1472 897 1602 931 Préaux,
1619 900 1729 935 dépen¬

424 935 500 962 dant
524 934 562 963 de
584 936 724 964 Soubise.

272 999 397 1037 88184
423 995 770 1040 RÉVOLUTION
807 1004 1118 1051 FRANÇAISE.
1160 1007 1210 1042 —
1243 1007 1284 1043 P.
1324 1019 1353 1056 s.
1392 1008 1465 1056 par
1500 1009 1729 1057 Barailon,

498 1057 753 1102 Plaichard,
790 1060 1006 1104 Deleyre,
1043 1061 1244 1105 Massieu,
1281 1062 1496 1108 Lakanal,
1533 1066 1727 1112 Daunou,

496 1113 665 1157 Villar,
687 1114 907 1159 Dulaure,
928 1116 1144 1153 BAILLEUR
1163 1118 1202 1154 et
1223 1118 1454 1162 Grégoire,
1476 1122 1730 1160 convention¬

495 1170 588 1213 nels,
606 1170 800 1207 membres
816 1171 870 1207 du
886 1172 1039 1210 Comité
1054 1173 1333 1210 d’instruction
1348 1175 1556 1223 publique;
1573 1187 1622 1223 24
1635 1190 1727 1214 ven¬

494 1226 578 1261 tôse
597 1237 648 1261 an
668 1225 743 1272 III,
764 1237 785 1272 3
804 1239 841 1274 p.
864 1227 1027 1269 in-folio.
1607 1244 1652 1270 10
1711 1248 1728 1268 »

457 1293 566 1322 Arrêté
581 1303 660 1329 pour
675 1295 910 1330 l’organisation
927 1297 980 1324 des
996 1297 1094 1325 écoles
1111 1298 1148 1325 de
1164 1297 1271 1326 Santé.

266 1357 388 1397 88185
417 1359 584 1399 PARIS.
601 1362 704 1400 —P.
720 1374 749 1410 s.
765 1362 837 1410 par
851 1362 1025 1408 Perrin,
1041 1364 1226 1409 Baudin,
1241 1365 1453 1411 Mathieu,
1470 1367 1599 1405 P.-Ch.
1617 1368 1724 1407 Gou-

492 1426 680 1460 pilleau,
711 1418 855 1461 Calés,
885 1419 1099 1463 Ysabeau,
1128 1420 1369 1466 Delecloy,
1399 1422 1587 1467 Rovere,
1617 1424 1723 1462 Gau¬

491 1473 837 1517 thier,-Lomont,
856 1475 1090 1519 Pemartin,
1108 1476 1301 1513 Clauzel
1316 1478 1355 1514 et
1371 1478 1615 1523 Legendre,
1632 1492 1721 1517 con¬

491 1528 749 1572 ventionnels,
774 1530 968 1566 membres
992 1531 1046 1567 du
1070 1530 1222 1568 Comité
1246 1533 1293 1568 de
1316 1533 1448 1569 sûreté
1470 1535 1656 1583 générale,
1680 1539 1718 1571 et

488 1583 561 1629 par
580 1583 787 1619 Bernard
808 1584 1185 1631 Saint-Affrique,
1209 1586 1619 1633 Olivier-Gérente,
1641 1589 1721 1627 Au¬

488 1647 584 1679 bry,
601 1637 784 1681 RiVAUD,
800 1638 1055 1683 VlLLETARD,
1072 1641 1275 1684 PeNIÈRE,
1292 1643 1489 1687 GoSSÜIN,
1507 1646 1724 1682 CHATEAU-

487 1692 816 1736 neuf-Randon,
842 1693 1118 1739 Despinassy,
1144 1696 1359 1740 Milhaud,
1385 1701 1720 1743 conventionnels,

486 1748 679 1784 membres
701 1749 755 1785 du
776 1749 927 1786 Comité
948 1750 1149 1795 militaire;
1172 1751 1295 1799 Paris,
1317 1763 1340 1800 7
1361 1753 1551 1801 germinal
1572 1767 1619 1791 an
1644 1754 1718 1798 III,

485 1813 507 1838 2
535 1814 572 1851 p.
604 1803 768 1847 in-folio,
799 1804 977 1853 vignette
1006 1806 1222 1855 imprimée,
1252 1809 1392 1845 tachée
1421 1809 1666 1847 d’humidité.

1597 1874 1642 1912 25
1698 1880 1722 1899 »

448 1918 547 1947 Ordre
558 1919 709 1948 d’arrêter
719 1921 872 1956 plusieurs
883 1923 1038 1951 membres
1050 1923 1088 1951 de
1098 1924 1128 1950 la
1138 1925 1258 1952 section
1271 1925 1325 1952 des
1338 1925 1517 1953 Gravilliers
1528 1926 1582 1961 qui
1592 1927 1718 1954 avaient

408 1964 484 1990 tenu
500 1972 562 1991 une
577 1965 749 1993 assemblée
766 1965 886 2000 illégale
903 1970 935 1994 et
950 1969 1079 1996 nommé
1094 1977 1138 1996 un
1154 1969 1313 2003 président
1331 1978 1372 1998 au
1388 1970 1548 2004 préjudice
1565 1971 1607 1998 du
1624 1972 1719 2005 prési¬

406 2007 481 2034 dent
499 2016 537 2036 en
555 2009 703 2037 exercice.

256 2071 380 2111 88186
406 2067 693 2114 MÉDECINE.
715 2078 765 2113 —
780 2078 821 2114 P.
841 2090 869 2116 s.
889 2079 961 2127 par
979 2079 1296 2125 Desgenettes,
1315 2081 1502 2126 Larrey,
1522 2082 1719 2119 Parmen¬

479 2140 587 2175 tier,
611 2132 914 2178 Heurteloup,
937 2135 1181 2184 inspecteurs
1202 2137 1401 2184 généraux
1424 2138 1477 2174 du
1498 2138 1645 2175 service
1669 2140 1716 2175 de

466 2188 591 2226 •santé
608 2188 808 2232 militaire;
829 2190 950 2234 Paris,
971 2201 1018 2238 14
1034 2192 1232 2229 brumaire
1250 2205 1300 2229 an
1318 2192 1437 2237 XIII,
1456 2204 1478 2230 2
1494 2207 1532 2242 p.
1553 2194 1610 2230 in-
1612 2203 1635 2240 4
1635 2199 1652 2219 0
1656 2226 1661 2231 .

1594 2260 1640 2286 10
1701 2263 1718 2283 »

441 2296 611 2326 Curieuse
631 2300 738 2328 pièce.
760 2315 800 2318 —
821 2300 928 2329 Lettre
947 2301 1078 2330 relative
1099 2310 1139 2329 au
1159 2303 1319 2338 paiement
1340 2305 1394 2331 des
1414 2304 1640 2332 médicaments
1662 2305 1715 2338 qui

399 2344 453 2368 ont
469 2343 551 2373 servi
567 2344 585 2370 à
600 2344 712 2372 traiter
729 2345 773 2372 les
791 2345 846 2378 378
863 2346 975 2380 galeux
991 2346 1033 2374 du
1050 2355 1087 2382 93
1089 2350 1101 2364 e
1115 2347 1268 2382 régiment
1286 2347 1498 2377 d’infanterie.

248 2405 371 2445 88187
398 2402 693 2458 AMÉRIQUE.
710 2433 761 2437 —
773 2412 814 2449 L.
830 2424 859 2449 s.
877 2413 931 2449 du
945 2422 1083 2450 comte
1097 2414 1395 2452 d’Hauterive
1410 2416 1433 2451 à
1447 2415 1496 2453 M.
1515 2417 1562 2453 de
1577 2416 1717 2453 Cham¬

472 2476 623 2514 pagne;
639 2476 662 2513 7
677 2467 804 2513 juillet
821 2467 918 2517 1809
923 2500 930 2512 ,
948 2480 993 2505 n
1008 2481 1045 2518 p.
1064 2470 1228 2508 in-folio.
1565 2480 1636 2518 IZO
1697 2485 1713 2505 »

437 2530 614 2558 Document
629 2532 803 2567 historique
817 2533 895 2561 dans
909 2534 1009 2568 lequel
1024 2536 1052 2562 le
1065 2538 1169 2564 comte
1183 2537 1402 2570 d’Hauterive,
1417 2537 1577 2565 conseiller
1591 2532 1709 2570 d’État,

398 2574 451 2608 qui
461 2575 586 2610 remplit
598 2576 750 2610 plusieurs
762 2577 821 2604 fois
832 2585 889 2611 par
900 2578 1026 2606 intérim
1037 2580 1067 2606 la
1078 2581 1190 2616 charge
1202 2581 1240 2608 de
1251 2580 1395 2609 ministre
1407 2581 1460 2608 des
1472 2582 1596 2610 affaires
1608 2581 1710 2609 étran¬

396 2618 492 2653 gères,
512 2620 655 2647 examine
674 2620 836 2649 l’attitude
855 2622 909 2650 clés
926 2617 1116 2652 États-Unis
1136 2624 1154 2651 à
1172 2625 1291 2660 l’égard
1309 2625 1363 2653 des
1381 2626 1584 2660 belligérants
1603 2628 1633 2653 et
1654 2627 1709 2653 des

396 2664 623 2698 conséquences
638 2672 717 2699 pour
732 2666 776 2692 les
791 2666 985 2696 Américains
1001 2667 1039 2696 de
1054 2669 1084 2695 la
1101 2677 1208 2703 guerre
1225 2669 1384 2698 maritime
1400 2672 1487 2697 entre
1503 2670 1709 2705 l’Angleterre

395 2709 426 2734 et
446 2707 474 2733 la
495 2708 776 2744 France.'L’esprit
796 2713 992 2739 aventureux
1011 2712 1065 2740 des
1083 2713 1277 2742 Américains
1296 2714 1339 2742 les
1358 2722 1470 2749 pousse
1489 2723 1558 2742 vers
1577 2715 1604 2742 le
1623 2722 1706 2741 coin-
