<?xml version="1.0" encoding="UTF-8" standalone="yes"?>
<PcGts xmlns="http://schema.primaresearch.org/PAGE/gts/pagecontent/2013-07-15" xmlns:xsi="http://www.w3.org/2001/XMLSchema-instance" xsi:schemaLocation="http://schema.primaresearch.org/PAGE/gts/pagecontent/2013-07-15 http://schema.primaresearch.org/PAGE/gts/pagecontent/2013-07-15/pagecontent.xsd">
    <Metadata>
        <Creator></Creator>
        <Created>2019-02-18T15:38:56.277+01:00</Created>
        <LastChange>2019-05-20T00:29:15.155+02:00</LastChange>
        <Comments>
                Measurement unit: pixel
                PrimaryLanguage: English
                Language: FrenchStandard
                Producer: ABBYY FineReader Engine 11</Comments>
        <TranskribusMetadata docId="164169" pageId="6046479" pageNr="32" tsid="10279241" status="DONE" userId="10612" imgUrl="https://files.transkribus.eu/Get?id=WXYPXPPEEMIMICQHQKLMMVHU&amp;fileType=view" xmlUrl="https://files.transkribus.eu/Get?id=BAYCUWHKUBEIRJPEHJSWDDYR" imageId="2780498"/>
    </Metadata>
    <Page imageFilename="1919_04_LAD_N507_32.jpg" imageWidth="1934" imageHeight="3133">
        <PrintSpace>
            <Coords points="250,0 1933,0 1933,2774 250,2774"/>
        </PrintSpace>
        <ReadingOrder>
            <OrderedGroup id="ro_1604141033948" caption="Regions reading order">
                <RegionRefIndexed index="0" regionRef="region_1558304898307_3982"/>
                <RegionRefIndexed index="1" regionRef="r_1_1"/>
                <RegionRefIndexed index="2" regionRef="r_1_2"/>
                <RegionRefIndexed index="3" regionRef="r_1_3"/>
                <RegionRefIndexed index="4" regionRef="r_1_4"/>
                <RegionRefIndexed index="5" regionRef="r_1_5"/>
                <RegionRefIndexed index="6" regionRef="r_1_6"/>
                <RegionRefIndexed index="7" regionRef="r_1_7"/>
                <RegionRefIndexed index="8" regionRef="r_2_1"/>
            </OrderedGroup>
        </ReadingOrder>
        <TextRegion id="region_1558304898307_3982" custom="readingOrder {index:0;}">
            <Coords points="891,289 1102,289 1102,341 891,341"/>
            <TextLine id="line_1558304908879_3986" custom="readingOrder {index:0;}">
                <Coords points="894,292 1097,291 1097,341 894,342"/>
                <Baseline points="894,337 1097,336"/>
                <TextEquiv>
                    <Unicode>- 32 -</Unicode>
                </TextEquiv>
            </TextLine>
            <TextEquiv>
                <Unicode>- 32 -</Unicode>
            </TextEquiv>
        </TextRegion>
        <TextRegion type="paragraph" id="r_1_1" custom="readingOrder {index:1;}">
            <Coords points="495,411 1742,411 1742,526 495,526"/>
            <TextLine id="tl_1" primaryLanguage="English" custom="readingOrder {index:0;}">
                <Coords points="497,412 1741,412 1741,469 497,469"/>
                <Baseline points="497,449 843,451 924,451 1230,453 1325,453 1740,466"/>
                <Word id="w_w2aab1b1b2b1b1ab1" language="English" custom="readingOrder {index:0;}">
                    <Coords points="497,414 843,414 843,451 497,451"/>
                    <TextEquiv>
                        <Unicode>administrateurs</Unicode>
                    </TextEquiv>
                    <TextStyle fontFamily="Times New Roman" fontSize="9.5"/>
                </Word>
                <Word id="w_w2aab1b1b2b1b1ac33" language="English" custom="readingOrder {index:1;}">
                    <Coords points="871,415 924,415 924,452 871,452"/>
                    <TextEquiv>
                        <Unicode>du</Unicode>
                    </TextEquiv>
                    <TextStyle fontFamily="Times New Roman" fontSize="9.5"/>
                </Word>
                <Word id="w_w2aab1b1b2b1b1ac39" language="English" custom="readingOrder {index:2;}">
                    <Coords points="952,416 1230,416 1230,463 952,463"/>
                    <TextEquiv>
                        <Unicode>département</Unicode>
                    </TextEquiv>
                    <TextStyle fontFamily="Times New Roman" fontSize="9.5"/>
                </Word>
                <Word id="w_w2aab1b1b2b1b1ac63" language="English" custom="readingOrder {index:3;}">
                    <Coords points="1257,418 1325,418 1325,453 1257,453"/>
                    <TextEquiv>
                        <Unicode>des</Unicode>
                    </TextEquiv>
                    <TextStyle fontFamily="Times New Roman" fontSize="9.5"/>
                </Word>
                <Word id="w_w2aab1b1b2b1b1ac71" language="English" custom="readingOrder {index:4;}">
                    <Coords points="1352,417 1740,417 1740,468 1352,468"/>
                    <TextEquiv>
                        <Unicode>Hautes-Pyrénées;</Unicode>
                    </TextEquiv>
                    <TextStyle fontFamily="Times New Roman" fontSize="9.5"/>
                </Word>
                <TextEquiv>
                    <Unicode>administrateurs du département des Hautes-Pyrénées ;</Unicode>
                </TextEquiv>
                <TextStyle fontFamily="Times New Roman" fontSize="9.5"/>
            </TextLine>
            <TextLine id="tl_2" primaryLanguage="English" custom="readingOrder {index:1;}">
                <Coords points="496,467 1741,467 1741,525 496,525"/>
                <Baseline points="496,505 642,507 699,506 719,494 976,508 1048,507 1138,516 1184,508 1243,510 1433,511 1663,524 1741,511"/>
                <Word id="w_w2aab1b1b2b1b3ab1" language="English" custom="readingOrder {index:0;}">
                    <Coords points="496,469 655,469 655,513 496,513"/>
                    <TextEquiv>
                        <Unicode>Tarbes,</Unicode>
                    </TextEquiv>
                    <TextStyle fontFamily="Times New Roman" fontSize="9.5"/>
                </Word>
                <Word id="w_w2aab1b1b2b1b3b1b1" language="English" custom="readingOrder {index:1;}">
                    <Coords points="681,481 699,481 699,506 681,506"/>
                    <TextEquiv>
                        <Unicode>I</Unicode>
                    </TextEquiv>
                    <TextStyle fontFamily="Times New Roman" fontSize="7.5" bold="true"/>
                </Word>
                <Word id="w_w2aab1b1b2b1b3b2b1" language="English" custom="readingOrder {index:2;}">
                    <Coords points="703,474 738,474 738,495 703,495"/>
                    <TextEquiv>
                        <Unicode>er</Unicode>
                    </TextEquiv>
                    <TextStyle fontFamily="Times New Roman" fontSize="7.5" bold="true" superscript="true"/>
                </Word>
                <Word id="w_w2aab1b1b2b1b3b4b1" language="English" custom="readingOrder {index:3;}">
                    <Coords points="758,471 976,471 976,508 758,508"/>
                    <TextEquiv>
                        <Unicode>thermidor</Unicode>
                    </TextEquiv>
                    <TextStyle fontFamily="Times New Roman" fontSize="9.5"/>
                </Word>
                <Word id="w_w2aab1b1b2b1b3b4c21" language="English" custom="readingOrder {index:4;}">
                    <Coords points="997,484 1048,484 1048,507 997,507"/>
                    <TextEquiv>
                        <Unicode>an</Unicode>
                    </TextEquiv>
                    <TextStyle fontFamily="Times New Roman" fontSize="9.5"/>
                </Word>
                <Word id="w_w2aab1b1b2b1b3b4c27" language="English" custom="readingOrder {index:5;}">
                    <Coords points="1069,471 1138,471 1138,516 1069,516"/>
                    <TextEquiv>
                        <Unicode>VI,</Unicode>
                    </TextEquiv>
                    <TextStyle fontFamily="Times New Roman" fontSize="9.5"/>
                </Word>
                <Word id="w_w2aab1b1b2b1b3b4c35" language="English" custom="readingOrder {index:6;}">
                    <Coords points="1165,484 1184,484 1184,508 1165,508"/>
                    <TextEquiv>
                        <Unicode>i</Unicode>
                    </TextEquiv>
                    <TextStyle fontFamily="Times New Roman" fontSize="9.5"/>
                </Word>
                <Word id="w_w2aab1b1b2b1b3b4c39" language="English" custom="readingOrder {index:7;}">
                    <Coords points="1205,485 1243,485 1243,521 1205,521"/>
                    <TextEquiv>
                        <Unicode>p.</Unicode>
                    </TextEquiv>
                    <TextStyle fontFamily="Times New Roman" fontSize="9.5"/>
                </Word>
                <Word id="w_w2aab1b1b2b1b3b4c45" language="English" custom="readingOrder {index:8;}">
                    <Coords points="1269,473 1433,473 1433,511 1269,511"/>
                    <TextEquiv>
                        <Unicode>in-folio.</Unicode>
                    </TextEquiv>
                    <TextStyle fontFamily="Times New Roman" fontSize="9.5"/>
                </Word>
                <Word id="w_w2aab1b1b2b1b3b4c65" language="English" custom="readingOrder {index:9;}">
                    <Coords points="1641,486 1663,486 1663,525 1641,525"/>
                    <TextEquiv>
                        <Unicode>5</Unicode>
                    </TextEquiv>
                    <TextStyle fontFamily="Times New Roman" fontSize="9.5"/>
                </Word>
                <Word id="w_w2aab1b1b2b1b3b5b1" language="English" custom="readingOrder {index:10;}">
                    <Coords points="1726,491 1741,491 1741,511 1726,511"/>
                    <TextEquiv>
                        <Unicode>»</Unicode>
                    </TextEquiv>
                    <TextStyle fontFamily="Times New Roman" fontSize="9.5"/>
                </Word>
                <TextEquiv>
                    <Unicode>Tarbes, Ier thermidor an VI, 1 p. in-folio. 5 »</Unicode>
                </TextEquiv>
            </TextLine>
            <TextEquiv>
                <Unicode>administrateurs du département des Hautes-Pyrénées ;
Tarbes, Ier thermidor an VI, 1 p. in-folio. 5 »</Unicode>
            </TextEquiv>
        </TextRegion>
        <TextRegion type="paragraph" id="r_1_2" custom="readingOrder {index:2;}">
            <Coords points="266,542 1745,542 1745,604 266,604"/>
            <TextLine id="tl_3" primaryLanguage="English" custom="readingOrder {index:0;} textStyle {offset:0; length:5;fontSize:0.0; kerning:0; bold:true;}">
                <Coords points="267,543 1744,543 1744,603 267,603"/>
                <Baseline points="268,581 291,581 617,584 1040,593 1212,586 1285,587 1524,589 1566,590 1622,591 1744,581"/>
                <Word id="w_w2aab1b1b2b3b1ab1" language="English" custom="readingOrder {index:0;}">
                    <Coords points="268,544 393,544 393,583 268,583"/>
                    <TextEquiv>
                        <Unicode>88224</Unicode>
                    </TextEquiv>
                    <TextStyle fontFamily="Times New Roman" fontSize="9.5" bold="true"/>
                </Word>
                <Word id="w_w2aab1b1b2b3b1b1b3" language="English" custom="readingOrder {index:1;}">
                    <Coords points="421,546 617,546 617,584 421,584"/>
                    <TextEquiv>
                        <Unicode>GILLET</Unicode>
                    </TextEquiv>
                    <TextStyle fontFamily="Times New Roman" fontSize="9.5"/>
                </Word>
                <Word id="w_w2aab1b1b2b3b1b1c17" language="English" custom="readingOrder {index:2;}">
                    <Coords points="640,547 1040,547 1040,596 640,596"/>
                    <TextEquiv>
                        <Unicode>(Pierre-Mathurin),</Unicode>
                    </TextEquiv>
                    <TextStyle fontFamily="Times New Roman" fontSize="9.5"/>
                </Word>
                <Word id="w_w2aab1b1b2b3b1b1c55" language="English" custom="readingOrder {index:3;}">
                    <Coords points="1065,550 1212,550 1212,598 1065,598"/>
                    <TextEquiv>
                        <Unicode>député</Unicode>
                    </TextEquiv>
                    <TextStyle fontFamily="Times New Roman" fontSize="9.5"/>
                </Word>
                <Word id="w_w2aab1b1b2b3b1b1c69" language="English" custom="readingOrder {index:4;}">
                    <Coords points="1232,551 1285,551 1285,588 1232,588"/>
                    <TextEquiv>
                        <Unicode>du</Unicode>
                    </TextEquiv>
                    <TextStyle fontFamily="Times New Roman" fontSize="9.5"/>
                </Word>
                <Word id="w_w2aab1b1b2b3b1b1c75" language="English" custom="readingOrder {index:5;}">
                    <Coords points="1314,551 1524,551 1524,590 1314,590"/>
                    <TextEquiv>
                        <Unicode>Morbihan</Unicode>
                    </TextEquiv>
                    <TextStyle fontFamily="Times New Roman" fontSize="9.5"/>
                </Word>
                <Word id="w_w2aab1b1b2b3b1b1c93" language="English" custom="readingOrder {index:6;}">
                    <Coords points="1543,554 1566,554 1566,590 1543,590"/>
                    <TextEquiv>
                        <Unicode>à</Unicode>
                    </TextEquiv>
                    <TextStyle fontFamily="Times New Roman" fontSize="9.5"/>
                </Word>
                <Word id="w_w2aab1b1b2b3b1b1c97" language="English" custom="readingOrder {index:7;}">
                    <Coords points="1585,556 1622,556 1622,591 1585,591"/>
                    <TextEquiv>
                        <Unicode>la</Unicode>
                    </TextEquiv>
                    <TextStyle fontFamily="Times New Roman" fontSize="9.5"/>
                </Word>
                <Word id="w_w2aab1b1b2b3b1b1d103" language="English" custom="readingOrder {index:8;}">
                    <Coords points="1644,556 1744,556 1744,593 1644,593"/>
                    <TextEquiv>
                        <Unicode>Con¬</Unicode>
                    </TextEquiv>
                    <TextStyle fontFamily="Times New Roman" fontSize="9.5"/>
                </Word>
                <TextEquiv>
                    <Unicode>88224 GILLET (Pierre-Mathurin), député du Morbihan à la Con¬</Unicode>
                </TextEquiv>
            </TextLine>
            <TextEquiv>
                <Unicode>88224 GILLET (Pierre-Mathurin), député du Morbihan à la Con¬</Unicode>
            </TextEquiv>
        </TextRegion>
        <TextRegion type="paragraph" id="r_1_3" custom="readingOrder {index:3;}">
            <Coords points="492,600 1742,600 1742,771 492,771"/>
            <TextLine id="tl_4" primaryLanguage="English" custom="readingOrder {index:0;}">
                <Coords points="495,601 1741,601 1741,658 495,658"/>
                <Baseline points="495,639 670,640 748,630 810,641 864,642 942,641 1122,642 1319,651 1628,647 1741,638"/>
                <Word id="w_w2aab1b1b2b5b1ab1" language="English" custom="readingOrder {index:0;}">
                    <Coords points="495,603 670,603 670,640 495,640"/>
                    <TextEquiv>
                        <Unicode>vention.</Unicode>
                    </TextEquiv>
                    <TextStyle fontFamily="Times New Roman" fontSize="9.5"/>
                </Word>
                <Word id="w_w2aab1b1b2b5b1ac19" language="English" custom="readingOrder {index:1;}">
                    <Coords points="697,624 748,624 748,630 697,630"/>
                    <TextEquiv>
                        <Unicode>—</Unicode>
                    </TextEquiv>
                    <TextStyle fontFamily="Times New Roman" fontSize="9.5"/>
                </Word>
                <Word id="w_w2aab1b1b2b5b1ac23" language="English" custom="readingOrder {index:2;}">
                    <Coords points="768,604 810,604 810,641 768,641"/>
                    <TextEquiv>
                        <Unicode>L.</Unicode>
                    </TextEquiv>
                    <TextStyle fontFamily="Times New Roman" fontSize="9.5"/>
                </Word>
                <Word id="w_w2aab1b1b2b5b1ac29" language="English" custom="readingOrder {index:3;}">
                    <Coords points="836,616 864,616 864,642 836,642"/>
                    <TextEquiv>
                        <Unicode>s.</Unicode>
                    </TextEquiv>
                    <TextStyle fontFamily="Times New Roman" fontSize="9.5"/>
                </Word>
                <Word id="w_w2aab1b1b2b5b1ac35" language="English" custom="readingOrder {index:4;}">
                    <Coords points="891,617 942,617 942,641 891,641"/>
                    <TextEquiv>
                        <Unicode>au</Unicode>
                    </TextEquiv>
                    <TextStyle fontFamily="Times New Roman" fontSize="9.5"/>
                </Word>
                <Word id="w_w2aab1b1b2b5b1ac41" language="English" custom="readingOrder {index:5;}">
                    <Coords points="964,605 1122,605 1122,653 964,653"/>
                    <TextEquiv>
                        <Unicode>général</Unicode>
                    </TextEquiv>
                    <TextStyle fontFamily="Times New Roman" fontSize="9.5"/>
                </Word>
                <Word id="w_w2aab1b1b2b5b1ac57" language="English" custom="readingOrder {index:6;}">
                    <Coords points="1145,605 1319,605 1319,651 1145,651"/>
                    <TextEquiv>
                        <Unicode>Scherer,</Unicode>
                    </TextEquiv>
                    <TextStyle fontFamily="Times New Roman" fontSize="9.5"/>
                </Word>
                <Word id="w_w2aab1b1b2b5b1ac75" language="English" custom="readingOrder {index:7;}">
                    <Coords points="1343,610 1628,610 1628,647 1343,647"/>
                    <TextEquiv>
                        <Unicode>commandant</Unicode>
                    </TextEquiv>
                    <TextStyle fontFamily="Times New Roman" fontSize="9.5"/>
                </Word>
                <Word id="w_w2aab1b1b2b5b1ac97" language="English" custom="readingOrder {index:8;}">
                    <Coords points="1652,611 1741,611 1741,648 1652,648"/>
                    <TextEquiv>
                        <Unicode>l’ar¬</Unicode>
                    </TextEquiv>
                    <TextStyle fontFamily="Times New Roman" fontSize="9.5"/>
                </Word>
                <TextEquiv>
                    <Unicode>vention. — L. s. au général Scherer, commandant l’ar¬</Unicode>
                </TextEquiv>
                <TextStyle fontFamily="Times New Roman" fontSize="9.5"/>
            </TextLine>
            <TextLine id="tl_5" primaryLanguage="English" custom="readingOrder {index:1;}">
                <Coords points="494,657 1739,657 1739,714 494,714"/>
                <Baseline points="494,693 580,694 767,695 840,695 1082,705 1483,700 1538,702 1739,712"/>
                <Word id="w_w2aab1b1b2b5b3ab1" language="English" custom="readingOrder {index:0;}">
                    <Coords points="494,657 580,657 580,694 494,694"/>
                    <TextEquiv>
                        <Unicode>mée</Unicode>
                    </TextEquiv>
                    <TextStyle fontFamily="Times New Roman" fontSize="9.5"/>
                </Word>
                <Word id="w_w2aab1b1b2b5b3ab9" language="English" custom="readingOrder {index:1;}">
                    <Coords points="618,660 767,660 767,696 618,696"/>
                    <TextEquiv>
                        <Unicode>devant</Unicode>
                    </TextEquiv>
                    <TextStyle fontFamily="Times New Roman" fontSize="9.5"/>
                </Word>
                <Word id="w_w2aab1b1b2b5b3ac23" language="English" custom="readingOrder {index:2;}">
                    <Coords points="803,660 840,660 840,696 803,696"/>
                    <TextEquiv>
                        <Unicode>le</Unicode>
                    </TextEquiv>
                    <TextStyle fontFamily="Times New Roman" fontSize="9.5"/>
                </Word>
                <Word id="w_w2aab1b1b2b5b3ac29" language="English" custom="readingOrder {index:3;}">
                    <Coords points="878,660 1082,660 1082,709 878,709"/>
                    <TextEquiv>
                        <Unicode>Quesnoy;</Unicode>
                    </TextEquiv>
                    <TextStyle fontFamily="Times New Roman" fontSize="9.5"/>
                </Word>
                <Word id="w_w2aab1b1b2b5b3ac47" language="English" custom="readingOrder {index:4;}">
                    <Coords points="1123,661 1483,661 1483,711 1123,711"/>
                    <TextEquiv>
                        <Unicode>Quartier-général</Unicode>
                    </TextEquiv>
                    <TextStyle fontFamily="Times New Roman" fontSize="9.5"/>
                </Word>
                <Word id="w_w2aab1b1b2b5b3ac81" language="English" custom="readingOrder {index:5;}">
                    <Coords points="1515,665 1538,665 1538,702 1515,702"/>
                    <TextEquiv>
                        <Unicode>à</Unicode>
                    </TextEquiv>
                    <TextStyle fontFamily="Times New Roman" fontSize="9.5"/>
                </Word>
                <Word id="w_w2aab1b1b2b5b3ac85" language="English" custom="readingOrder {index:6;}">
                    <Coords points="1569,665 1739,665 1739,712 1569,712"/>
                    <TextEquiv>
                        <Unicode>Warem,</Unicode>
                    </TextEquiv>
                    <TextStyle fontFamily="Times New Roman" fontSize="9.5"/>
                </Word>
                <TextEquiv>
                    <Unicode>mée devant le Quesnoy ; Quartier-général à Warem,</Unicode>
                </TextEquiv>
                <TextStyle fontFamily="Times New Roman" fontSize="9.5"/>
            </TextLine>
            <TextLine id="tl_6" primaryLanguage="English" custom="readingOrder {index:2;}">
                <Coords points="493,713 1738,713 1738,770 493,770"/>
                <Baseline points="494,749 540,759 779,751 847,751 920,759 962,753 1007,765 1205,761 1415,757 1646,759 1738,757"/>
                <Word id="w_w2aab1b1b2b5b5ab1" language="English" custom="readingOrder {index:0;}">
                    <Coords points="494,724 540,724 540,759 494,759"/>
                    <TextEquiv>
                        <Unicode>13</Unicode>
                    </TextEquiv>
                    <TextStyle fontFamily="Times New Roman" fontSize="9.5"/>
                </Word>
                <Word id="w_w2aab1b1b2b5b5ab7" language="English" custom="readingOrder {index:1;}">
                    <Coords points="560,714 779,714 779,752 560,752"/>
                    <TextEquiv>
                        <Unicode>thermidor</Unicode>
                    </TextEquiv>
                    <TextStyle fontFamily="Times New Roman" fontSize="9.5"/>
                </Word>
                <Word id="w_w2aab1b1b2b5b5ac27" language="English" custom="readingOrder {index:2;}">
                    <Coords points="797,727 847,727 847,751 797,751"/>
                    <TextEquiv>
                        <Unicode>an</Unicode>
                    </TextEquiv>
                    <TextStyle fontFamily="Times New Roman" fontSize="9.5"/>
                </Word>
                <Word id="w_w2aab1b1b2b5b5ac33" language="English" custom="readingOrder {index:3;}">
                    <Coords points="867,715 920,715 920,759 867,759"/>
                    <TextEquiv>
                        <Unicode>II,</Unicode>
                    </TextEquiv>
                    <TextStyle fontFamily="Times New Roman" fontSize="9.5"/>
                </Word>
                <Word id="w_w2aab1b1b2b5b5ac41" language="English" custom="readingOrder {index:4;}">
                    <Coords points="943,727 962,727 962,765 943,765"/>
                    <TextEquiv>
                        <Unicode>1</Unicode>
                    </TextEquiv>
                    <TextStyle fontFamily="Times New Roman" fontSize="9.5"/>
                </Word>
                <Word id="w_w2aab1b1b2b5b5b1b1" language="English" custom="readingOrder {index:5;}">
                    <Coords points="980,717 1018,717 1018,765 980,765"/>
                    <TextEquiv>
                        <Unicode>p.</Unicode>
                    </TextEquiv>
                    <TextStyle fontFamily="Times New Roman" fontSize="9.0"/>
                </Word>
                <Word id="w_w2aab1b1b2b5b5b2b1" language="English" custom="readingOrder {index:6;}">
                    <Coords points="1040,717 1205,717 1205,761 1040,761"/>
                    <TextEquiv>
                        <Unicode>in-folio,</Unicode>
                    </TextEquiv>
                    <TextStyle fontFamily="Times New Roman" fontSize="9.5"/>
                </Word>
                <Word id="w_w2aab1b1b2b5b5b2c21" language="English" custom="readingOrder {index:7;}">
                    <Coords points="1226,718 1415,718 1415,767 1226,767"/>
                    <TextEquiv>
                        <Unicode>vignette.</Unicode>
                    </TextEquiv>
                    <TextStyle fontFamily="Times New Roman" fontSize="9.5"/>
                </Word>
                <Word id="w_w2aab1b1b2b5b5b2c41" language="English" custom="readingOrder {index:8;}">
                    <Coords points="1625,732 1671,732 1671,770 1625,770"/>
                    <TextEquiv>
                        <Unicode>25</Unicode>
                    </TextEquiv>
                    <TextStyle fontFamily="Times New Roman" fontSize="9.5"/>
                </Word>
                <Word id="w_w2aab1b1b2b5b5b3b1" language="English" custom="readingOrder {index:9;}">
                    <Coords points="1723,737 1738,737 1738,757 1723,757"/>
                    <TextEquiv>
                        <Unicode>»</Unicode>
                    </TextEquiv>
                    <TextStyle fontFamily="Times New Roman" fontSize="9.5"/>
                </Word>
                <TextEquiv>
                    <Unicode>13 thermidor an II, 1 p. in-folio, vignette. 25 »</Unicode>
                </TextEquiv>
            </TextLine>
            <TextEquiv>
                <Unicode>vention. — L. s. au général Scherer, commandant l’ar¬
mée devant le Quesnoy ; Quartier-général à Warem,
13 thermidor an II, 1 p. in-folio, vignette. 25 »</Unicode>
            </TextEquiv>
        </TextRegion>
        <TextRegion type="paragraph" id="r_1_4" custom="readingOrder {index:4;}">
            <Coords points="410,778 1739,778 1739,994 410,994"/>
            <TextLine id="tl_7" primaryLanguage="English" custom="readingOrder {index:0;}">
                <Coords points="458,779 1736,779 1736,822 458,822"/>
                <Baseline points="458,806 483,806 545,805 685,807 743,809 953,809 997,811 1166,818 1254,812 1342,812 1398,810 1458,814 1736,817"/>
                <Word id="w_w2aab1b1b2b7b1ab1" language="English" custom="readingOrder {index:0;}">
                    <Coords points="458,780 483,780 483,806 458,806"/>
                    <TextEquiv>
                        <Unicode>U</Unicode>
                    </TextEquiv>
                    <TextStyle fontFamily="Times New Roman" fontSize="6.5"/>
                </Word>
                <Word id="w_w2aab1b1b2b7b1ab5" language="English" custom="readingOrder {index:1;}">
                    <Coords points="502,779 545,779 545,806 502,806"/>
                    <TextEquiv>
                        <Unicode>lui</Unicode>
                    </TextEquiv>
                    <TextStyle fontFamily="Times New Roman" fontSize="6.5"/>
                </Word>
                <Word id="w_w2aab1b1b2b7b1ac13" language="English" custom="readingOrder {index:2;}">
                    <Coords points="563,780 685,780 685,814 563,814"/>
                    <TextEquiv>
                        <Unicode>enjoint</Unicode>
                    </TextEquiv>
                    <TextStyle fontFamily="Times New Roman" fontSize="6.5"/>
                </Word>
                <Word id="w_w2aab1b1b2b7b1ac29" language="English" custom="readingOrder {index:3;}">
                    <Coords points="705,780 743,780 743,809 705,809"/>
                    <TextEquiv>
                        <Unicode>de</Unicode>
                    </TextEquiv>
                    <TextStyle fontFamily="Times New Roman" fontSize="6.5"/>
                </Word>
                <Word id="w_w2aab1b1b2b7b1ac35" language="English" custom="readingOrder {index:4;}">
                    <Coords points="762,782 953,782 953,810 762,810"/>
                    <TextEquiv>
                        <Unicode>bombarder</Unicode>
                    </TextEquiv>
                    <TextStyle fontFamily="Times New Roman" fontSize="6.5"/>
                </Word>
                <Word id="w_w2aab1b1b2b7b1ac55" language="English" custom="readingOrder {index:5;}">
                    <Coords points="970,783 997,783 997,811 970,811"/>
                    <TextEquiv>
                        <Unicode>le</Unicode>
                    </TextEquiv>
                    <TextStyle fontFamily="Times New Roman" fontSize="6.5"/>
                </Word>
                <Word id="w_w2aab1b1b2b7b1ac61" language="English" custom="readingOrder {index:6;}">
                    <Coords points="1017,782 1166,782 1166,818 1017,818"/>
                    <TextEquiv>
                        <Unicode>Quesnoy</Unicode>
                    </TextEquiv>
                    <TextStyle fontFamily="Times New Roman" fontSize="6.5"/>
                </Word>
                <Word id="w_w2aab1b1b2b7b1ac77" language="English" custom="readingOrder {index:7;}">
                    <Coords points="1182,792 1254,792 1254,812 1182,812"/>
                    <TextEquiv>
                        <Unicode>sans</Unicode>
                    </TextEquiv>
                    <TextStyle fontFamily="Times New Roman" fontSize="6.5"/>
                </Word>
                <Word id="w_w2aab1b1b2b7b1ac87" language="English" custom="readingOrder {index:8;}">
                    <Coords points="1273,785 1365,785 1365,813 1273,813"/>
                    <TextEquiv>
                        <Unicode>délai.</Unicode>
                    </TextEquiv>
                    <TextStyle fontFamily="Times New Roman" fontSize="6.5"/>
                </Word>
                <Word id="w_w2aab1b1b2b7b1b1b1" language="English" custom="readingOrder {index:9;}">
                    <Coords points="1387,787 1398,787 1398,813 1387,813"/>
                    <TextEquiv>
                        <Unicode>«</Unicode>
                    </TextEquiv>
                    <TextStyle fontFamily="Times New Roman" fontSize="6.5"/>
                </Word>
                <Word id="w_w2aab1b1b2b7b1b2b1" language="English" custom="readingOrder {index:10;}">
                    <Coords points="1416,787 1458,787 1458,814 1416,814"/>
                    <TextEquiv>
                        <Unicode>Le</Unicode>
                    </TextEquiv>
                    <TextStyle fontFamily="Times New Roman" fontSize="6.5"/>
                </Word>
                <Word id="w_w2aab1b1b2b7b1b2b7" language="English" custom="readingOrder {index:11;}">
                    <Coords points="1476,787 1736,787 1736,817 1476,817"/>
                    <TextEquiv>
                        <Unicode>bombardement</Unicode>
                    </TextEquiv>
                    <TextStyle fontFamily="Times New Roman" fontSize="6.5"/>
                </Word>
                <TextEquiv>
                    <Unicode>Il lui enjoint de bombarder le Quesnoy sans délai. « Le bombardement</Unicode>
                </TextEquiv>
            </TextLine>
            <TextLine id="tl_8" primaryLanguage="English" custom="readingOrder {index:1;}">
                <Coords points="414,824 1738,824 1738,867 414,867"/>
                <Baseline points="414,851 453,851 588,852 731,853 905,855 1060,856 1157,855 1221,857 1356,857 1415,858 1535,858 1700,860 1738,861"/>
                <Word id="w_w2aab1b1b2b7b3ab1" language="English" custom="readingOrder {index:0;}">
                    <Coords points="414,832 453,832 453,851 414,851"/>
                    <TextEquiv>
                        <Unicode>ne</Unicode>
                    </TextEquiv>
                    <TextStyle fontFamily="Times New Roman" fontSize="6.5"/>
                </Word>
                <Word id="w_w2aab1b1b2b7b3ab7" language="English" custom="readingOrder {index:1;}">
                    <Coords points="473,824 588,824 588,852 473,852"/>
                    <TextEquiv>
                        <Unicode>souffre</Unicode>
                    </TextEquiv>
                    <TextStyle fontFamily="Times New Roman" fontSize="6.5"/>
                </Word>
                <Word id="w_w2aab1b1b2b7b3ac23" language="English" custom="readingOrder {index:2;}">
                    <Coords points="610,833 731,833 731,853 610,853"/>
                    <TextEquiv>
                        <Unicode>aucune</Unicode>
                    </TextEquiv>
                    <TextStyle fontFamily="Times New Roman" fontSize="6.5"/>
                </Word>
                <Word id="w_w2aab1b1b2b7b3ac37" language="English" custom="readingOrder {index:3;}">
                    <Coords points="752,826 905,826 905,855 752,855"/>
                    <TextEquiv>
                        <Unicode>difficulté</Unicode>
                    </TextEquiv>
                    <TextStyle fontFamily="Times New Roman" fontSize="6.5"/>
                </Word>
                <Word id="w_w2aab1b1b2b7b3ac59" language="English" custom="readingOrder {index:4;}">
                    <Coords points="926,827 1060,827 1060,862 926,862"/>
                    <TextEquiv>
                        <Unicode>puisque</Unicode>
                    </TextEquiv>
                    <TextStyle fontFamily="Times New Roman" fontSize="6.5"/>
                </Word>
                <Word id="w_w2aab1b1b2b7b3ac75" language="English" custom="readingOrder {index:5;}">
                    <Coords points="1080,829 1157,829 1157,856 1080,856"/>
                    <TextEquiv>
                        <Unicode>c’est</Unicode>
                    </TextEquiv>
                    <TextStyle fontFamily="Times New Roman" fontSize="6.5"/>
                </Word>
                <Word id="w_w2aab1b1b2b7b3ac87" language="English" custom="readingOrder {index:6;}">
                    <Coords points="1178,837 1221,837 1221,857 1178,857"/>
                    <TextEquiv>
                        <Unicode>un</Unicode>
                    </TextEquiv>
                    <TextStyle fontFamily="Times New Roman" fontSize="6.5"/>
                </Word>
                <Word id="w_w2aab1b1b2b7b3ac93" language="English" custom="readingOrder {index:7;}">
                    <Coords points="1242,837 1356,837 1356,864 1242,864"/>
                    <TextEquiv>
                        <Unicode>moyen</Unicode>
                    </TextEquiv>
                    <TextStyle fontFamily="Times New Roman" fontSize="6.5"/>
                </Word>
                <Word id="w_w2aab1b1b2b7b3ad105" language="English" custom="readingOrder {index:8;}">
                    <Coords points="1377,831 1415,831 1415,858 1377,858"/>
                    <TextEquiv>
                        <Unicode>de</Unicode>
                    </TextEquiv>
                    <TextStyle fontFamily="Times New Roman" fontSize="6.5"/>
                </Word>
                <Word id="w_w2aab1b1b2b7b3ad111" language="English" custom="readingOrder {index:9;}">
                    <Coords points="1436,831 1535,831 1535,859 1436,859"/>
                    <TextEquiv>
                        <Unicode>forcer</Unicode>
                    </TextEquiv>
                    <TextStyle fontFamily="Times New Roman" fontSize="6.5"/>
                </Word>
                <Word id="w_w2aab1b1b2b7b3ad125" language="English" custom="readingOrder {index:10;}">
                    <Coords points="1554,833 1700,833 1700,860 1554,860"/>
                    <TextEquiv>
                        <Unicode>l’ennemi</Unicode>
                    </TextEquiv>
                    <TextStyle fontFamily="Times New Roman" fontSize="6.5"/>
                </Word>
                <Word id="w_w2aab1b1b2b7b3ad143" language="English" custom="readingOrder {index:11;}">
                    <Coords points="1722,836 1738,836 1738,861 1722,861"/>
                    <TextEquiv>
                        <Unicode>à</Unicode>
                    </TextEquiv>
                    <TextStyle fontFamily="Times New Roman" fontSize="6.5"/>
                </Word>
                <TextEquiv>
                    <Unicode>ne souffre aucune difficulté puisque c’est un moyen de forcer l’ennemi à</Unicode>
                </TextEquiv>
                <TextStyle fontFamily="Times New Roman" fontSize="6.5"/>
            </TextLine>
            <TextLine id="tl_9" primaryLanguage="English" custom="readingOrder {index:2;}">
                <Coords points="414,866 1738,866 1738,913 414,913"/>
                <Baseline points="414,895 492,896 620,897 665,896 781,903 878,897 913,898 999,899 1200,900 1291,902 1338,901 1424,902 1556,904 1738,906"/>
                <Word id="w_w2aab1b1b2b7b5ab1" language="English" custom="readingOrder {index:0;}">
                    <Coords points="414,876 492,876 492,896 414,896"/>
                    <TextEquiv>
                        <Unicode>nous</Unicode>
                    </TextEquiv>
                    <TextStyle fontFamily="Times New Roman" fontSize="6.5"/>
                </Word>
                <Word id="w_w2aab1b1b2b7b5ac11" language="English" custom="readingOrder {index:1;}">
                    <Coords points="508,867 620,867 620,897 508,897"/>
                    <TextEquiv>
                        <Unicode>rendre</Unicode>
                    </TextEquiv>
                    <TextStyle fontFamily="Times New Roman" fontSize="6.5"/>
                </Word>
                <Word id="w_w2aab1b1b2b7b5ac25" language="English" custom="readingOrder {index:2;}">
                    <Coords points="636,870 665,870 665,896 636,896"/>
                    <TextEquiv>
                        <Unicode>la</Unicode>
                    </TextEquiv>
                    <TextStyle fontFamily="Times New Roman" fontSize="6.5"/>
                </Word>
                <Word id="w_w2aab1b1b2b7b5ac31" language="English" custom="readingOrder {index:3;}">
                    <Coords points="682,869 781,869 781,904 682,904"/>
                    <TextEquiv>
                        <Unicode>place,</Unicode>
                    </TextEquiv>
                    <TextStyle fontFamily="Times New Roman" fontSize="6.5"/>
                </Word>
                <Word id="w_w2aab1b1b2b7b5ac45" language="English" custom="readingOrder {index:4;}">
                    <Coords points="798,871 878,871 878,898 798,898"/>
                    <TextEquiv>
                        <Unicode>ainsi</Unicode>
                    </TextEquiv>
                    <TextStyle fontFamily="Times New Roman" fontSize="6.5"/>
                </Word>
                <Word id="w_w2aab1b1b2b7b5ac57" language="English" custom="readingOrder {index:5;}">
                    <Coords points="894,872 913,872 913,898 894,898"/>
                    <TextEquiv>
                        <Unicode>il</Unicode>
                    </TextEquiv>
                    <TextStyle fontFamily="Times New Roman" fontSize="6.5"/>
                </Word>
                <Word id="w_w2aab1b1b2b7b5ac63" language="English" custom="readingOrder {index:6;}">
                    <Coords points="930,872 999,872 999,899 930,899"/>
                    <TextEquiv>
                        <Unicode>faut</Unicode>
                    </TextEquiv>
                    <TextStyle fontFamily="Times New Roman" fontSize="6.5"/>
                </Word>
                <Word id="w_w2aab1b1b2b7b5ac73" language="English" custom="readingOrder {index:7;}">
                    <Coords points="1016,872 1200,872 1200,907 1016,907"/>
                    <TextEquiv>
                        <Unicode>l’employer</Unicode>
                    </TextEquiv>
                    <TextStyle fontFamily="Times New Roman" fontSize="6.5"/>
                </Word>
                <Word id="w_w2aab1b1b2b7b5ac95" language="English" custom="readingOrder {index:8;}">
                    <Coords points="1216,882 1291,882 1291,902 1216,902"/>
                    <TextEquiv>
                        <Unicode>avec</Unicode>
                    </TextEquiv>
                    <TextStyle fontFamily="Times New Roman" fontSize="6.5"/>
                </Word>
                <Word id="w_w2aab1b1b2b7b5ad105" language="English" custom="readingOrder {index:9;}">
                    <Coords points="1308,875 1338,875 1338,901 1308,901"/>
                    <TextEquiv>
                        <Unicode>la</Unicode>
                    </TextEquiv>
                    <TextStyle fontFamily="Times New Roman" fontSize="6.5"/>
                </Word>
                <Word id="w_w2aab1b1b2b7b5ad111" language="English" custom="readingOrder {index:10;}">
                    <Coords points="1354,876 1424,876 1424,910 1354,910"/>
                    <TextEquiv>
                        <Unicode>plus</Unicode>
                    </TextEquiv>
                    <TextStyle fontFamily="Times New Roman" fontSize="6.5"/>
                </Word>
                <Word id="w_w2aab1b1b2b7b5ad121" language="English" custom="readingOrder {index:11;}">
                    <Coords points="1440,876 1556,876 1556,910 1440,910"/>
                    <TextEquiv>
                        <Unicode>grande</Unicode>
                    </TextEquiv>
                    <TextStyle fontFamily="Times New Roman" fontSize="6.5"/>
                </Word>
                <Word id="w_w2aab1b1b2b7b5ad135" language="English" custom="readingOrder {index:12;}">
                    <Coords points="1572,878 1738,878 1738,912 1572,912"/>
                    <TextEquiv>
                        <Unicode>vigueur...</Unicode>
                    </TextEquiv>
                    <TextStyle fontFamily="Times New Roman" fontSize="6.5"/>
                </Word>
                <TextEquiv>
                    <Unicode>nous rendre la place, ainsi il faut l’employer avec la plus grande vigueur...</Unicode>
                </TextEquiv>
                <TextStyle fontFamily="Times New Roman" fontSize="6.5"/>
            </TextLine>
            <TextLine id="tl_10" primaryLanguage="English" custom="readingOrder {index:3;}">
                <Coords points="414,913 1737,913 1737,958 414,958"/>
                <Baseline points="414,947 451,940 618,941 707,942 773,943 920,943 1005,944 1084,951 1182,946 1286,946 1372,946 1406,947 1549,949 1595,949 1650,949 1737,950"/>
                <Word id="w_w2aab1b1b2b7b7ab1" language="English" custom="readingOrder {index:0;}">
                    <Coords points="414,913 451,913 451,947 414,947"/>
                    <TextEquiv>
                        <Unicode>Je</Unicode>
                    </TextEquiv>
                    <TextStyle fontFamily="Times New Roman" fontSize="6.5"/>
                </Word>
                <Word id="w_w2aab1b1b2b7b7ab7" language="English" custom="readingOrder {index:1;}">
                    <Coords points="468,913 618,913 618,941 468,941"/>
                    <TextEquiv>
                        <Unicode>voudrais</Unicode>
                    </TextEquiv>
                    <TextStyle fontFamily="Times New Roman" fontSize="6.5"/>
                </Word>
                <Word id="w_w2aab1b1b2b7b7ac25" language="English" custom="readingOrder {index:2;}">
                    <Coords points="634,914 707,914 707,942 634,942"/>
                    <TextEquiv>
                        <Unicode>bien</Unicode>
                    </TextEquiv>
                    <TextStyle fontFamily="Times New Roman" fontSize="6.5"/>
                </Word>
                <Word id="w_w2aab1b1b2b7b7ac35" language="English" custom="readingOrder {index:3;}">
                    <Coords points="723,922 773,922 773,943 723,943"/>
                    <TextEquiv>
                        <Unicode>me</Unicode>
                    </TextEquiv>
                    <TextStyle fontFamily="Times New Roman" fontSize="6.5"/>
                </Word>
                <Word id="w_w2aab1b1b2b7b7ac41" language="English" custom="readingOrder {index:4;}">
                    <Coords points="792,919 920,919 920,944 792,944"/>
                    <TextEquiv>
                        <Unicode>trouver</Unicode>
                    </TextEquiv>
                    <TextStyle fontFamily="Times New Roman" fontSize="6.5"/>
                </Word>
                <Word id="w_w2aab1b1b2b7b7ac57" language="English" custom="readingOrder {index:5;}">
                    <Coords points="937,917 1005,917 1005,949 937,949"/>
                    <TextEquiv>
                        <Unicode>à.ce</Unicode>
                    </TextEquiv>
                    <TextStyle fontFamily="Times New Roman" fontSize="6.5"/>
                </Word>
                <Word id="w_w2aab1b1b2b7b7ac67" language="English" custom="readingOrder {index:6;}">
                    <Coords points="1021,917 1084,917 1084,951 1021,951"/>
                    <TextEquiv>
                        <Unicode>bal,</Unicode>
                    </TextEquiv>
                    <TextStyle fontFamily="Times New Roman" fontSize="6.5"/>
                </Word>
                <Word id="w_w2aab1b1b2b7b7ac77" language="English" custom="readingOrder {index:7;}">
                    <Coords points="1101,917 1182,917 1182,946 1101,946"/>
                    <TextEquiv>
                        <Unicode>mais</Unicode>
                    </TextEquiv>
                    <TextStyle fontFamily="Times New Roman" fontSize="6.5"/>
                </Word>
                <Word id="w_w2aab1b1b2b7b7ac87" language="English" custom="readingOrder {index:8;}">
                    <Coords points="1198,918 1286,918 1286,947 1198,947"/>
                    <TextEquiv>
                        <Unicode>étant</Unicode>
                    </TextEquiv>
                    <TextStyle fontFamily="Times New Roman" fontSize="6.5"/>
                </Word>
                <Word id="w_w2aab1b1b2b7b7ac99" language="English" custom="readingOrder {index:9;}">
                    <Coords points="1305,920 1372,920 1372,947 1305,947"/>
                    <TextEquiv>
                        <Unicode>seul</Unicode>
                    </TextEquiv>
                    <TextStyle fontFamily="Times New Roman" fontSize="6.5"/>
                </Word>
                <Word id="w_w2aab1b1b2b7b7ad109" language="English" custom="readingOrder {index:10;}">
                    <Coords points="1389,921 1406,921 1406,947 1389,947"/>
                    <TextEquiv>
                        <Unicode>à</Unicode>
                    </TextEquiv>
                    <TextStyle fontFamily="Times New Roman" fontSize="6.5"/>
                </Word>
                <Word id="w_w2aab1b1b2b7b7ad113" language="English" custom="readingOrder {index:11;}">
                    <Coords points="1423,920 1549,920 1549,949 1423,949"/>
                    <TextEquiv>
                        <Unicode>l’armée</Unicode>
                    </TextEquiv>
                    <TextStyle fontFamily="Times New Roman" fontSize="6.5"/>
                </Word>
                <Word id="w_w2aab1b1b2b7b7ad129" language="English" custom="readingOrder {index:12;}">
                    <Coords points="1566,922 1595,922 1595,956 1566,956"/>
                    <TextEquiv>
                        <Unicode>je</Unicode>
                    </TextEquiv>
                    <TextStyle fontFamily="Times New Roman" fontSize="6.5"/>
                </Word>
                <Word id="w_w2aab1b1b2b7b7ad135" language="English" custom="readingOrder {index:13;}">
                    <Coords points="1611,931 1650,931 1650,949 1611,949"/>
                    <TextEquiv>
                        <Unicode>ne</Unicode>
                    </TextEquiv>
                    <TextStyle fontFamily="Times New Roman" fontSize="6.5"/>
                </Word>
                <Word id="w_w2aab1b1b2b7b7ad141" language="English" custom="readingOrder {index:14;}">
                    <Coords points="1667,924 1737,924 1737,957 1667,957"/>
                    <TextEquiv>
                        <Unicode>puis</Unicode>
                    </TextEquiv>
                    <TextStyle fontFamily="Times New Roman" fontSize="6.5"/>
                </Word>
                <TextEquiv>
                    <Unicode>Je voudrais bien me trouver à.ce bal, mais étant seul à l’armée je ne puis</Unicode>
                </TextEquiv>
                <TextStyle fontFamily="Times New Roman" fontSize="6.5"/>
            </TextLine>
            <TextLine id="tl_11" primaryLanguage="English" custom="readingOrder {index:4;}">
                <Coords points="411,958 696,958 696,993 411,993"/>
                <Baseline points="411,984 496,985 649,986 696,983"/>
                <Word id="w_w2aab1b1b2b7b9ab1" language="English" custom="readingOrder {index:0;}">
                    <Coords points="411,959 496,959 496,985 411,985"/>
                    <TextEquiv>
                        <Unicode>m’en</Unicode>
                    </TextEquiv>
                    <TextStyle fontFamily="Times New Roman" fontSize="6.5"/>
                </Word>
                <Word id="w_w2aab1b1b2b7b9ac11" language="English" custom="readingOrder {index:1;}">
                    <Coords points="514,958 659,958 659,993 514,993"/>
                    <TextEquiv>
                        <Unicode>éloigner.</Unicode>
                    </TextEquiv>
                    <TextStyle fontFamily="Times New Roman" fontSize="6.5"/>
                </Word>
                <Word id="w_w2aab1b1b2b7b9b1b1" language="English" custom="readingOrder {index:2;}">
                    <Coords points="686,969 696,969 696,983 686,983"/>
                    <TextEquiv>
                        <Unicode>»</Unicode>
                    </TextEquiv>
                    <TextStyle fontFamily="Times New Roman" fontSize="4.0" italic="true"/>
                </Word>
                <TextEquiv>
                    <Unicode>m’en éloigner. »</Unicode>
                </TextEquiv>
            </TextLine>
            <TextEquiv>
                <Unicode>Il lui enjoint de bombarder le Quesnoy sans délai. « Le bombardement
ne souffre aucune difficulté puisque c’est un moyen de forcer l’ennemi à
nous rendre la place, ainsi il faut l’employer avec la plus grande vigueur...
Je voudrais bien me trouver à.ce bal, mais étant seul à l’armée je ne puis
m’en éloigner. »</Unicode>
            </TextEquiv>
        </TextRegion>
        <TextRegion type="paragraph" id="r_1_5" custom="readingOrder {index:5;}">
            <Coords points="262,1021 1737,1021 1737,1084 262,1084"/>
            <TextLine id="tl_12" primaryLanguage="English" custom="readingOrder {index:0;} textStyle {offset:0; length:5;fontSize:0.0; kerning:0; bold:true;}">
                <Coords points="263,1022 1736,1022 1736,1083 263,1083"/>
                <Baseline points="263,1060 286,1060 624,1063 1159,1074 1341,1068 1422,1069 1491,1069 1736,1062"/>
                <Word id="w_w2aab1b1b2b9b1ab1" language="English" custom="readingOrder {index:0;}">
                    <Coords points="263,1022 385,1022 385,1061 263,1061"/>
                    <TextEquiv>
                        <Unicode>88225</Unicode>
                    </TextEquiv>
                    <TextStyle fontFamily="Times New Roman" fontSize="9.5" bold="true"/>
                </Word>
                <Word id="w_w2aab1b1b2b9b1b1b3" language="English" custom="readingOrder {index:1;}">
                    <Coords points="414,1025 624,1025 624,1063 414,1063"/>
                    <TextEquiv>
                        <Unicode>GIRAUD</Unicode>
                    </TextEquiv>
                    <TextStyle fontFamily="Times New Roman" fontSize="9.5"/>
                </Word>
                <Word id="w_w2aab1b1b2b9b1b1c17" language="English" custom="readingOrder {index:2;}">
                    <Coords points="662,1026 1159,1026 1159,1078 662,1078"/>
                    <TextEquiv>
                        <Unicode>(Marc-Antoine-Alexis),</Unicode>
                    </TextEquiv>
                    <TextStyle fontFamily="Times New Roman" fontSize="9.5"/>
                </Word>
                <Word id="w_w2aab1b1b2b9b1b1c63" language="English" custom="readingOrder {index:3;}">
                    <Coords points="1180,1031 1341,1031 1341,1080 1180,1080"/>
                    <TextEquiv>
                        <Unicode>"député</Unicode>
                    </TextEquiv>
                    <TextStyle fontFamily="Times New Roman" fontSize="9.5"/>
                </Word>
                <Word id="w_w2aab1b1b2b9b1b1c79" language="English" custom="readingOrder {index:4;}">
                    <Coords points="1374,1034 1422,1034 1422,1070 1374,1070"/>
                    <TextEquiv>
                        <Unicode>de</Unicode>
                    </TextEquiv>
                    <TextStyle fontFamily="Times New Roman" fontSize="9.5"/>
                </Word>
                <Word id="w_w2aab1b1b2b9b1b1c85" language="English" custom="readingOrder {index:5;}">
                    <Coords points="1453,1034 1491,1034 1491,1069 1453,1069"/>
                    <TextEquiv>
                        <Unicode>la</Unicode>
                    </TextEquiv>
                    <TextStyle fontFamily="Times New Roman" fontSize="9.5"/>
                </Word>
                <Word id="w_w2aab1b1b2b9b1b1c91" language="English" custom="readingOrder {index:6;}">
                    <Coords points="1524,1034 1736,1034 1736,1072 1524,1072"/>
                    <TextEquiv>
                        <Unicode>Charente-</Unicode>
                    </TextEquiv>
                    <TextStyle fontFamily="Times New Roman" fontSize="9.5"/>
                </Word>
                <TextEquiv>
                    <Unicode>88225 GIRAUD (Marc-Antoine-Alexis), "député de la Charente-</Unicode>
                </TextEquiv>
            </TextLine>
            <TextEquiv>
                <Unicode>88225 GIRAUD (Marc-Antoine-Alexis), "député de la Charente-</Unicode>
            </TextEquiv>
        </TextRegion>
        <TextRegion type="paragraph" id="r_1_6" custom="readingOrder {index:6;}">
            <Coords points="486,1081 1736,1081 1736,1305 486,1305"/>
            <TextLine id="tl_13" primaryLanguage="English" custom="readingOrder {index:0;}">
                <Coords points="490,1082 1735,1082 1735,1140 490,1140"/>
                <Baseline points="490,1117 704,1119 759,1120 828,1120 1119,1130 1201,1122 1255,1124 1472,1125 1735,1117"/>
                <Word id="w_w2aab1b1b2c11b1ab1" language="English" custom="readingOrder {index:0;}">
                    <Coords points="490,1082 704,1082 704,1119 490,1119"/>
                    <TextEquiv>
                        <Unicode>Inférieure</Unicode>
                    </TextEquiv>
                    <TextStyle fontFamily="Times New Roman" fontSize="9.5"/>
                </Word>
                <Word id="w_w2aab1b1b2c11b1ac23" language="English" custom="readingOrder {index:1;}">
                    <Coords points="736,1084 759,1084 759,1120 736,1120"/>
                    <TextEquiv>
                        <Unicode>à</Unicode>
                    </TextEquiv>
                    <TextStyle fontFamily="Times New Roman" fontSize="9.5"/>
                </Word>
                <Word id="w_w2aab1b1b2c11b1ac27" language="English" custom="readingOrder {index:2;}">
                    <Coords points="789,1085 828,1085 828,1120 789,1120"/>
                    <TextEquiv>
                        <Unicode>la</Unicode>
                    </TextEquiv>
                    <TextStyle fontFamily="Times New Roman" fontSize="9.5"/>
                </Word>
                <Word id="w_w2aab1b1b2c11b1ac33" language="English" custom="readingOrder {index:3;}">
                    <Coords points="858,1084 1119,1084 1119,1130 858,1130"/>
                    <TextEquiv>
                        <Unicode>Convention,</Unicode>
                    </TextEquiv>
                    <TextStyle fontFamily="Times New Roman" fontSize="9.5"/>
                </Word>
                <Word id="w_w2aab1b1b2c11b1ac57" language="English" custom="readingOrder {index:4;}">
                    <Coords points="1151,1087 1201,1087 1201,1122 1151,1122"/>
                    <TextEquiv>
                        <Unicode>né</Unicode>
                    </TextEquiv>
                    <TextStyle fontFamily="Times New Roman" fontSize="9.5"/>
                </Word>
                <Word id="w_w2aab1b1b2c11b1ac63" language="English" custom="readingOrder {index:5;}">
                    <Coords points="1232,1088 1255,1088 1255,1124 1232,1124"/>
                    <TextEquiv>
                        <Unicode>à</Unicode>
                    </TextEquiv>
                    <TextStyle fontFamily="Times New Roman" fontSize="9.5"/>
                </Word>
                <Word id="w_w2aab1b1b2c11b1ac67" language="English" custom="readingOrder {index:6;}">
                    <Coords points="1286,1088 1472,1088 1472,1138 1286,1138"/>
                    <TextEquiv>
                        <Unicode>Coupeau</Unicode>
                    </TextEquiv>
                    <TextStyle fontFamily="Times New Roman" fontSize="9.5"/>
                </Word>
                <Word id="w_w2aab1b1b2c11b1ac83" language="English" custom="readingOrder {index:7;}">
                    <Coords points="1508,1090 1735,1090 1735,1137 1508,1137"/>
                    <TextEquiv>
                        <Unicode>(Charente-</Unicode>
                    </TextEquiv>
                    <TextStyle fontFamily="Times New Roman" fontSize="9.5"/>
                </Word>
                <TextEquiv>
                    <Unicode>Inférieure à la Convention, né à Coupeau (Charente-</Unicode>
                </TextEquiv>
                <TextStyle fontFamily="Times New Roman" fontSize="9.5"/>
            </TextLine>
            <TextLine id="tl_14" primaryLanguage="English" custom="readingOrder {index:1;}">
                <Coords points="489,1137 1734,1137 1734,1195 489,1195"/>
                <Baseline points="489,1173 731,1177 805,1166 864,1177 930,1185 1082,1178 1208,1178 1298,1180 1376,1182 1588,1183 1734,1173"/>
                <Word id="w_w2aab1b1b2c11b3ab1" language="English" custom="readingOrder {index:0;}">
                    <Coords points="489,1137 731,1137 731,1185 489,1185"/>
                    <TextEquiv>
                        <Unicode>Inférieure).</Unicode>
                    </TextEquiv>
                    <TextStyle fontFamily="Times New Roman" fontSize="9.5"/>
                </Word>
                <Word id="w_w2aab1b1b2c11b3ac27" language="English" custom="readingOrder {index:1;}">
                    <Coords points="754,1161 805,1161 805,1166 754,1166"/>
                    <TextEquiv>
                        <Unicode>—</Unicode>
                    </TextEquiv>
                    <TextStyle fontFamily="Times New Roman" fontSize="9.5"/>
                </Word>
                <Word id="w_w2aab1b1b2c11b3ac31" language="English" custom="readingOrder {index:2;}">
                    <Coords points="822,1140 864,1140 864,1177 822,1177"/>
                    <TextEquiv>
                        <Unicode>L.</Unicode>
                    </TextEquiv>
                    <TextStyle fontFamily="Times New Roman" fontSize="9.5"/>
                </Word>
                <Word id="w_w2aab1b1b2c11b3ac37" language="English" custom="readingOrder {index:3;}">
                    <Coords points="887,1154 930,1154 930,1185 887,1185"/>
                    <TextEquiv>
                        <Unicode>s.,</Unicode>
                    </TextEquiv>
                    <TextStyle fontFamily="Times New Roman" fontSize="9.5"/>
                </Word>
                <Word id="w_w2aab1b1b2c11b3ac45" language="English" custom="readingOrder {index:4;}">
                    <Coords points="952,1142 1082,1142 1082,1189 952,1189"/>
                    <TextEquiv>
                        <Unicode>signée</Unicode>
                    </TextEquiv>
                    <TextStyle fontFamily="Times New Roman" fontSize="9.5"/>
                </Word>
                <Word id="w_w2aab1b1b2c11b3ac59" language="English" custom="readingOrder {index:5;}">
                    <Coords points="1103,1142 1208,1142 1208,1179 1103,1179"/>
                    <TextEquiv>
                        <Unicode>aussi</Unicode>
                    </TextEquiv>
                    <TextStyle fontFamily="Times New Roman" fontSize="9.5"/>
                </Word>
                <Word id="w_w2aab1b1b2c11b3ac71" language="English" custom="readingOrder {index:6;}">
                    <Coords points="1225,1156 1298,1156 1298,1192 1225,1192"/>
                    <TextEquiv>
                        <Unicode>par</Unicode>
                    </TextEquiv>
                    <TextStyle fontFamily="Times New Roman" fontSize="9.5"/>
                </Word>
                <Word id="w_w2aab1b1b2c11b3ac79" language="English" custom="readingOrder {index:7;}">
                    <Coords points="1316,1156 1376,1156 1376,1182 1316,1182"/>
                    <TextEquiv>
                        <Unicode>ses</Unicode>
                    </TextEquiv>
                    <TextStyle fontFamily="Times New Roman" fontSize="9.5"/>
                </Word>
                <Word id="w_w2aab1b1b2c11b3ac87" language="English" custom="readingOrder {index:8;}">
                    <Coords points="1396,1146 1588,1146 1588,1193 1396,1193"/>
                    <TextEquiv>
                        <Unicode>collègues</Unicode>
                    </TextEquiv>
                    <TextStyle fontFamily="Times New Roman" fontSize="9.5"/>
                </Word>
                <Word id="w_w2aab1b1b2c11b3ad107" language="English" custom="readingOrder {index:9;}">
                    <Coords points="1609,1147 1734,1147 1734,1183 1609,1183"/>
                    <TextEquiv>
                        <Unicode>Bour¬</Unicode>
                    </TextEquiv>
                    <TextStyle fontFamily="Times New Roman" fontSize="9.5"/>
                </Word>
                <TextEquiv>
                    <Unicode>Inférieure). — L. s., signée aussi par ses collègues Bour¬</Unicode>
                </TextEquiv>
                <TextStyle fontFamily="Times New Roman" fontSize="9.5"/>
            </TextLine>
            <TextLine id="tl_15" primaryLanguage="English" custom="readingOrder {index:2;}">
                <Coords points="487,1193 1730,1193 1730,1251 487,1251"/>
                <Baseline points="488,1230 567,1230 636,1230 789,1239 850,1232 1050,1242 1202,1242 1246,1247 1458,1237 1529,1237 1627,1245 1671,1239 1730,1240"/>
                <Word id="w_w2aab1b1b2c11b5ab1" language="English" custom="readingOrder {index:0;}">
                    <Coords points="488,1194 567,1194 567,1230 488,1230"/>
                    <TextEquiv>
                        <Unicode>don</Unicode>
                    </TextEquiv>
                    <TextStyle fontFamily="Times New Roman" fontSize="9.5"/>
                </Word>
                <Word id="w_w2aab1b1b2c11b5ab9" language="English" custom="readingOrder {index:1;}">
                    <Coords points="589,1195 636,1195 636,1231 589,1231"/>
                    <TextEquiv>
                        <Unicode>de</Unicode>
                    </TextEquiv>
                    <TextStyle fontFamily="Times New Roman" fontSize="9.5"/>
                </Word>
                <Word id="w_w2aab1b1b2c11b5ac15" language="English" custom="readingOrder {index:2;}">
                    <Coords points="655,1194 789,1194 789,1239 655,1239"/>
                    <TextEquiv>
                        <Unicode>l’Oise,</Unicode>
                    </TextEquiv>
                    <TextStyle fontFamily="Times New Roman" fontSize="9.5"/>
                </Word>
                <Word id="w_w2aab1b1b2c11b5ac31" language="English" custom="readingOrder {index:3;}">
                    <Coords points="812,1200 850,1200 850,1232 812,1232"/>
                    <TextEquiv>
                        <Unicode>et</Unicode>
                    </TextEquiv>
                    <TextStyle fontFamily="Times New Roman" fontSize="9.5"/>
                </Word>
                <Word id="w_w2aab1b1b2c11b5ac37" language="English" custom="readingOrder {index:4;}">
                    <Coords points="871,1196 1050,1196 1050,1242 871,1242"/>
                    <TextEquiv>
                        <Unicode>Vardon;</Unicode>
                    </TextEquiv>
                    <TextStyle fontFamily="Times New Roman" fontSize="9.5"/>
                </Word>
                <Word id="w_w2aab1b1b2c11b5ac53" language="English" custom="readingOrder {index:5;}">
                    <Coords points="1074,1199 1202,1199 1202,1242 1074,1242"/>
                    <TextEquiv>
                        <Unicode>Brest,</Unicode>
                    </TextEquiv>
                    <TextStyle fontFamily="Times New Roman" fontSize="9.5"/>
                </Word>
                <Word id="w_w2aab1b1b2c11b5ac67" language="English" custom="readingOrder {index:6;}">
                    <Coords points="1223,1212 1246,1212 1246,1247 1223,1247"/>
                    <TextEquiv>
                        <Unicode>7</Unicode>
                    </TextEquiv>
                    <TextStyle fontFamily="Times New Roman" fontSize="9.5"/>
                </Word>
                <Word id="w_w2aab1b1b2c11b5ac71" language="English" custom="readingOrder {index:7;}">
                    <Coords points="1268,1201 1458,1201 1458,1238 1268,1238"/>
                    <TextEquiv>
                        <Unicode>messidor</Unicode>
                    </TextEquiv>
                    <TextStyle fontFamily="Times New Roman" fontSize="9.5"/>
                </Word>
                <Word id="w_w2aab1b1b2c11b5ac89" language="English" custom="readingOrder {index:8;}">
                    <Coords points="1479,1214 1529,1214 1529,1238 1479,1238"/>
                    <TextEquiv>
                        <Unicode>an</Unicode>
                    </TextEquiv>
                    <TextStyle fontFamily="Times New Roman" fontSize="9.5"/>
                </Word>
                <Word id="w_w2aab1b1b2c11b5ac95" language="English" custom="readingOrder {index:9;}">
                    <Coords points="1552,1202 1627,1202 1627,1245 1552,1245"/>
                    <TextEquiv>
                        <Unicode>III,</Unicode>
                    </TextEquiv>
                    <TextStyle fontFamily="Times New Roman" fontSize="9.5"/>
                </Word>
                <Word id="w_w2aab1b1b2c11b5ad105" language="English" custom="readingOrder {index:10;}">
                    <Coords points="1652,1214 1671,1214 1671,1239 1652,1239"/>
                    <TextEquiv>
                        <Unicode>1</Unicode>
                    </TextEquiv>
                    <TextStyle fontFamily="Times New Roman" fontSize="9.5"/>
                </Word>
                <Word id="w_w2aab1b1b2c11b5ad109" language="English" custom="readingOrder {index:11;}">
                    <Coords points="1692,1216 1730,1216 1730,1251 1692,1251"/>
                    <TextEquiv>
                        <Unicode>p.</Unicode>
                    </TextEquiv>
                    <TextStyle fontFamily="Times New Roman" fontSize="9.5"/>
                </Word>
                <TextEquiv>
                    <Unicode>don de l’Oise, et Vardon ; Brest, 7 messidor an III, 1 p.</Unicode>
                </TextEquiv>
                <TextStyle fontFamily="Times New Roman" fontSize="9.5"/>
            </TextLine>
            <TextLine id="tl_16" primaryLanguage="English" custom="readingOrder {index:3;}">
                <Coords points="487,1249 1732,1249 1732,1304 487,1304"/>
                <Baseline points="487,1284 527,1285 588,1274 597,1288 1655,1294 1675,1288 1732,1291"/>
                <Word id="w_w2aab1b1b2c11b7ab1" language="English" custom="readingOrder {index:0;}">
                    <Coords points="487,1249 571,1249 571,1297 487,1297"/>
                    <TextEquiv>
                        <Unicode>in-4</Unicode>
                    </TextEquiv>
                    <TextStyle fontFamily="Times New Roman" fontSize="9.5"/>
                </Word>
                <Word id="w_w2aab1b1b2c11b7b1b1" language="English" custom="readingOrder {index:1;}">
                    <Coords points="571,1255 588,1255 588,1274 571,1274"/>
                    <TextEquiv>
                        <Unicode>0</Unicode>
                    </TextEquiv>
                    <TextStyle fontFamily="Times New Roman" fontSize="9.5" superscript="true"/>
                </Word>
                <Word id="w_w2aab1b1b2c11b7b2b1" language="English" custom="readingOrder {index:2;}">
                    <Coords points="592,1281 597,1281 597,1288 592,1288"/>
                    <TextEquiv>
                        <Unicode>.</Unicode>
                    </TextEquiv>
                    <TextStyle fontFamily="Times New Roman" fontSize="9.5"/>
                </Word>
                <Word id="w_w2aab1b1b2c11b7b2b5" language="English" custom="readingOrder {index:3;}">
                    <Coords points="1609,1269 1655,1269 1655,1294 1609,1294"/>
                    <TextEquiv>
                        <Unicode>10</Unicode>
                    </TextEquiv>
                    <TextStyle fontFamily="Times New Roman" fontSize="9.5"/>
                </Word>
                <Word id="w_w2aab1b1b2c11b7b2c11" language="English" custom="readingOrder {index:4;}">
                    <Coords points="1669,1271 1675,1271 1675,1291 1669,1291"/>
                    <TextEquiv>
                        <Unicode>-</Unicode>
                    </TextEquiv>
                    <TextStyle fontFamily="Times New Roman" fontSize="9.5"/>
                </Word>
                <Word id="w_w2aab1b1b2c11b7b3b1" language="English" custom="readingOrder {index:5;}">
                    <Coords points="1717,1272 1732,1272 1732,1291 1717,1291"/>
                    <TextEquiv>
                        <Unicode>»</Unicode>
                    </TextEquiv>
                    <TextStyle fontFamily="Times New Roman" fontSize="9.5"/>
                </Word>
                <TextEquiv>
                    <Unicode>in-4°. 10 »</Unicode>
                </TextEquiv>
            </TextLine>
            <TextEquiv>
                <Unicode>Inférieure à la Convention, né à Coupeau (Charente-
Inférieure). — L. s., signée aussi par ses collègues Bour¬
don de l’Oise, et Vardon ; Brest, 7 messidor an III, 1 p.
in-4°. 10 »</Unicode>
            </TextEquiv>
        </TextRegion>
        <TextRegion type="paragraph" id="r_1_7" custom="readingOrder {index:7;}">
            <Coords points="411,1314 1736,1314 1736,1389 411,1389"/>
            <TextLine id="tl_17" primaryLanguage="English" custom="readingOrder {index:0;}">
                <Coords points="453,1315 1735,1315 1735,1360 453,1360"/>
                <Baseline points="453,1342 550,1343 605,1343 689,1343 784,1346 934,1347 1093,1352 1285,1349 1334,1350 1559,1352 1655,1351 1735,1353"/>
                <Word id="w_w2aab1b1b2c13b1ab1" language="English" custom="readingOrder {index:0;}">
                    <Coords points="453,1315 550,1315 550,1343 453,1343"/>
                    <TextEquiv>
                        <Unicode>Ordre</Unicode>
                    </TextEquiv>
                    <TextStyle fontFamily="Times New Roman" fontSize="6.5"/>
                </Word>
                <Word id="w_w2aab1b1b2c13b1ac13" language="English" custom="readingOrder {index:1;}">
                    <Coords points="568,1316 605,1316 605,1343 568,1343"/>
                    <TextEquiv>
                        <Unicode>de</Unicode>
                    </TextEquiv>
                    <TextStyle fontFamily="Times New Roman" fontSize="6.5"/>
                </Word>
                <Word id="w_w2aab1b1b2c13b1ac19" language="English" custom="readingOrder {index:2;}">
                    <Coords points="623,1316 689,1316 689,1344 623,1344"/>
                    <TextEquiv>
                        <Unicode>leur</Unicode>
                    </TextEquiv>
                    <TextStyle fontFamily="Times New Roman" fontSize="6.5"/>
                </Word>
                <Word id="w_w2aab1b1b2c13b1ac29" language="English" custom="readingOrder {index:3;}">
                    <Coords points="706,1316 784,1316 784,1346 706,1346"/>
                    <TextEquiv>
                        <Unicode>faire</Unicode>
                    </TextEquiv>
                    <TextStyle fontFamily="Times New Roman" fontSize="6.5"/>
                </Word>
                <Word id="w_w2aab1b1b2c13b1ac41" language="English" custom="readingOrder {index:4;}">
                    <Coords points="802,1319 934,1319 934,1347 802,1347"/>
                    <TextEquiv>
                        <Unicode>délivrer</Unicode>
                    </TextEquiv>
                    <TextStyle fontFamily="Times New Roman" fontSize="6.5"/>
                </Word>
                <Word id="w_w2aab1b1b2c13b1ac59" language="English" custom="readingOrder {index:5;}">
                    <Coords points="951,1320 1093,1320 1093,1352 951,1352"/>
                    <TextEquiv>
                        <Unicode>matelas,</Unicode>
                    </TextEquiv>
                    <TextStyle fontFamily="Times New Roman" fontSize="6.5"/>
                </Word>
                <Word id="w_w2aab1b1b2c13b1ac77" language="English" custom="readingOrder {index:6;}">
                    <Coords points="1112,1322 1285,1322 1285,1349 1112,1349"/>
                    <TextEquiv>
                        <Unicode>traversins</Unicode>
                    </TextEquiv>
                    <TextStyle fontFamily="Times New Roman" fontSize="6.5"/>
                </Word>
                <Word id="w_w2aab1b1b2c13b1ac99" language="English" custom="readingOrder {index:7;}">
                    <Coords points="1303,1325 1334,1325 1334,1350 1303,1350"/>
                    <TextEquiv>
                        <Unicode>et</Unicode>
                    </TextEquiv>
                    <TextStyle fontFamily="Times New Roman" fontSize="6.5"/>
                </Word>
                <Word id="w_w2aab1b1b2c13b1ad105" language="English" custom="readingOrder {index:8;}">
                    <Coords points="1354,1326 1559,1326 1559,1353 1354,1353"/>
                    <TextEquiv>
                        <Unicode>couvertures</Unicode>
                    </TextEquiv>
                    <TextStyle fontFamily="Times New Roman" fontSize="6.5"/>
                </Word>
                <Word id="w_w2aab1b1b2c13b1ad129" language="English" custom="readingOrder {index:9;}">
                    <Coords points="1575,1332 1655,1332 1655,1359 1575,1359"/>
                    <TextEquiv>
                        <Unicode>pour</Unicode>
                    </TextEquiv>
                    <TextStyle fontFamily="Times New Roman" fontSize="6.5"/>
                </Word>
                <Word id="w_w2aab1b1b2c13b1ad139" language="English" custom="readingOrder {index:10;}">
                    <Coords points="1667,1324 1735,1324 1735,1353 1667,1353"/>
                    <TextEquiv>
                        <Unicode>leur</Unicode>
                    </TextEquiv>
                    <TextStyle fontFamily="Times New Roman" fontSize="6.5"/>
                </Word>
                <TextEquiv>
                    <Unicode>Ordre de leur faire délivrer matelas, traversins et couvertures pour leur</Unicode>
                </TextEquiv>
                <TextStyle fontFamily="Times New Roman" fontSize="6.5"/>
            </TextLine>
            <TextLine id="tl_18" primaryLanguage="English" custom="readingOrder {index:1;}">
                <Coords points="412,1359 655,1359 655,1388 412,1388"/>
                <Baseline points="412,1386 655,1387"/>
                <Word id="w_w2aab1b1b2c13b3ab1" language="English" custom="readingOrder {index:0;}">
                    <Coords points="412,1359 655,1359 655,1388 412,1388"/>
                    <TextEquiv>
                        <Unicode>ameublement.</Unicode>
                    </TextEquiv>
                    <TextStyle fontFamily="Times New Roman" fontSize="6.5"/>
                </Word>
                <TextEquiv>
                    <Unicode>ameublement.</Unicode>
                </TextEquiv>
                <TextStyle fontFamily="Times New Roman" fontSize="6.5"/>
            </TextLine>
            <TextEquiv>
                <Unicode>Ordre de leur faire délivrer matelas, traversins et couvertures pour leur
ameublement.</Unicode>
            </TextEquiv>
        </TextRegion>
        <TextRegion type="paragraph" id="r_2_1" custom="readingOrder {index:8;}">
            <Coords points="619,2721 1345,2721 1345,2766 619,2766"/>
            <TextLine id="tl_19" primaryLanguage="English" custom="readingOrder {index:0;}">
                <Coords points="620,2722 1344,2722 1344,2765 620,2765"/>
                <Baseline points="620,2752 641,2752 850,2747 1155,2755 1344,2756"/>
                <Word id="w_w2aab1b3b2b1b1ab1" language="English" custom="readingOrder {index:0;}">
                    <Coords points="620,2724 788,2724 788,2753 620,2753"/>
                    <TextEquiv>
                        <Unicode>Chartres.</Unicode>
                    </TextEquiv>
                    <TextStyle fontFamily="Times New Roman" fontSize="7.5" bold="true"/>
                </Word>
                <Word id="w_w2aab1b3b2b1b1b1b1" language="English" custom="readingOrder {index:1;}">
                    <Coords points="812,2725 1071,2725 1071,2763 812,2763"/>
                    <TextEquiv>
                        <Unicode>—Imprimerie</Unicode>
                    </TextEquiv>
                    <TextStyle fontFamily="Times New Roman" fontSize="7.0"/>
                </Word>
                <Word id="w_w2aab1b3b2b1b1b2b1" language="English" custom="readingOrder {index:2;}">
                    <Coords points="1094,2726 1155,2726 1155,2755 1094,2755"/>
                    <TextEquiv>
                        <Unicode>Ed.</Unicode>
                    </TextEquiv>
                    <TextStyle fontFamily="Times New Roman" fontSize="7.0"/>
                </Word>
                <Word id="w_w2aab1b3b2b1b1b2b9" language="English" custom="readingOrder {index:3;}">
                    <Coords points="1179,2725 1344,2725 1344,2757 1179,2757"/>
                    <TextEquiv>
                        <Unicode>Garnier.</Unicode>
                    </TextEquiv>
                    <TextStyle fontFamily="Times New Roman" fontSize="7.0"/>
                </Word>
                <TextEquiv>
                    <Unicode>Chartres. — Imprimerie Ed. Garnier.</Unicode>
                </TextEquiv>
            </TextLine>
            <TextEquiv>
                <Unicode>Chartres. — Imprimerie Ed. Garnier.</Unicode>
            </TextEquiv>
        </TextRegion>
        <SeparatorRegion id="r_3" custom="readingOrder {index:9;}">
            <Coords points="1829,0 1933,0 1933,4 1829,4"/>
        </SeparatorRegion>
        <SeparatorRegion id="r_4" custom="readingOrder {index:10;}">
            <Coords points="788,1909 1184,1909 1184,1916 788,1916"/>
        </SeparatorRegion>
        <SeparatorRegion id="r_5" custom="readingOrder {index:11;}">
            <Coords points="250,2683 1719,2683 1719,2704 250,2704"/>
        </SeparatorRegion>
    </Page>
</PcGts>
