1855 3044
748 263 793 297 —
825 262 869 297 17
899 281 944 286 —

353 396 402 420 au
420 381 620 431 président
639 381 688 416 de
704 380 743 416 la
761 379 953 417 Chambre
972 378 1038 415 des
1057 377 1179 426 pairs;
1203 376 1343 424 (1834),
1364 386 1386 411 2
1405 387 1442 423 p.
1463 375 1546 422 in-4
1545 381 1564 400 0
1568 406 1576 413 .

1457 442 1504 467 10
1564 443 1581 464 »

318 507 343 534 Il
357 507 553 539 n’approuve
567 511 622 537 pas
637 502 740 529 l’arrêt
755 502 930 535 renvoyant
946 501 1063 527 devant
1079 499 1108 525 la
1124 498 1203 527 Cour
1218 498 1260 525 les
1276 497 1400 525 accusés
1416 496 1542 530 d’avril;
1553 494 1583 524 A

278 558 421 586 repousse
435 551 518 576 cette
533 546 702 582 procédure
716 548 746 572 et
760 546 859 573 refuse
874 546 911 572 de
924 545 972 578 s’y
985 543 1127 571 associer.

136 620 254 661 88149
281 614 518 656 O’MEARA
542 613 711 662 (Barry),
733 611 908 648 médecin
930 611 1089 659 anglais;
1112 610 1180 658 qui
1200 609 1331 646 donna
1351 621 1411 645 ses
1431 609 1535 645 soins
1558 607 1580 643 à

356 673 379 708 à
397 671 603 719 Napoléon
623 669 720 706 dans
738 668 793 704 les
810 666 1017 715 premières
1038 666 1179 702 années
1199 665 1247 701 de
1264 666 1303 701 la
1321 663 1512 711 captivité
1532 664 1580 699 de

357 725 671 764 Sainte-Hélène.
692 744 742 749 —
757 722 798 759 L.
820 735 852 760 a.
873 735 900 759 s.
914 734 922 765 ;
941 732 988 768 23
1005 721 1226 770 septembre
1244 719 1353 766 1835,
1373 730 1395 755 2
1411 731 1449 767 p.
1469 719 1553 764 in-4
1551 723 1568 742 0
1573 748 1580 754 .

1461 783 1505 820 25
1568 785 1584 806 »

140 865 257 905 88150
283 854 526 901 ORLÉANS
548 858 724 907 (Gaston,
743 858 818 893 duc
835 856 902 903 d’),
920 856 954 892 le
971 855 1069 892 frère
1086 855 1133 890 de
1150 853 1266 890 Louis
1284 851 1401 888 XIII.
1423 872 1473 877 —
1487 850 1528 887 L.
1550 862 1582 887 a.

359 930 387 954 s.
416 917 439 952 à
463 915 576 951 Anne
602 912 847 954 d’Autriche;
876 921 920 958 25
947 910 1043 958 juin,
1072 921 1090 945 1
1116 921 1153 957 p.
1182 909 1263 954 in-4
1263 913 1280 932 0
1284 939 1291 952 ,
1319 908 1484 944 adresse.
1513 906 1585 941 Les

360 974 464 1009 deux
481 970 651 1007 feuillets
669 972 759 1005 sont
777 968 942 1015 séparés.
1465 971 1512 1007 50
1574 973 1589 993 »

325 1040 351 1067 Il
367 1038 480 1067 s’élève
496 1039 606 1064 contre
622 1036 665 1062 les
681 1036 828 1068 rapports
845 1033 896 1068 qui
914 1033 942 1059 le
957 1032 1170 1066 représentent
1189 1029 1378 1057 faisant.des
1394 1029 1501 1055 choses
1517 1034 1589 1053 con¬

286 1084 395 1112 traires
411 1083 428 1110 à
443 1090 476 1109 sa
492 1080 628 1108 volonté.
649 1080 671 1106 Il
687 1080 716 1106 la
730 1078 850 1113 supplie
866 1078 902 1104 de
917 1076 1014 1104 croire
1029 1075 1104 1110 qu’il
1120 1073 1306 1102 affectionne
1321 1076 1391 1106 trop
1408 1073 1434 1099 le
1450 1070 1589 1098 cardinal

287 1127 445 1164 [Mazarin]
464 1134 543 1161 pour
560 1133 599 1152 ne
616 1132 672 1159 pas
689 1123 852 1157 empêcher
869 1129 918 1148 ces
935 1121 1041 1148 choses
1058 1119 1097 1147 de
1113 1121 1219 1146 toutes
1235 1126 1284 1145 ses
1301 1117 1409 1144 forces.
1430 1126 1441 1139 ->
1458 1115 1539 1142 C’est
1557 1122 1590 1142 ce

288 1182 347 1208 que
365 1172 431 1206 j’ay
446 1171 559 1204 chargé
575 1169 603 1196 le
619 1168 717 1203 grand
733 1166 955 1194 commandeur
972 1165 1009 1192 de
1026 1172 1104 1191 vous
1124 1162 1198 1190 faire
1215 1162 1363 1189 entendre
1380 1158 1591 1194 particulière^

288 1219 373 1245 ment
388 1219 419 1243 et
435 1216 472 1242 de
487 1221 566 1242 vous
582 1221 704 1240 aseurer
719 1220 778 1245 que
792 1211 821 1245 je
834 1210 897 1237 n’ai
912 1209 1000 1244 point
1016 1208 1139 1235 cl’autre
1154 1206 1278 1240 passion
1293 1213 1332 1232 au
1347 1204 1461 1232 monde
1477 1211 1536 1237 que
1552 1203 1589 1230 de

290 1261 384 1297 plaire
399 1260 416 1288 à
429 1262 520 1286 votre
534 1257 674 1291 Majesté.
689 1267 701 1281 »

148 1336 264 1375 88151
291 1326 535 1372 ORLÉANS
560 1323 997 1379 (Élisabeth-Charlotte
1019 1324 1067 1361 de
1089 1321 1292 1365 Bavière,
1316 1321 1503 1357 duchesse
1525 1319 1594 1365 cl’),

368 1389 449 1426 dite
464 1389 503 1424 la
517 1386 716 1424 Princesse
729 1382 919 1425 Palatine,
936 1382 1041 1417 mère
1057 1380 1110 1416 du
1126 1378 1291 1425 Régent.
1310 1398 1360 1402 —
1374 1376 1415 1412 L.
1435 1387 1468 1412 a.
1486 1387 1531 1417 s.,
1548 1383 1597 1409 en

368 1443 549 1491 français,
584 1442 607 1477 à
638 1441 677 1477 la
710 1439 898 1475 duchesse
930 1437 977 1472 de
1010 1434 1240 1470 Ventadour
1273 1431 1412 1479 qu’elle
1447 1429 1596 1477 appelle

371 1495 474 1536 Belle
492 1497 657 1534 D.ondon
671 1507 685 1531 :
696 1494 826 1532 Marlv
832 1524 837 1530 .
855 1490 1044 1527 mercredi
1061 1500 1107 1525 10
1125 1488 1220 1524 août
1241 1486 1380 1534 (1701),
1401 1495 1446 1520 10
1463 1485 1599 1519 heures

371 1560 410 1592 et
435 1554 562 1591 demie
586 1553 640 1588 du
665 1550 803 1591 matin,
829 1558 854 1594 4
877 1560 913 1595 p.
941 1546 1024 1593 in-4
1023 1550 1041 1568 0
1045 1576 1051 1581 .
1077 1543 1240 1590 Légères
1265 1539 1497 1577 déchirures.

1453 1602 1527 1638 350
1587 1603 1603 1623 »

335 1678 422 1705 Très
437 1676 686 1703 intéressante
700 1671 824 1699 lettre
837 1670 926 1696 toute
937 1664 1071 1694 relative
1085 1664 1102 1691 à
1115 1664 1144 1690 la
1159 1661 1294 1689 maladie
1309 1660 1346 1687 de
1360 1659 1388 1686 la
1402 1659 1550 1685 duchesse
1564 1657 1602 1683 de

299 1724 490 1757 Bourgogne.
514 1735 555 1738 —
577 1729 587 1742 «
611 1719 655 1745 La
677 1715 770 1744 fièvre
791 1722 830 1741 ne
853 1713 893 1740 l’a
915 1719 971 1747 pas
995 1709 1116 1745 quittée
1137 1705 1246 1741 depuis
1268 1703 1442 1732 dimanche.
1467 1701 1532 1728 Elle
1553 1700 1601 1727 fut

296 1768 420 1802 saignée
438 1765 504 1793 hier
521 1772 563 1791 au
580 1763 643 1790 soir
660 1768 740 1796 pour
756 1760 787 1786 la
804 1756 956 1792 première
973 1754 1033 1782 fois
1051 1754 1092 1781 de.
1106 1760 1141 1779 sa
1158 1751 1220 1778 vie.
1240 1747 1379 1776 D’abord
1397 1755 1437 1774 on
1456 1754 1474 1772 a
1492 1744 1605 1772 trouvé

300 1820 358 1846 que
375 1810 440 1838 cela
457 1808 567 1837 l’avoit
585 1806 738 1840 soulagée,
755 1802 835 1830 mais
851 1801 880 1836 je
896 1800 985 1827 viens
1004 1795 1211 1832 d’apprendre
1231 1802 1290 1827 que
1307 1792 1336 1819 la
1352 1791 1422 1819 nuit
1440 1798 1458 1817 a
1474 1789 1523 1817 été
1541 1787 1603 1815 très

299 1854 471 1885 mauvaise,
486 1853 545 1881 M“
547 1856 559 1870 e
572 1852 611 1879 de
624 1850 808 1878 Maintenon
822 1855 843 1881 y
855 1854 872 1873 a
886 1844 950 1872 esté
962 1844 1089 1877 jusques
1102 1841 1121 1868 à
1131 1839 1206 1873 cinq
1217 1838 1327 1866 heures
1340 1836 1383 1863 du
1394 1834 1495 1862 matin
1509 1833 1604 1868 qu’on

301 1909 318 1927 a
334 1900 398 1928 esté
414 1898 515 1933 obligé
533 1897 703 1928 d’envoyer
719 1891 821 1927 quérir
837 1891 864 1918 le
883 1890 953 1923 Roy
967 1894 1046 1922 pour
1061 1884 1199 1919 l’obliger
1216 1882 1233 1910 à
1248 1881 1379 1916 prendre
1396 1887 1438 1906 un
1453 1877 1601 1905 bouillon.

304 1944 369 1972 Elle
387 1952 427 1971 ne
447 1944 521 1970 veut
539 1942 605 1969 rien
624 1937 756 1975 prendre
775 1938 806 1964 et
826 1935 872 1963 dit
894 1933 924 1968 (à
942 1940 975 1959 ce
995 1939 1054 1966 que
1074 1937 1139 1957 mes
1159 1934 1231 1962 gens
1250 1927 1350 1953 m’ont
1370 1922 1487 1956 contés)
1510 1922 1607 1957 qu’on

301 1990 330 2016 la
346 1989 438 2016 laisse
455 1986 573 2014 mourir
589 1993 627 2012 en
642 1983 726 2018 paix.
744 1981 776 2008 M
783 1983 819 1999 m0
834 1980 873 2007 de
889 1976 1073 2005 Maintenon
1088 1972 1183 2001 estoit
1198 1973 1270 1998 tout
1286 1977 1324 1997 en
1340 1969 1436 1995 larme
1452 1965 1525 2001 déjà
1539 1965 1609 1993 hier

265 2041 269 2044 '
302 2042 341 2061 au
361 2033 432 2060 soir.
456 2032 495 2066 Je
515 2039 554 2057 ne
575 2029 654 2056 crois
675 2034 731 2062 pas
753 2024 828 2060 qu’il
848 2023 908 2051 soit
930 2019 1062 2056 possible
1084 2018 1178 2052 qu’on
1199 2015 1305 2050 puisse
1323 2014 1462 2047 reporter
1482 2010 1514 2037 M
1520 2012 1556 2028 me
1576 2009 1604 2035 la
1617 2008 1621 2012 '

303 2078 452 2105 duchesse
468 2077 505 2103 de
523 2075 707 2108 Bourgogne
722 2068 840 2098 samedi
857 2067 875 2095 à
890 2064 1088 2094 Versailles...
1104 2072 1115 2087 »

159 2150 278 2189 88152
305 2148 549 2187 PASTEUR
569 2144 729 2195 (Louis),
745 2142 924 2179 l’illustre
940 2138 1094 2175 savant.
1114 2154 1165 2160 —
1178 2133 1220 2169 L.
1242 2144 1274 2168 a.
1294 2142 1323 2167 s.
1343 2130 1366 2166 à
1382 2128 1433 2166 M.
1454 2126 1608 2168 Reiset;

380 2205 502 2247 Paris,
517 2214 563 2240 21
578 2201 706 2249 juillet
721 2198 866 2245 1887,1
879 2208 919 2244 p.
935 2192 1045 2230 in-8°.
1463 2193 1535 2219 100
1594 2194 1611 2214 »

345 2272 454 2300 Lettre
470 2270 602 2298 relative
620 2268 638 2295 à
654 2275 711 2294 son
729 2263 861 2292 élection
879 2262 917 2289 de
932 2257 1097 2288 secrétaire
1114 2252 1275 2290 perpétuel
1294 2251 1331 2279 de
1350 2248 1538 2278 l’Académie
1557 2248 1610 2275 des

305 2316 456 2345 Sciences.
472 2315 498 2342 Il
512 2312 615 2341 aurait
630 2311 672 2339 dû
685 2309 831 2345 persister
843 2306 921 2334 dans
934 2305 961 2331 le
973 2302 1056 2331 refus
1069 2301 1106 2328 de
1120 2307 1169 2327 ces
1182 2297 1347 2328 fonctions,
1360 2294 1440 2322 mais
1453 2293 1609 2320 comment

304 2360 428 2389 résister
451 2360 470 2387 à
492 2359 531 2386 de
553 2358 578 2386 si
601 2356 804 2384 nombreuses
826 2354 858 2379 et
881 2350 907 2377 si
928 2347 1122 2382 obligeantes
1143 2340 1375 2372 sollicitations;
1399 2338 1418 2364 il
1442 2337 1510 2365 dira
1533 2336 1611 2362 dans

305 2413 361 2433 son
378 2403 613 2433 remerciement
632 2401 675 2427 les
693 2398 812 2426 raisons
832 2395 884 2430 qui
903 2394 980 2420 l’ont
999 2390 1116 2420 décidé.
1139 2388 1185 2416 On
1215 2394 1233 2413 a
1262 2384 1342 2419 joint
1361 2390 1421 2411 une
1451 2381 1543 2408 lettre
1574 2379 1611 2406 de

308 2450 339 2477 M
346 2453 381 2469 me
398 2450 528 2476 Pasteur
542 2446 672 2474 relative
687 2451 727 2471 au
742 2441 843 2470 même
857 2439 955 2473 objet.

162 2523 282 2562 88153
309 2520 554 2560 PASTEUR
575 2516 733 2567 (Louis).
754 2536 805 2541 —
821 2519 859 2550 i°
885 2509 1075 2561 Apostille
1093 2509 1173 2544 aut.
1193 2505 1260 2551 sig.
1281 2513 1328 2539 en
1346 2510 1478 2546 marge
1495 2496 1613 2534 d’une

385 2579 520 2620 lettre;
547 2575 669 2617 Paris,
696 2582 743 2620 29
767 2567 980 2607 novembre
1006 2563 1115 2606 1888,
1139 2571 1164 2608 4
1186 2573 1224 2608 p.
1251 2559 1334 2603 in-4
1332 2562 1350 2581 0
1354 2588 1360 2593 .

351 2644 459 2672 Lettre
476 2643 571 2670 d’une
588 2639 755 2668 habitante
771 2634 901 2665 notable
919 2633 958 2661 de
977 2632 1052 2664 Pau,
1071 2628 1124 2664 qui
1141 2623 1324 2655 demandait
1344 2632 1361 2650 a
1381 2621 1510 2648 Pasteur
1530 2618 1567 2645 de
1586 2616 1617 2643 la

313 2689 412 2726 guérir
429 2689 522 2715 d’une
538 2686 668 2714 névrose
687 2682 739 2718 qui
756 2682 786 2708 la
803 2677 980 2708 conduisait
998 2683 1036 2703 au
1055 2673 1213 2701 tombeau.
