1822 2991
226 392 326 413 merce
340 379 500 410 maritime
515 386 559 405 un.
573 383 634 410 peu
648 374 765 408 malgré
780 372 807 400 le
822 369 1077 407 gouvernement,
1093 366 1146 402 qui
1156 374 1195 393 ne
1205 373 1237 393 se
1246 366 1315 392 sent
1330 370 1386 397 pas
1400 362 1429 390 la
1443 362 1525 390 force

224 432 262 459 de
277 425 419 457 soutenir
435 422 646 451 efficacement
664 419 745 446 leurs
761 415 948 450 entreprises
963 423 970 449 ;
993 414 1078 440 cette
1099 410 1239 438 attitude
1259 407 1356 435 attira
1373 415 1413 434 au
1429 405 1522 440 prési¬

225 476 300 502 dent
314 471 468 506 Jefferson
476 462 751 494 l’animadversion
764 461 803 489 de
815 461 844 487 la
856 459 954 487 classe
965 457 1195 490 commerçante
1207 455 1239 481 et
1246 453 1283 480 de
1296 452 1326 479 la
1338 450 1520 486 population

226 520 269 547 du
286 514 417 544 littoral.
439 513 465 539 Il
483 509 601 546 signale
626 508 653 536 le
677 507 729 542 jeu
747 506 786 533 de
803 503 1005 538 l’Angleterre
1023 500 1077 535 qui
1094 498 1194 527 excite
1211 498 1255 525 les
1271 497 1354 525 états
1371 497 1478 523 contre
1494 493 1521 521 le

227 559 471 598 gouvernement
488 554 616 583 suivant
632 552 677 580 les
692 551 922 579 circonstances
938 548 970 574 et
985 554 1034 573 ses
1049 543 1187 572 intérêts,
1195 544 1227 569 et
1244 539 1390 575 empêche
1405 538 1525 567 ensuite

228 609 257 635 la
276 602 448 633 formation
467 600 543 628 d’un
562 598 637 633 plan
656 598 688 624 et
708 595 802 622 d’une
820 593 902 627 ligne
921 591 959 619 de
977 589 1125 617 conduite
1145 587 1214 619 fixe,
1234 585 1313 613 mais
1331 592 1381 612 ces
1398 582 1484 616 faits,
1501 582 1527 608 si

229 646 434 686 regrettables
449 645 467 672 à
479 642 617 673 certains
631 640 751 676 égards,
766 639 904 673 peuvent
919 635 1007 663 avoir
1022 633 1169 668 quelques
1182 631 1304 665 aspects
1319 629 1525 662 avantageux.

230 697 275 724 La
289 693 424 722 richesse
439 690 477 716 de
492 687 697 722 l’Angleterre
711 686 742 711 et
757 682 833 711 celle
848 681 887 709 de
901 678 1091 712 l’Amérique
1104 678 1174 704 sont
1190 674 1297 703 basées
1309 681 1363 700 sur
1377 672 1431 699 des
1444 671 1525 706 prin¬

229 741 313 774 cipes
324 734 472 772 opposés;
486 731 743 767 l’Angleterrerre
754 730 830 762 peut
841 734 875 753 se
886 722 1056 752 maintenir
1068 729 1126 756 que
1138 728 1195 755 par
1205 720 1233 746 le
1244 717 1389 746 domaine
1400 714 1529 743 exclusif

230 784 269 812 de
285 782 314 810 là
330 789 411 813 mer;
428 776 619 810 l’Amérique
634 782 674 802 ne
689 775 765 808 peut
781 777 945 799 conserver
960 776 1008 795 ses
1024 767 1111 794 biens
1127 768 1158 792 et
1173 764 1217 792 les
1233 761 1381 790 accroître
1398 768 1457 794 que
1472 766 1529 794 par

230 836 293 856 une
306 823 490 860 navigation
505 818 748 854 indépendante.
765 814 927 847 L’intérêt,
940 811 1055 840 mobile
1069 810 1108 837 de
1121 809 1151 836 la
1164 807 1216 835 vie
1229 807 1284 835 des
1298 807 1390 837 états,
1404 811 1529 838 rompra

232 876 304 900 tous
318 871 362 898 les
377 865 614 902 arrangements
629 871 690 897 que
704 862 767 888 l’on
781 865 896 895 pourra
910 856 1052 892 prendre,
1069 863 1080 882 «
1094 856 1125 882 et
1140 853 1170 880 la
1184 850 1334 882 discorde,
1348 851 1380 877 et
1394 856 1455 875 une
1469 847 1528 874 dis¬

233 916 325 945 corde
340 912 497 944 éternelle,
513 909 648 938 éclatera
663 906 746 934 enfin
761 906 848 932 entre
863 903 917 930 des
931 900 1059 936 peuples
1074 897 1149 933 qu’il
1163 898 1210 924 est
1224 893 1401 930 impossible
1415 893 1528 919 d’asso¬

232 962 295 989 cier
311 958 498 987 solidement
517 957 548 982 et
567 961 644 980 avec
662 950 766 983 durée,
785 949 803 976 à
820 947 922 975 moins
941 954 1000 980 que
1016 944 1082 971 l’un
1097 941 1276 970 n’établisse
1293 945 1372 973 pour
1389 937 1530 970 toujours

235 1000 278 1034 l'es
291 1002 391 1032 droits
405 1002 444 1029 de
457 1007 492 1028 sa
504 996 690 1033 supériorité
704 997 735 1022 et
750 1002 810 1028 que
823 993 935 1019 l’autre
948 998 987 1017 ne
1000 988 1147 1017 consente
1161 986 1179 1013 à
1191 986 1235 1012 les
1247 981 1453 1011 reconnaître.
1465 989 1478 1003 »
1492 979 1534 1006 Le

236 1047 480 1085 gouvernement
498 1042 601 1071 actuel
618 1041 673 1068 des
687 1036 875 1067 Etats-Unis
892 1043 910 1062 a
927 1035 981 1063 des
996 1040 1073 1060 vues
1088 1030 1280 1065 supérieures
1296 1027 1315 1054 à
1329 1025 1448 1060 l’esprit
1464 1026 1495 1051 et
1514 1023 1532 1049 à

235 1093 385 1122 l’instinct
403 1088 546 1117 national
562 1086 617 1114 des
632 1084 760 1120 peuples
777 1081 852 1117 qu’il
868 1086 1032 1115 gouverne.
1051 1076 1082 1104 Si
1097 1075 1125 1102 le
1141 1073 1383 1110 gouvernement
1399 1067 1533 1103 français

236 1137 345 1166 l’avait
366 1135 464 1163 voulu
485 1133 506 1160 il
527 1134 574 1160 est
594 1129 714 1158 certain
735 1136 794 1163 que
814 1124 1003 1157 l’Amérique
1021 1130 1055 1149 se
1073 1119 1168 1148 serait
1188 1118 1300 1151 rangée
1321 1115 1339 1143 à
1358 1114 1429 1142 côté
1448 1112 1487 1140 de
1507 1111 1536 1137 la

238 1184 356 1211 France
373 1179 484 1214 depuis
500 1177 686 1210 longtemps.
705 1172 746 1199 M.
764 1168 971 1198 d’Hauterive
988 1164 1147 1201 préconise
1163 1163 1192 1189 la
1209 1159 1431 1189 bienveillance
1448 1165 1486 1188 en
1503 1163 1537 1182 ce

239 1227 293 1262 qui
304 1232 455 1255 concerne
469 1219 683 1256 l’application
697 1217 740 1244 du
752 1216 860 1244 blocus
875 1213 893 1241 à
905 1210 1023 1247 l’égard
1036 1210 1090 1237 des
1103 1206 1309 1238 Américains;
1324 1204 1345 1230 il
1357 1203 1426 1230 faut
1439 1200 1536 1227 main¬

239 1271 321 1299 tenir
336 1279 372 1298 ce
387 1269 505 1299 blocus,
522 1262 671 1301 puisqu’il
685 1263 766 1289 n’est
784 1260 899 1294 qu’une
914 1254 1090 1291 représaille
1105 1253 1147 1280 du
1163 1249 1301 1285 système
1316 1246 1445 1282 anglais,
1460 1243 1540 1272 mais

241 1317 260 1343 il
272 1323 311 1343 en
323 1315 391 1341 faut
405 1321 444 1340 en
457 1310 586 1339 adoucir
596 1309 640 1336 les
651 1306 879 1340 conséquences
889 1299 1035 1329 vis-à-vis
1045 1298 1100 1326 des
1111 1294 1314 1326 Américains,
1327 1292 1365 1320 de
1377 1291 1468 1325 façon
1481 1296 1541 1322 que

240 1362 311 1388 tout
324 1358 462 1386 l’odieux
475 1355 515 1383 de
527 1356 612 1383 cette
624 1358 732 1386 guerre
742 1344 885 1377 retombe
897 1353 951 1373 sur
961 1343 1165 1378 l’Angleterre
1177 1342 1208 1367 et
1222 1347 1282 1373 que
1294 1337 1337 1364 les
1349 1333 1541 1363 Américains

238 1413 271 1433 se
287 1404 420 1439 rangent
440 1401 458 1429 à
474 1408 531 1428 nos
548 1398 643 1426 côtés.

96 1472 218 1512 88188
242 1464 491 1510 ALGÉRIE.
513 1488 564 1493 —
579 1464 623 1502 L.
644 1464 674 1501 s.
697 1461 745 1499 de
763 1461 939 1497 Casimir
956 1455 1127 1492 Périer.
1148 1447 1325 1487 ministre
1345 1445 1393 1482 de
1409 1443 1547 1481 l’Inté¬

317 1528 432 1568 rieur,
462 1535 513 1560 au
538 1520 667 1570 préfet
694 1519 748 1555 du
774 1515 902 1556 Nord;
932 1511 1054 1552 Paris,
1082 1518 1107 1554 4
1132 1505 1294 1543 octobre
1321 1501 1431 1547 1831,
1458 1509 1482 1544 3
1508 1509 1545 1545 p.

318 1581 481 1627 in-folio.
1535 1564 1554 1582 H

286 1646 747 1686 Lettve-retarTvCâupassage
765 1653 803 1672 en
820 1642 940 1678 Algérie
958 1641 996 1667 de
1011 1638 1116 1666 colons
1133 1633 1304 1662 allemands
1321 1631 1374 1666 qui
1390 1628 1549 1656 voulaient

251 1703 314 1731 fuir
329 1702 359 1729 la
372 1698 485 1728 misère
500 1699 532 1724 et
549 1696 577 1723 le
592 1693 730 1724 choléra;
758 1690 785 1717 le
817 1686 960 1715 ministre
976 1693 998 1719 y
1012 1685 1058 1712 est
1074 1679 1199 1716 opposé.
1219 1678 1230 1704 «
1246 1677 1271 1703 Il
1286 1677 1333 1704 est
1349 1673 1475 1702 évident
1492 1679 1550 1705 que

253 1748 425 1783 permettre
442 1738 669 1776 l’importation
686 1737 723 1763 de
739 1736 823 1763 cette
845 1728 1016 1759 multitude
1038 1726 1227 1757 d’étrangers
1248 1720 1341 1748 serait
1363 1716 1447 1745 ravir
1464 1716 1482 1743 à
1495 1722 1551 1742 nos

248 1790 475 1825 compatriotes
491 1786 519 1814 le
541 1792 602 1819 peu
619 1783 787 1814 d’ouvrage
818 1775 893 1811 qu’il
919 1773 980 1802 soit
998 1770 1131 1806 possible
1148 1768 1185 1795 de
1215 1768 1342 1793 trouver
1359 1763 1376 1789 à
1392 1761 1493 1796 Alger,
1511 1766 1552 1787 ou

249 1837 370 1864 donner
386 1830 613 1869 gratuitement
638 1834 698 1854 aux
713 1829 847 1859 pauvres
883 1819 920 1847 de
952 1817 1155 1848 l’Allemagne
1182 1812 1235 1838 des
1263 1814 1387 1837 secours
1402 1813 1461 1840 que
1474 1810 1552 1831 nous

251 1881 371 1909 devons
386 1877 424 1906 de
439 1875 615 1912 préférence
633 1879 695 1898 aux
713 1866 888 1903 régnicoles.
908 1873 918 1888 >>

104 1949 226 1989 88189
252 1944 477 1986 GUERRE
491 1942 565 1980 DE
581 1940 688 1986 1870.
706 1957 755 1963 —
767 1934 809 1971 L.
827 1946 855 1970 s.
872 1931 925 1968 du
941 1926 1095 1977 général
1109 1922 1294 1964 Schmitz,
1309 1918 1399 1956 chef
1412 1916 1556 1954 d’état-

327 2002 456 2049 major
486 1996 642 2047 général
673 1994 725 2030 du
757 1997 1001 2040 gouverneur
1032 1983 1080 2019 de
1111 1979 1233 2021 Paris,
1265 1977 1289 2013 à
1320 1973 1553 2013 Gambetta;

328 2057 451 2100 Paris,
477 2065 500 2104 9
523 2050 746 2101 septembre
770 2045 879 2092 1870,
906 2053 926 2078 1
951 2052 988 2089 p.
1015 2036 1177 2075 in-folio.
1434 2038 1482 2064 20
1542 2039 1557 2058 »

297 2125 322 2152 Il
337 2124 381 2151 lui
394 2122 473 2150 rend
486 2120 612 2153 compte
628 2116 724 2151 qu’un
738 2114 873 2142 homme,
888 2107 965 2136 sorti
978 2105 1017 2134 de
1031 2102 1219 2135 Strasbourg
1231 2099 1259 2126 le
1273 2106 1292 2131 4
1304 2097 1445 2126 courant,
1460 2100 1479 2120 a
1491 2092 1557 2127 pré¬

256 2177 339 2197 venu
355 2169 381 2195 le
396 2165 555 2201 capitaine
569 2160 698 2192 Uhrich,
712 2158 760 2186 fils
773 2157 816 2183 du
830 2152 952 2189 général
964 2146 1187 2178 commandant
1202 2144 1220 2171 à
1233 2141 1430 2173 Strasbourg,
1444 2145 1504 2172 que
1517 2135 1560 2162 les

258 2215 358 2242 forces
373 2210 532 2241 ennemies
548 2207 601 2242 qui
616 2204 781 2233 entourent
797 2198 985 2230 Strasbourg
997 2195 1069 2221 sont
1083 2189 1227 2219 évaluées
1241 2187 1259 2215 à
1272 2181 1461 2220 vingt-mille
1474 2181 1560 2208 hom¬

257 2266 333 2286 mes.
351 2257 391 2284 Ils
403 2254 531 2290 opèrent
545 2259 602 2287 par
614 2248 711 2285 petits
725 2251 854 2282 groupes
866 2242 904 2270 de
916 2249 932 2275 5
948 2240 966 2267 à
977 2240 1034 2267 600
1046 2238 1187 2264 hommes
1198 2239 1277 2268 pour
1288 2229 1407 2257 donner
1417 2223 1561 2253 l’illusion

260 2302 350 2338 qu’ils
373 2303 444 2328 sont
467 2299 536 2334 plus
558 2295 742 2324 nombreux.

112 2371 237 2411 88190
262 2367 488 2409 GUERRE
506 2364 580 2401 DE
599 2362 707 2409 1870.
728 2379 780 2385 —
795 2356 837 2394 P.
859 2368 892 2391 a.
913 2366 942 2391 s.
964 2350 1011 2389 de
1030 2345 1342 2387 Glais-Bizoin;
1362 2353 1389 2377 s.
1412 2338 1464 2381 d.,
1485 2346 1506 2373 2
1524 2348 1561 2383 p.

335 2426 420 2471 in-4
418 2429 436 2448 0
440 2455 445 2461 .
1442 2401 1487 2439 15
1551 2403 1566 2423 »

306 2490 404 2519 Ordre
420 2496 483 2516 aux
499 2486 642 2517 officiers,
659 2478 876 2510 sous-officiers
892 2478 922 2504 et
938 2472 1056 2502 soldats
1072 2470 1114 2498 du
1130 2474 1219 2501 camp
1235 2464 1274 2492 de
1289 2461 1404 2491 Conlie.
1418 2453 1515 2493 Éloge
1529 2457 1568 2484 de¬

268 2537 296 2564 là
317 2533 466 2564 conduite
488 2532 542 2560 clés
564 2530 696 2557 Bretons
717 2525 834 2554 devant
856 2519 943 2549 Paris
962 2519 993 2546 et
1014 2514 1141 2544 Orléans
1161 2514 1191 2540 et
1212 2506 1411 2538 exhortation
1431 2503 1450 2532 à
1467 2504 1568 2531 trans¬

266 2582 383 2608 mettre
401 2579 501 2607 intact
520 2576 546 2603 le
563 2574 626 2609 legs
644 2570 733 2607 qu’ils
750 2571 804 2596 ont
822 2574 893 2602 reçu
910 2564 947 2592 de
963 2562 1043 2590 leurs
1060 2558 1154 2594 pères.
