1857 3081
813 261 862 294 --
892 260 936 295 10
966 280 1010 285 —

348 378 425 407 faire
436 377 604 414 principale
617 378 654 405 de
668 377 879 412 l’expédition.
892 391 932 396 —
945 376 971 404 Il
984 384 1002 403 a
1015 376 1074 409 été,
1087 375 1245 411 jusqu’ici,
1259 375 1417 405 dictateur
1428 380 1508 407 mais
1522 380 1540 407 il
1551 387 1648 411 remet

347 431 395 451 ses
411 422 556 458 pouvoirs
572 430 611 450 au
628 424 870 457 gouvernement
887 421 1057 456 provisoire
1073 420 1149 455 qu’il
1165 421 1252 448 vient
1269 420 1470 457 d’organiser.
1490 424 1546 453 Les
1563 434 1648 460 gran¬

347 467 438 495 deurs
454 468 530 495 dont
547 466 567 494 il
583 475 601 494 a
615 467 665 494 été
680 467 809 494 entouré
824 465 868 493 lui
882 467 937 493 ont
953 465 1011 493 fait
1028 467 1180 500 regretter
1195 473 1230 493 sa
1244 473 1419 501 campagne
1435 467 1473 496 de
1490 470 1647 506 Bourg-la-

348 511 454 539 Reine.
468 526 509 530 —•
522 510 547 538 Il
561 518 578 537 a
591 519 661 546 reçu
675 510 765 538 l’avis
779 511 817 538 de
829 518 884 538 son
899 509 1056 538 élévation
1070 517 1108 537 au
1122 509 1327 539 maréchalat.
1344 521 1356 536 «
1369 511 1474 546 Quant
1490 513 1508 540 à
1520 522 1563 541 un
1576 515 1648 544 titre

343 555 374 589 je
385 557 443 591 n’y
454 556 534 583 tiens
547 563 612 589 pas.
628 556 729 590 Qu’en
741 554 896 589 ferais-je?
913 555 955 582 Le
968 557 1172 582 transmettre
1187 555 1204 581 à
1217 562 1283 583 mes
1296 554 1515 591 descendants,
1528 566 1647 589 comme

345 607 420 627 vous
437 599 536 627 dites?
556 599 580 626 Il
598 599 735 626 faudrait
753 599 883 627 d’abord
901 607 939 627 en
956 599 1052 626 avoir.
1072 599 1115 626 Or
1130 599 1160 634 je
1175 599 1240 626 suis
1257 599 1329 628 bien
1347 600 1454 630 décidé
1472 602 1489 629 à
1503 611 1544 630 ne
1560 604 1647 638 point

342 652 391 671 me
404 644 525 671 marier.
541 643 622 671 C’est
636 643 663 671 le
675 643 815 672 meilleur
826 651 952 678 moyen,
967 642 1074 679 quand
1087 651 1127 671 on
1141 645 1187 671 est
1203 643 1304 673 arrivé
1317 645 1335 672 à
1347 653 1422 672 mon
1437 646 1502 681 âge,
1516 646 1647 678 d’éviter

339 687 366 715 le
382 687 516 716 ridicule.
534 697 545 712 »

189 748 313 787 88103
338 748 594 787 FOUREAU
616 750 839 797 (Fernand),
861 762 1073 798 voyageur,
1095 751 1164 799 qui
1182 751 1343 799 explora
1362 752 1396 788 le
1417 751 1576 797 Sahara,
1597 757 1645 792 né

411 806 434 842 à
450 805 759 843 Saint-Barbant
780 805 1124 853 (Haute-Vienne).
1144 806 1250 843 —L.
1271 819 1303 844 a.
1321 819 1351 844 s.
1372 808 1396 843 à
1412 808 1461 846 M.
1482 809 1525 847 G.
1545 810 1645 848 Mar¬

409 861 484 903 cel;
504 861 624 904 Paris,
645 872 691 907 23
710 872 814 898 mars
834 861 942 910 1898,
965 873 983 898 1
1004 874 1029 909 p
1034 893 1040 898 .
1065 861 1101 909 y
1091 884 1109 910 2
1128 862 1238 899 in-8°.
1548 865 1570 902 8
1630 882 1647 901 »

375 920 402 947 Il
418 920 570 949 demande
587 930 647 950 une
662 922 854 950 subvention
869 922 908 950 de
924 922 953 950 la
971 922 1093 951 Société
1108 922 1146 951 de
1164 923 1351 958 géographie
1368 932 1447 959 pour
1464 924 1642 961 l’organisa¬

334 965 399 993 tion
414 965 452 993 de
466 973 501 993 sa
514 966 642 994 mission
657 967 939 995 transsaharienne.

184 1030 308 1070 88104
333 1032 667 1070 FRANCESCHI
705 1033 1034 1082 (Jean-Baptiste,
1071 1035 1224 1083 baron),
1259 1036 1428 1084 général,
1465 1038 1532 1086 qui
1564 1039 1641 1086 prit

405 1093 496 1136 part
518 1101 596 1125 aux
616 1100 772 1137 guerres
794 1091 842 1126 de
862 1090 902 1126 la
923 1089 1173 1139 République
1194 1095 1234 1127 et
1256 1092 1305 1128 de
1325 1092 1527 1141 l’Empire,
1550 1095 1599 1130 né
1620 1095 1642 1131 à

405 1144 542 1181 Bastia
570 1143 727 1192 (Corse),
754 1150 858 1182 mort
884 1146 936 1182 du
963 1146 1111 1194 typhus
1137 1147 1160 1183 à
1185 1147 1357 1196 Dantzig
1383 1160 1431 1184 en
1458 1149 1565 1195 1813.
1595 1172 1644 1176 —

404 1199 445 1237 L.
469 1212 497 1237 s.
522 1212 571 1236 au
592 1201 769 1237 ministre
790 1202 838 1238 de
858 1202 896 1238 la
916 1213 1051 1250 guerre
1063 1214 1069 1244 ;
1092 1202 1442 1252 quartier-général
1464 1205 1487 1241 à
1508 1204 1639 1250 Milan,

404 1266 449 1302 15
471 1256 687 1293 thermidor
707 1269 758 1293 an
778 1257 890 1300 VIII,
914 1267 937 1295 2
954 1271 991 1306 p.
1016 1257 1179 1295 in-folio.
1542 1270 1564 1307 5
1626 1276 1641 1295 »

180 1329 303 1370 88105
330 1332 638 1370 FREYCINET
667 1334 836 1381 (Charles
863 1334 910 1372 de
937 1335 1120 1373 Saulses
1146 1336 1223 1384 de),
1251 1336 1463 1386 ingénieur,
1491 1338 1639 1376 célèbre

402 1388 559 1425 homme
587 1383 736 1433 d’Étàt,
765 1391 939 1427 membre
967 1392 1014 1428 de
1040 1391 1281 1429 l’Académie
1308 1393 1513 1440 française,
1542 1395 1590 1430 né
1617 1396 1639 1431 à

403 1444 502 1481 Foix
524 1444 701 1493 (Ariège).
724 1467 774 1472 —
790 1446 831 1483 L.
855 1458 887 1482 a.
909 1458 937 1483 s.
961 1447 984 1482 à
1001 1459 1055 1483 un
1074 1447 1266 1492 confrère;
1289 1460 1333 1486 21
1355 1449 1508 1496 janvier
1529 1450 1636 1495 1888,

406 1510 425 1535 1
447 1499 483 1546 p.
510 1499 545 1546 y
536 1521 554 1546 2
574 1500 683 1537 in-8°.
1517 1517 1564 1542 10
1625 1521 1638 1540 »

372 1557 399 1585 Il
412 1559 506 1586 attire
518 1566 574 1585 son
588 1560 745 1587 attention
758 1568 811 1589 sur
823 1561 866 1589 les
879 1561 969 1590 titres
981 1562 1020 1590 de
1033 1563 1074 1590 M.
1089 1563 1188 1591 Henri
1201 1563 1285 1599 Joly,
1298 1564 1448 1592 candidat
1463 1566 1481 1593 à
1493 1565 1522 1594 la
1535 1567 1638 1596 chaire

328 1602 367 1629 de
381 1602 581 1638 psychologie
596 1604 840 1638 expérimentale
855 1608 894 1633 et
902 1607 1067 1642 comparée
1082 1615 1123 1635 au
1130 1608 1260 1643 .Collège
1275 1608 1315 1637 de
1332 1610 1459 1638 France.

175 1666 300 1706 88106
326 1668 623 1706 GALLIFFET
652 1670 1266 1723 (Gaston-Alexandre-Auguste,
1295 1677 1470 1725 marquis
1498 1679 1574 1725 de),
1602 1680 1635 1716 le

398 1725 547 1761 célèbre
564 1726 720 1773 général
739 1727 787 1764 de
805 1729 1006 1767 cavalerie.
1030 1751 1080 1755 —
1096 1730 1137 1767 L.
1160 1744 1193 1768 a.
1214 1743 1243 1768 s.
1257 1743 1264 1774 ;
1286 1733 1407 1776 Paris,
1430 1744 1476 1781 23
1496 1734 1633 1781 juillet,

399 1791 420 1817 1
446 1793 482 1828 p.
512 1780 621 1819 in-8°.
1536 1800 1558 1837 5
1620 1804 1634 1824 »

171 1849 295 1891 88107
321 1851 608 1890 GAMBETTA
637 1854 785 1902 (Léon),
812 1856 847 1892 le
872 1857 1022 1894 célèbre
1048 1863 1206 1896 orateur
1232 1864 1271 1896 et
1297 1861 1456 1899 homme
1482 1856 1631 1907 d’État,

395 1909 444 1944 né
466 1909 489 1944 à
511 1909 656 1946 Cahors
694 1932 744 1935 —
764 1911 805 1948 L.
833 1924 865 1948 a.
892 1925 936 1957 s.,
961 1926 1008 1950 en
1030 1916 1158 1962 partie
1181 1920 1279 1960 aut.,
1304 1929 1352 1953 en
1374 1919 1503 1966 partie
1526 1919 1573 1955 de
1595 1919 1632 1956 la

394 1964 501 2001 main
520 1964 568 2001 de
589 1965 756 2014 Spuller;
779 1967 900 2011 Paris,
923 1978 969 2016 23
989 1972 1212 2018 septembre
1234 1972 1343 2020 1870,
1368 1985 1386 2010 1
1408 1986 1444 2022 p.
1469 1974 1577 2011 in-8°.

1509 2041 1555 2067 20
1616 2044 1631 2063 »

362 2074 387 2100 Il
404 2073 506 2102 donne
521 2083 594 2111 reçu
609 2076 652 2103 du
668 2076 784 2105 dossier
799 2078 838 2106 de
855 2079 986 2114 Spuller,
1003 2084 1176 2110 contenant
1194 2082 1248 2110 dix
1265 2085 1340 2112 neuf
1357 2084 1460 2119 pièces
1475 2086 1593 2119 cotées;
1613 2085 1630 2112 il

320 2118 473 2147 demande
490 2120 568 2147 celui
585 2120 623 2148 de
641 2122 680 2148 M.
701 2122 818 2151 Clerav.

168 2183 292 2222 88108
318 2185 614 2224 GARIBALDI
640 2188 878 2239 (Giuseppe),
899 2192 933 2229 le
955 2194 1104 2231 célèbre
1125 2196 1281 2243 général
1302 2201 1341 2233 et
1362 2198 1534 2245 patriote
1556 2199 1629 2235 ita¬

392 2242 478 2279 lien.
508 2265 557 2269 —
580 2244 621 2281 L.
650 2258 693 2288 s.,
721 2257 768 2282 en
795 2247 981 2294 français;
1009 2250 1190 2298 Gaprera,
1219 2262 1264 2288 21
1293 2253 1376 2299 juin
1405 2253 1513 2301 1870,
1543 2266 1562 2291 1
1588 2267 1624 2302 p.

392 2298 499 2335 in-8°.
1506 2319 1551 2356 15
1613 2323 1628 2343 »

357 2358 512 2387 Certificat
530 2360 568 2387 de
584 2361 739 2389 bravoure
757 2371 835 2398 pour
852 2364 939 2399 Jules
958 2366 1069 2399 Ballet,
1089 2368 1141 2402 qui
1158 2369 1233 2396 s’est
1252 2368 1324 2397 bien
1341 2369 1471 2398 conduit
1489 2370 1568 2398 dans
1586 2370 1626 2398 les

317 2403 458 2431 combats
470 2412 548 2439 pour
558 2404 588 2433 la
600 2413 691 2434 cause
704 2406 741 2435 de
753 2406 783 2434 la
794 2409 916 2442 justice.

165 2461 288 2501 88109
313 2464 564 2503 GEFFROY
590 2468 1172 2522 (Edmond-Aimé-Florentin),
1198 2475 1337 2513 artiste
1361 2477 1623 2525 dramatique,

387 2522 588 2559 sociétaire
615 2524 668 2560 du
694 2524 1081 2575 Théâtre-Français,
1108 2531 1262 2579 peintre
1290 2532 1499 2580 distingué,
1528 2534 1576 2569 né
1602 2533 1622 2568 à

387 2576 609 2626 Maignelay
628 2578 757 2626 (Oise).
775 2603 824 2606 —
842 2582 882 2619 L.
903 2595 936 2621 a.
955 2597 999 2628 s.,
1019 2595 1039 2621 2
1056 2572 1093 2635 p.
1117 2573 1153 2635 ÿ
1141 2609 1160 2636 2
1177 2587 1341 2624 in-folio.
1501 2599 1547 2625 10
1608 2602 1622 2622 »

355 2643 461 2671 Lettre
476 2644 605 2673 relative
620 2645 637 2672 à
650 2654 707 2673 son
722 2647 849 2675 tableau
863 2648 907 2676 La
923 2650 1033 2686 Vierge
1047 2655 1078 2679 et
1093 2651 1238 2681 l’Enfant
1254 2653 1360 2688 Jésus;
1375 2655 1396 2684 ,il
1411 2663 1448 2682 en
1464 2654 1566 2683 donne
1579 2663 1623 2682 un

312 2687 391 2721 petit
410 2689 532 2723 croquis
552 2689 569 2715 à
589 2690 617 2717 la
636 2691 768 2719 seconde
785 2700 874 2728 page.
