1861 3015
746 225 947 276 - 15 -
349 379 399 384 —
412 357 454 393 L.
472 367 506 391 a.
524 367 553 390 s.
572 365 623 390 au
638 350 813 389 cardinal
828 351 875 387 de
891 349 1051 395 Fleury;
1072 347 1184 395 (avril
1202 346 1327 392 1732),
1348 344 1391 392 %
1407 356 1444 392 p.
1464 343 1546 389 in-4
1546 348 1563 367 0
1569 375 1574 384 ,

349 413 517 453 adresse,
542 408 700 445 cachets
724 405 908 442 armoriés
939 405 1029 440 bien
1059 402 1277 443 conservés,
1302 400 1401 437 soies
1424 410 1575 446 rouges.

349 465 515 516 Superbe
527 465 638 512 pièce.
1424 463 1497 501 350
1561 468 1576 486 »

319 534 385 563 Elle
401 533 427 560 le
443 532 509 567 prie
525 529 563 557 de
579 529 621 557 lui
637 527 768 556 mander
783 526 836 554 des
851 524 1010 554 nouvelles
1026 524 1063 551 de
1079 523 1107 550 la
1124 522 1213 551 santé
1229 521 1271 549 du
1286 521 1341 553 roi,
1359 520 1412 555 qui
1427 521 1473 547 est
1489 519 1577 546 l’uni¬

281 587 339 615 que
356 578 448 606 chose
466 576 519 610 qui
536 574 716 601 l’intéresse.
737 571 803 599 Elle
820 571 894 598 s’est
911 568 1029 597 relevée
1048 567 1111 605 [des
1127 566 1258 595 couches
1274 565 1313 593 de
1331 565 1361 592 M
1369 568 1403 583 me
1420 562 1579 599 Adélaïde]

278 633 312 652 ce
326 621 429 650 matin
441 623 472 648 et
487 618 543 647 elle
557 626 575 645 a
589 618 638 646 été
653 617 721 644 voir
733 623 781 643 ses
794 615 928 642 enfants.

134 698 256 742 88136
280 685 687 734 MARIE-AMÉLIE,
705 688 810 725 reine
828 688 894 724 des
913 685 1109 732 Français,
1128 684 1270 732 épouse
1288 683 1336 719 de
1355 680 1582 719 Louis-Phi¬

355 751 472 799 lippe.
492 769 544 774 —
560 747 602 782 L.
623 758 657 782 a.
676 757 706 781 s.
726 744 749 779 à
767 755 842 779 une
859 746 1066 783 comtesse;
1084 740 1320 781 Claremont,
1338 748 1361 783 3
1379 735 1582 773 décembre

360 806 469 852 1849,
488 814 508 840 2
527 815 554 850 p
558 834 564 839 .
588 801 624 850 y
613 824 632 849 2
651 799 759 837 in-8°.
1460 801 1506 837 15
1568 803 1584 824 »

139 894 259 936 88137
284 888 552 929 MASCAGNI
578 886 742 936 (Paolo),
764 883 912 921 célèbre
934 880 1170 918 anatomiste
1191 879 1337 920 italien,
1360 878 1408 914 né
1428 877 1515 926 près
1537 877 1585 913 de

361 946 512 983 Sienne.
535 965 586 969 —
604 942 646 978 L.
670 953 703 977 a.
725 953 754 977 s.
778 940 801 976 à
820 939 871 975 M.
893 935 1153 978 Courvoisier;
1174 935 1413 975 Castellette,
1436 943 1482 981 19
1501 944 1586 979 sep¬

362 1000 514 1038 tembre
534 999 642 1040 1812,
663 1008 681 1032 1
700 1009 737 1044 p.
757 996 840 1041 in-4
838 1000 856 1019 0
859 1025 865 1031 .
1466 999 1512 1024 10
1573 1001 1588 1020 »

144 1088 264 1129 88138
289 1084 420 1124 MASS
424 1083 495 1120 EN
499 1082 568 1119 ET
590 1080 741 1129 (Jules),
761 1079 796 1115 le
814 1077 963 1114 célèbre
981 1074 1245 1122 compositeur
1263 1073 1311 1109 de
1330 1071 1519 1119 musique.
1541 1092 1591 1096 —-

364 1141 479 1176 Deux
494 1148 665 1173 mesures
681 1135 728 1171 de
743 1134 921 1181 musique
936 1135 1016 1167 aut.
1033 1130 1100 1177 sig.
1115 1142 1122 1172 ;
1140 1129 1260 1171 Paris,
1278 1128 1385 1175 1891,
1405 1138 1422 1162 1
1438 1140 1474 1175 p.
1493 1126 1591 1161 in-8°

366 1196 520 1241 oblong.
1471 1191 1515 1228 15
1578 1194 1592 1214 »

335 1263 518 1295 Fragments
538 1258 580 1285 du
600 1256 761 1284 deuxième
781 1256 849 1282 acte
869 1252 906 1280 de
927 1252 1055 1280 Manon.

148 1332 269 1372 88139
294 1328 460 1367 MASSE
465 1327 500 1363 Y
522 1322 896 1375 (Pierre-François),
916 1319 1062 1368 député
1080 1319 1126 1354 de
1145 1318 1181 1354 la
1201 1316 1355 1353 Somme
1375 1316 1396 1351 à
1415 1314 1596 1350 l’Assem¬

371 1385 455 1421 blée
484 1381 713 1430 législative,
746 1379 793 1416 né
822 1378 845 1413 à
874 1375 1033 1411 Amiens
1067 1373 1264 1420 (Somme).
1297 1392 1347 1397 —
1375 1370 1415 1407 L.
1450 1382 1482 1407 a.
1514 1382 1542 1405 s.
1576 1370 1597 1404 à

372 1440 422 1476 M.
442 1439 566 1476 Cadet
584 1436 632 1473 de
649 1432 884 1473 Chambine;
904 1430 1025 1471 Paris,
1046 1429 1093 1468 ïf>
1108 1428 1193 1474 juin
1212 1436 1322 1474 1792,
1342 1437 1361 1461 1
1381 1437 1417 1472 p.
1438 1424 1520 1469 in-4
1519 1428 1537 1448 0
1540 1453 1547 1459 .

1504 1489 1527 1524 3
1587 1490 1604 1510 »

156 1575 275 1614 88140
299 1568 650 1611 MAUPASSANT
673 1566 778 1614 (Guy
796 1560 873 1611 de)",
892 1563 928 1599 le
947 1561 1097 1598 célèbre
1116 1556 1343 1594 romancier.
1367 1576 1416 1581 —
1432 1555 1474 1590 L.
1497 1566 1530 1590 a.
1552 1565 1581 1590 s.
1593 1564 1603 1596 ;

375 1629 539 1668 Cannes,
560 1636 579 1662 1
597 1612 635 1672 p.
659 1611 695 1671 ÿ
684 1645 703 1670 2
720 1619 829 1658 in-8°.
1482 1619 1529 1645 20
1589 1621 1605 1641 »

343 1694 369 1722 Il
384 1693 487 1722 donne
502 1688 733 1719 l’autorisation
748 1686 786 1714 de
801 1682 980 1719 reproduire
996 1681 1098 1710 Pierre
1112 1681 1137 1707 et
1152 1679 1230 1713 Jean
1247 1677 1264 1704 à
1281 1676 1379 1711 partir
1394 1674 1436 1702 du
1454 1684 1465 1701 i
1471 1675 1497 1692 er
1512 1680 1604 1701 mars.

156 1769 278 1808 88141
302 1762 651 1805 MAUPERTUIS
670 1756 949 1809 (Pierre-Louis
965 1754 1124 1792 Moreau
1140 1752 1217 1797 de),
1233 1749 1382 1786 célèbre
1397 1748 1606 1796 géomètre,

379 1823 428 1859 né
445 1822 467 1859 à
485 1818 732 1858 Saint-Malo.
753 1836 802 1840 —
817 1814 859 1850 L.
879 1825 913 1848 a.
932 1823 961 1848 s.
974 1822 982 1853 ;
1001 1808 1128 1845 mardi
1147 1817 1204 1852 14,
1226 1817 1243 1841 1
1262 1817 1299 1853 p.
1321 1805 1402 1850 in-4
1402 1808 1418 1827 0
1422 1813 1427 1839 .
1485 1813 1505 1838 2
1509 1813 1530 1848 5
1594 1815 1608 1834 »

348 1889 493 1917 Curieuse
517 1887 609 1914 lettre
632 1884 710 1911 dans
734 1879 864 1915 laquelle
888 1877 907 1905 il
930 1876 988 1904 fait
1014 1874 1143 1901 allusion
1168 1880 1230 1899 aux
1254 1869 1431 1905 pamphlets
1455 1867 1610 1902 répandus

308 1937 414 1962 contre
429 1932 482 1960 lui.
500 1932 525 1958 Il
540 1927 694 1957 demande
709 1925 779 1961 quel
793 1924 865 1953 effet
881 1930 899 1948 a
914 1920 1038 1956 produit
1055 1918 1072 1946 à
1088 1916 1237 1945 Potsdam
1253 1915 1279 1942 la
1296 1914 1387 1941 lettre
1401 1912 1439 1940 de
1452 1920 1509 1940 son
1523 1912 1611 1947 géné¬

310 1986 385 2006 reux
399 1980 429 2004 et
444 1976 576 2004 sublime
590 1971 788 2001 bienfaiteur.

161 2047 285 2086 88142
310 2040 695 2084 MONTPENSIER
715 2030 1139 2088 (Anne-Marie-Louise
1157 2027 1406 2069 d’ORLÉANS,
1426 2026 1614 2062 duchesse

386 2103 463 2148 de),
490 2100 572 2137 dite
596 2097 634 2135 la
659 2094 809 2133 Grande
833 2087 1126 2129 Mademoiselle,
1153 2084 1229 2120 fille
1254 2083 1301 2120 de
1327 2082 1477 2119 Gaston
1502 2079 1614 2117 d’Or¬

386 2158 507 2199 léans,
528 2165 605 2192 une
626 2153 693 2189 des
713 2150 889 2187 héroïnes
911 2145 957 2182 de
976 2144 1016 2180 la
1036 2141 1198 2178 Fronde.
1222 2160 1272 2164 —
1291 2139 1331 2174 P.
1354 2150 1382 2174 s.
1406 2148 1471 2173 sur
1490 2135 1613 2176 vélin;

389 2207 719 2250 Saint-Germain,
743 2205 788 2241 18
808 2200 1029 2251 septembre
1052 2196 1160 2239 166S,
1186 2207 1203 2231 1
1226 2207 1262 2242 p.
1288 2194 1369 2238 in-4
1368 2198 1386 2216 0
1390 2224 1396 2234 ,
1420 2192 1613 2238 fragment

390 2269 437 2305 de
454 2266 592 2304 cachet
609 2276 657 2300 en
674 2262 750 2298 cire
766 2269 895 2306 rouge.
1492 2256 1538 2292 35
1602 2257 1616 2278 »

357 2333 557 2361 Mandement
576 2338 615 2358 au
632 2328 772 2362 chapitre
789 2323 873 2353 de.la
890 2319 1045 2356 collégiale
1062 2318 1100 2346 de
1119 2316 1327 2345 Saint-Ebron
1345 2319 1375 2341 et
1394 2311 1615 2341 Saint-Firmin

318 2379 356 2407 de
375 2377 511 2406 Mortain
531 2382 609 2411 pour
626 2374 669 2401 les
688 2372 835 2400 informer
853 2365 964 2402 qu’elle
982 2373 1000 2391 a
1018 2361 1148 2396 octroyé
1166 2361 1184 2387 à
1202 2360 1337 2395 Jacques
1356 2358 1398 2384 Le
1419 2357 1531 2391 Royer,
1551 2356 1615 2389 prê¬

319 2427 366 2451 tre
383 2423 424 2451 du
443 2421 564 2449 diocèse
581 2419 624 2446 du
642 2417 741 2449 Mans,
759 2414 788 2442 la
804 2410 967 2440 chanoinie
985 2411 1015 2437 et
1035 2405 1191 2442 prébende
1208 2403 1245 2431 de
1265 2403 1292 2430 la
1310 2401 1465 2436 collégiale
1483 2400 1521 2427 de
1540 2399 1617 2426 Mor¬

321 2468 387 2495 tain
403 2467 467 2494 dite
483 2465 520 2493 de
536 2462 649 2492 Fondé.

171 2534 294 2573 88143
321 2528 707 2572 MONTPENSIER
732 2525 862 2575 (Louis
887 2522 925 2558 II
950 2520 997 2557 de
1022 2516 1240 2558 Bourbon,
1266 2515 1339 2552 duc
1363 2514 1438 2557 de),
1462 2522 1625 2559 gouver¬

399 2601 495 2626 neur
518 2587 565 2624 de
588 2585 784 2630 Bretagne
807 2581 829 2616 à
849 2579 1030 2626 l’époque
1052 2574 1099 2611 de
1123 2574 1158 2609 la
1181 2568 1566 2614 Saint-Barthélemy
1587 2570 1626 2602 et

401 2643 556 2693 général
585 2653 633 2677 en
663 2637 751 2676 chef
779 2636 827 2673 de
855 2632 1014 2671 l’armée
1044 2631 1096 2666 du
1127 2627 1280 2665 Poitou,
1310 2633 1440 2661 connu
1468 2634 1540 2670 par
1567 2633 1628 2657 ses
