1817 2984
658 377 705 384 —
733 356 782 392 27
806 375 855 382 —

269 496 320 522 au
339 480 518 518 ministre
537 478 604 515 des
624 476 812 516 finances;
833 471 953 513 Paris,
974 480 1019 507 21
1040 467 1173 506 nivôse
1192 477 1242 502 an
1263 461 1330 504 IV,
1351 471 1370 503 1
1391 458 1427 502 p.
1451 456 1495 500 U,

272 540 355 586 in-4
353 543 372 562 0
375 569 381 574 .
1378 525 1425 553 10
1484 526 1500 547 »

238 606 347 634 Lettre
364 602 554 632 concernant
572 600 599 626 la
615 596 789 626 succession
804 595 841 622 de
858 590 1003 620 Baudard
1018 590 1055 618 de
1070 587 1289 621 Saint-James.

56 681 178 726 88196
205 674 460 718 FOURNEL
488 668 827 722 (Marc-Antoine),
853 669 995 704 avocat
1019 674 1069 700 au
1093 660 1310 710 parlement
1334 655 1384 692 de
1407 653 1503 690 Bor¬

278 736 423 774 deaux,
443 728 591 779 député
610 727 664 765 du
683 721 1017 763 Lot-et-Garonne
1036 718 1061 754 à
1078 717 1116 754 la
1134 711 1392 754 Convention,
1413 708 1462 745 né
1480 706 1503 743 à

280 789 467 829 Tournon
502 780 712 833 d’Agenais
749 772 1123 828 (Lot-et-Garonne).
1159 792 1210 797 —
1240 768 1283 806 L.
1319 779 1352 804 a.
1388 777 1417 802 s.
1455 774 1505 799 au

282 844 461 882 ministre
477 842 546 879 des
563 839 752 879 finances;
772 834 892 876 Paris,
910 842 934 880 7
949 830 1084 868 nivôse
1101 839 1151 866 an
1167 824 1281 867 VIII,
1300 833 1318 860 1
1336 834 1374 870 p.
1393 820 1477 865 in-4
1475 822 1493 841 0
1497 848 1502 853 .

1386 884 1431 922 15
1493 885 1519 912 >t

253 963 274 989 U
296 962 322 989 le
341 959 407 996 prie
426 959 464 986 de
485 957 528 984 lui
546 954 693 984 accorder
712 960 771 980 une
789 951 906 978 recette
924 947 977 975 des
994 942 1221 973 contributions
1239 940 1370 968 directes
1388 935 1465 962 dans
1483 934 1510 959 le

209 1008 428 1042 département
457 1003 512 1030 des
542 994 900 1035 Pyrénées-Orientales;
931 993 1031 1025 Roger
1056 989 1159 1016 Ducos
1185 991 1296 1020 pourra
1323 983 1454 1008 attester
1478 985 1512 1004 sa
1543 1000 1546 1002 .

211 1051 362 1080 moralité.
382 1059 392 1072 «
409 1048 471 1083 J’ai
487 1045 568 1074 servi
586 1045 613 1072 la
635 1041 828 1077 République
845 1045 919 1065 avec
935 1032 1224 1064 désintéressement
1241 1032 1270 1056 et
1288 1025 1419 1062 probité.
1436 1024 1463 1050 A
1479 1029 1514 1048 ce

211 1098 285 1125 titre
302 1096 367 1130 j’ay
384 1094 440 1122 des
456 1091 557 1119 droits
575 1090 592 1117 à
609 1090 699 1117 votre
715 1085 839 1121 justice.
856 1094 867 1107 »

68 1176 192 1219 88197
218 1168 591 1212 FOUSSEDOIRE
610 1164 784 1215 (André),
801 1159 946 1210 député
960 1156 1169 1206 suppléant
1185 1153 1238 1189 du
1253 1145 1519 1187 Loir-et-Cher

292 1230 318 1266 à
336 1230 376 1266 la
394 1224 642 1265 Convention
652 1234 659 1265 ;
680 1221 707 1258 il
724 1219 852 1268 siégea
870 1216 937 1252 dès
955 1215 989 1250 le
1008 1211 1132 1250 début
1150 1220 1199 1246 en
1216 1204 1519 1253 remplacement

294 1285 343 1323 de
362 1281 582 1321 Bernardin
601 1280 649 1316 de
668 1273 927 1314 Saint-Pierre
945 1281 1022 1306 non
1043 1267 1265 1313 acceptant,
1285 1260 1334 1297 né
1351 1258 1375 1295 à
1394 1258 1523 1294 Issou-

295 1341 378 1379 dun
402 1336 561 1388 (Indre).
585 1355 636 1361 —
654 1333 695 1370 L.
719 1344 753 1369 a.
776 1342 804 1367 s.
828 1329 852 1365 à
872 1324 1040 1364 Hérault
1061 1323 1108 1359 de
1129 1317 1337 1358 Séchelles;
1359 1312 1522 1353 Belfort,

297 1407 319 1434 2
338 1394 510 1433 frimaire
528 1404 578 1429 an
597 1389 651 1433 II,
672 1400 690 1425 1
709 1400 745 1436 p.
766 1386 850 1432 in-4
848 1389 866 1408 0
870 1414 878 1427 ,
897 1381 1063 1422 adresse,
1081 1375 1218 1414 cachet
1235 1373 1283 1410 de
1301 1371 1377 1407 cire
1393 1378 1522 1414 rouge.

1407 1432 1452 1469 IZ
1514 1435 1530 1454 >'

267 1517 290 1543 Il
309 1516 351 1543 lui
368 1521 509 1542 annonce
524 1518 582 1539 son
599 1510 710 1543 départ
727 1511 809 1541 pour
825 1504 852 1530 la
870 1497 1075 1529 Convention.
1096 1495 1121 1521 Il
1138 1495 1278 1526 emporte
1296 1486 1426 1515 l’estime
1442 1486 1472 1510 et
1488 1483 1532 1509 les

226 1563 343 1596 regrets
358 1560 396 1587 de
412 1556 545 1589 Belfort,
560 1554 601 1582 OÙ
618 1554 636 1580 il
652 1560 670 1579 a
685 1549 811 1576 combat
817 1551 849 1572 tu
868 1554 943 1571 avpr
961 1551 1000 1568 Qu
1002 1550 1021 1567 e
1023 1542 1094 1573 lque
1108 1536 1213 1562 snecik
1213 1555 1226 1559 -
1229 1529 1444 1558 l’aristnpi-atie
1459 1530 1490 1551 et
1506 1526 1533 1549 le

226 1604 469 1632 modérantisme
499 1597 742 1638 qnojq,aU-àn-
741 1595 768 1617 17
767 1589 830 1617 tille
845 1589 883 1614 de
901 1587 1063 1617 beaucoup
1079 1589 1138 1616 que
1153 1586 1202 1606 ses
1216 1582 1346 1609 moyens
1359 1568 1532 1606 répondent

171 1648 435 1676 -à-son-rtVTsti
442 1653 478 1672 ne

82 1728 206 1769 88198
232 1720 579 1765 FRANCASTEL
622 1705 1098 1767 (Marie-Pierre-Adrien),
1142 1699 1287 1750 député
1326 1694 1536 1743 suppléant

307 1783 357 1820 de
379 1780 513 1818 l’Eure
535 1777 560 1813 à
580 1776 619 1812 la
639 1768 899 1810 Convention,
922 1764 949 1801 il
971 1775 1000 1812 y
1019 1761 1146 1808 siégea
1169 1754 1280 1804 après
1302 1754 1341 1789 la
1362 1753 1466 1787 mort
1489 1748 1537 1784 de

309 1838 452 1879 Buzot,
468 1834 516 1870 né
529 1834 553 1870 à
566 1826 763 1869 Formerie
780 1822 910 1873 (Oise).
929 1840 979 1845 —-
1024 1816 1065 1853 P.
1081 1827 1111 1852 s.
1123 1825 1131 1856 ;
1145 1824 1175 1850 s.
1190 1812 1244 1854 d.,
1261 1819 1284 1855 3
1296 1806 1334 1856 p.
1356 1805 1393 1855 y
1380 1828 1400 1854 2
1426 1804 1508 1849 in-4
1507 1807 1524 1826 0
1528 1833 1534 1838 .

1416 1871 1461 1905 15
1523 1871 1539 1890 »

274 1955 347 1984 Très
361 1955 500 1983 curieuse
515 1951 607 1978 lettre
622 1947 701 1975 dans
715 1941 847 1977 laquelle
862 1939 882 1965 il
897 1936 1041 1971 explique
1055 1936 1085 1959 et
1100 1929 1214 1958 défend
1228 1927 1256 1953 la
1270 1922 1418 1952 conduite
1432 1919 1506 1955 qu’il
1520 1926 1537 1944 a

235 2006 339 2033 tenue,
353 1998 434 2028 ainsi
449 2005 508 2033 que
522 2003 578 2024 son
592 1991 729 2025 collègue
744 1988 858 2017 Hentz,
874 1983 951 2010 dans
967 1981 1031 2007 leur
1045 1974 1172 2004 mission
1188 1973 1205 1999 à
1220 1970 1343 1998 l’armée
1357 1967 1395 1994 de
1408 1965 1539 1993 l’Ouest.

90 2073 214 2114 88199
240 2067 505 2118 FRANÇOIS
545 2048 1113 2115 (Landry-François-Adrien),
1151 2041 1296 2092 député
1332 2036 1540 2086 suppléant

317 2129 366 2166 de
383 2128 421 2164 la
439 2125 596 2163 Somme
612 2121 636 2156 à
651 2119 690 2155 la
706 2111 969 2154 Convention;
988 2107 1015 2142 il
1031 2104 1157 2152 siégea
1173 2111 1220 2136 en
1237 2093 1542 2144 remplacement

317 2185 367 2222 de
382 2179 541 2219 Roland
554 2188 634 2215 non
649 2171 871 2220 acceptant,
887 2165 937 2202 né
950 2164 974 2200 à
988 2160 1125 2198 Albert
1144 2152 1341 2205 (Somme).
1359 2169 1409 2175 —-
1421 2147 1545 2195 Apos¬

318 2239 402 2277 tille
424 2241 506 2275 aut.
529 2234 597 2282 sig.
610 2243 619 2275 ;
643 2228 764 2270 Paris,
788 2237 810 2274 9
831 2217 1092 2261 vendémiaire
1114 2224 1164 2250 an
1186 2209 1254 2252 IV,
1277 2218 1298 2244 2
1319 2218 1356 2255 p.
1380 2201 1542 2240 in-folio.

1446 2267 1469 2304 5
1532 2268 1547 2287 »

289 2356 377 2385 Pièce
388 2353 518 2382 relative
530 2351 548 2378 à
561 2351 589 2376 la
602 2345 735 2383 pétition
746 2343 821 2374 d’un
831 2336 959 2367 nommé
970 2335 1121 2365 Ducorps,
1132 2324 1282 2355 voiturier
1296 2323 1311 2349 à
1325 2318 1484 2349 Dourdan,
1497 2314 1549 2349 qui

246 2400 408 2430 réclamait
429 2398 518 2433 3.800
536 2395 627 2422 livres
646 2397 722 2426 pour
741 2396 756 2423 3
773 2384 904 2420 septiers
921 2385 952 2408 et
970 2377 1052 2406 demi
1070 2375 1107 2402 de
1125 2372 1173 2401 blé
1191 2369 1267 2405 qu’il
1283 2365 1370 2394 avait
1387 2360 1514 2390 conduit
1533 2358 1551 2385 à

247 2445 398 2474 Moutiers
416 2445 446 2470 et
465 2441 601 2476 Epincy,
619 2434 741 2464 district
759 2432 797 2458 de
814 2426 950 2465 Janville
968 2415 1219 2459 (Eure-et-Loir.)

105 2523 231 2565 88800
256 2520 494 2562 FRECINE
515 2507 890 2567 (Augustin-Lucie),
909 2502 1032 2541 baille
1048 2499 1096 2536 de
1112 2486 1393 2533 Montrichard,
1411 2480 1557 2531 député

330 2581 384 2618 du
402 2571 671 2616 Loir-et-Cher
688 2569 711 2604 à
727 2559 979 2603 l’Assemblée
995 2551 1211 2603 législative
1228 2551 1267 2584 et
1286 2544 1309 2581 à
1325 2544 1364 2580 la
1380 2541 1557 2578 Conven¬

331 2636 429 2677 tion,
446 2632 497 2668 né
511 2631 536 2666 à
550 2620 820 2665 Montrichard
837 2608 1143 2667 (Loir-et-Cher).
1162 2625 1211 2632 —
1224 2602 1266 2639 L.
1285 2612 1319 2638 a.
1336 2611 1365 2636 s.
1378 2608 1386 2640 ;
1401 2595 1558 2635 Civray,

334 2701 380 2737 13
398 2685 596 2726 brumaire
613 2694 664 2719 an
681 2677 794 2720 VIII,
814 2686 834 2712 i
851 2686 888 2723 p.
911 2670 955 2720 ^
971 2666 1081 2705 in-8°.
1437 2660 1484 2687 io
1545 2660 1560 2679 »

299 2758 322 2785 Il
342 2756 398 2783 fait
418 2756 488 2789 part
508 2752 524 2780 à
543 2758 586 2779 un
605 2747 667 2776 ami
685 2746 738 2773 des
755 2737 953 2776 inquiétudes
970 2734 1008 2762 de
1026 2732 1054 2760 la
1072 2725 1265 2765 population.
1284 2720 1343 2748 Les
1359 2718 1498 2746 chouans
1517 2713 1559 2740 les

257 2802 477 2831 environnent,
493 2796 528 2825 ils
542 2798 613 2823 sont
630 2793 647 2820 à
662 2793 773 2825 quatre
789 2787 880 2813 lieues
896 2782 932 2809 de
947 2780 1043 2806 Tours
1058 2779 1087 2804 et
1102 2774 1172 2800 sont
1187 2767 1289 2797 entrés
1303 2765 1380 2793 dans
1395 2762 1422 2789 le
1436 2758 1556 2786 Vendo-
