1806 2974
823 124 1025 169 - 14 -
418 244 458 281 P.
480 257 512 281 a.
533 257 583 289 s.;
601 246 747 294 collège
764 247 1061 298 d’Edimbourg,
1083 262 1131 289 20
1148 254 1249 290 avril
1268 254 1375 301 1811,
1398 269 1416 294 1
1434 271 1471 307 p.
1492 262 1570 310 in-4
1569 270 1586 292 0
1589 296 1594 302 .

1528 329 1571 366 15
1630 336 1645 356 »

383 364 540 393 Certificat
556 374 594 393 en
610 366 719 394 faveur
735 367 810 395 d’un
825 368 910 398 élève
928 370 980 405 qui
997 379 1015 399 a
1029 373 1113 400 suivi
1128 373 1171 402 les
1187 382 1277 403 cours
1294 377 1332 404 de
1348 377 1376 405 la
1392 381 1539 414 première
1552 385 1644 416 classe

336 408 373 435 de
392 410 669 445 mathématiques.

181 472 307 512 88130
332 475 481 514 LISZT
507 476 676 525 (Franz),
701 480 737 515 le
760 480 911 518 célèbre
934 485 1202 532 compositeur
1226 489 1274 525 de
1291 490 1477 539 'musique
1501 499 1539 531 et
1560 497 1641 544 pia¬

407 532 509 568 niste
528 534 722 581 hongrois.
746 556 796 561 —
813 535 855 574 L.
877 549 911 575 a.
932 551 979 582 s.,
998 551 1046 575 en
1066 541 1249 589 français,
1270 544 1294 580 à
1311 557 1382 582 son
1402 548 1481 584 ami
1499 548 1638 598 Erard;

405 596 426 632 5
441 589 602 624 octobre
619 589 728 636 1838,
745 589 768 627 6
778 604 899 640 pages
914 594 997 641 in-4
996 600 1015 619 0
1017 626 1024 632 .
1498 615 1567 642 100
1625 622 1640 642 »

370 651 496 687 Longue
510 656 540 680 et
556 653 618 682 très
632 656 771 684 curieuse
786 657 879 686 lettre
893 658 972 688 dans
986 662 1118 696 laquelle
1134 663 1153 691 il
1168 664 1209 691 lui
1224 665 1281 692 fait
1297 667 1323 694 le
1336 667 1412 695 récit
1427 668 1519 698 d’une
1532 672 1637 702 séance

326 696 486 730 musicale,
501 698 592 732 après
606 700 740 734 laquelle
754 701 774 729 il
789 710 808 728 a
823 702 882 730 fait
897 703 1007 741 l’éloge
1021 706 1076 735 des
1091 708 1297 742 productions
1311 711 1351 739 de
1364 711 1394 739 la
1407 713 1527 743 maison
1542 716 1638 745 Erard

326 740 443 767 devant
463 750 523 769 une
542 743 715 772 assistance
733 746 986 783 aristocratique,
1007 751 1060 785 qui
1078 755 1275 787 comprenait
1294 758 1492 785 notamment
1511 759 1637 788 l’ex-im-

324 785 478 818 pératrice
501 786 736 817 Marie-Louise.
761 791 895 820 Curieux
919 794 1031 823 détails
1054 804 1107 824 sur
1129 797 1159 825 la
1180 805 1388 828 concurrence
1411 802 1449 830 de
1470 803 1499 829 la
1520 805 1637 834 maison

326 828 438 864 Pleyel.
453 831 477 857 Il
496 832 580 865 parle
598 834 721 861 ensuite
732 835 786 863 des
797 837 960 870 pianistes.
973 839 1114 875 Critique
1126 843 1163 870 de
1177 842 1294 872 Dhôler
1301 853 1309 879 ;
1320 845 1396 872 c’est
1408 854 1467 874 une
1478 846 1637 878 décoction

322 873 361 900 de
375 874 530 912 Thalberg
542 880 573 903 et
588 877 626 905 de
640 878 793 907 Czernim.
809 881 857 909 En
872 882 995 917 général
1011 885 1096 913 Listz
1109 894 1128 913 a
1141 895 1200 922 peu
1216 888 1254 915 de
1268 889 1343 923 goût
1358 898 1436 925 pour
1450 892 1479 919 la
1492 896 1634 923 monnaie

322 916 376 946 des
391 920 505 953 grands
519 921 634 956 génies.
652 923 677 949 Il
692 924 778 959 parle
792 925 831 954 de
849 927 1067 957 Kalkbrenner
1081 933 1113 957 et
1127 938 1160 959 se
1174 932 1251 960 livre
1266 933 1284 960 à
1297 941 1355 961 son
1369 935 1463 970 égard
1477 936 1496 963 à
1515 936 1568 965 des
1581 940 1635 967 cri¬

321 963 424 997 tiques
442 966 567 993 acerbes
586 970 616 994 et
634 968 859 1005 pittoresques.

166 1027 290 1066 88131
317 1029 703 1072 LONGUEVILLE
738 1037 1109 1084 (Anne-Geneviève
1139 1045 1187 1081 de
1217 1045 1419 1091 Bourbon,
1451 1049 1636 1088 duchesse

394 1088 471 1135 de),
496 1089 641 1127 femme
663 1093 814 1130 célèbre
838 1096 890 1131 du
915 1106 1004 1133 xvn
1008 1102 1026 1122 e
1046 1099 1174 1144 siècle,
1197 1113 1275 1137 une
1299 1103 1365 1139 des
1389 1103 1564 1142 héroïnes
1587 1106 1634 1144 de

391 1145 429 1180 la
444 1144 611 1184 Fronde.
630 1167 681 1174 —
692 1148 734 1186 P.
751 1161 796 1193 s.,
811 1151 945 1198 signée
958 1153 1180 1201 également
1194 1169 1267 1206 par
1280 1156 1403 1195 Marie
1417 1159 1632 1207 d’Orléans,

393 1200 469 1236 fille
489 1201 542 1237 du
562 1203 639 1239 duc
660 1204 708 1241 de
727 1204 982 1255 Longueville
994 1221 1000 1252 ;
1018 1220 1064 1257 27
1084 1210 1212 1258 juillet
1241 1212 1351 1261 1647,
1372 1224 1393 1261 5
1409 1228 1446 1262 P-
1471 1216 1628 1255 in-folio.

1511 1282 1558 1318 50
1618 1286 1632 1306 »

356 1321 526 1357 Signature
541 1326 677 1360 apposée
694 1335 746 1354 sur
762 1328 790 1355 le
806 1332 935 1357 contrat
951 1331 991 1359 de
1008 1333 1146 1368 mariage
1164 1334 1202 1362 de
1219 1335 1309 1364 Anne
1327 1336 1497 1371 Lemonou,
1516 1338 1574 1366 fille
1590 1338 1631 1366 du

312 1366 455 1395 médecin
472 1368 628 1398 ordinaire
646 1371 688 1399 du
706 1372 766 1401 duc
783 1373 821 1401 de
839 1374 1053 1410 Longueville.

158 1437 284 1476 88132
312 1439 436 1478 LOTI
459 1442 606 1490 (Julien
627 1444 782 1490 Viaud,
804 1448 862 1484 dit
885 1447 1044 1496 Pierre),
1065 1451 1211 1489 officier
1230 1454 1279 1490 de
1299 1455 1462 1499 marine,
1482 1456 1632 1493 célèbre

387 1498 573 1541 écrivain,
597 1502 774 1537 membre
797 1503 845 1538 de
866 1503 1109 1542 l’Académie
1132 1507 1337 1553 française,
1362 1511 1411 1545 né
1434 1511 1455 1546 à
1481 1511 1632 1549 Roche-

387 1551 465 1588 fort
491 1553 963 1606 (Charente-Inférieure).
989 1582 1040 1586 —
1059 1561 1101 1599 L.
1127 1573 1160 1599 a,,
1184 1574 1213 1600 s.
1228 1575 1235 1606 ;
1259 1564 1284 1599 à
1304 1565 1404 1601 bord
1425 1566 1478 1602 du
1501 1566 1628 1615 Magi¬

385 1607 479 1651 cien,
499 1618 548 1645 20
564 1610 655 1653 mai,
675 1622 697 1647 2
713 1624 750 1659 p.
771 1610 882 1651 in-8°.
1507 1632 1552 1669 15
1613 1637 1630 1656 »

349 1672 456 1701 Lettre
471 1674 602 1703 relative
619 1675 637 1703 à
653 1684 696 1704 un
712 1678 815 1713 projet
833 1680 1060 1710 d’illustration
1078 1683 1116 1711 de
1135 1684 1210 1712 Mon
1227 1684 1303 1718 frère
1324 1686 1412 1714 Yves.

151 1741 278 1780 88133
304 1743 462 1782 LOUIS
484 1746 559 1790 XI,
580 1748 638 1785 roi
660 1750 708 1786 de
730 1750 890 1788 France.
916 1774 966 1778 —
985 1754 1026 1791 L.
1050 1767 1094 1799 s.,
1117 1767 1165 1792 en
1187 1756 1335 1801 italien,
1357 1761 1625 1808 contresignée

379 1813 451 1849 par
469 1802 656 1840 Albertus
680 1807 762 1853 (qui
781 1819 803 1842 a
822 1807 917 1845 écrit
936 1810 971 1845 le
990 1822 1103 1859 corps
1123 1812 1171 1848 de
1189 1813 1227 1849 la
1245 1814 1392 1862 lettre),
1413 1827 1462 1851 au
1482 1817 1556 1852 duc
1576 1817 1623 1853 de

379 1857 519 1902 Milan;
558 1871 637 1895 aux
675 1860 848 1907 Horties,
887 1874 936 1911 30
972 1868 1188 1904 novembre
1228 1868 1337 1915 1468,
1378 1882 1395 1906 1
1434 1883 1470 1919 p.
1511 1872 1591 1919 in-4
1591 1878 1608 1897 0
1612 1904 1619 1916 ,

378 1914 546 1955 adresse,
572 1915 674 1953 beau
696 1919 837 1955 cachet
860 1921 968 1957 collé.
1475 1937 1547 1974 150
1606 1941 1623 1961 »

343 1979 367 2006 U
386 1980 412 2007 le
429 1981 577 2009 remercie
594 1982 632 2010 de
650 1983 679 2011 la
696 1984 800 2012 bonne
818 1986 968 2014 affection
986 1989 1061 2023 qu’il
1080 1989 1123 2016 lui
1140 1998 1158 2017 a
1176 1990 1352 2027 témoignée
1370 2001 1407 2020 en
1425 1996 1571 2029 rompant
1589 1995 1618 2022 la

300 2032 407 2058 guerre
423 2027 531 2053 contre
547 2026 590 2054 les
607 2027 797 2063 Savoyards,
814 2033 845 2058 et
862 2038 942 2066 pour
958 2040 1006 2061 ses
1023 2033 1228 2064 félicitations
1246 2036 1263 2063 à
1279 2044 1394 2072 propos
1411 2037 1449 2066 de
1465 2038 1495 2065 la
1510 2038 1617 2067 réduc¬

299 2069 366 2096 tion
381 2069 436 2097 des
450 2071 591 2098 troubles
608 2072 653 2107 (sa
669 2075 825 2108 captivité
839 2076 931 2110 après
945 2077 1120 2107 l’entrevue
1136 2080 1175 2107 de
1191 2080 1364 2117 Péronne?)

143 2137 270 2177 88134
296 2140 456 2180 LOUIS
476 2144 609 2189 XVII,
630 2145 863 2184 l’infortuné
883 2148 943 2186 fils
964 2151 1013 2187 de
1033 2151 1152 2189 Louis
1174 2153 1283 2192 XVI.
1307 2176 1358 2181 —
1376 2156 1522 2193 Devoir
1541 2156 1619 2193 d’é¬

372 2199 517 2236 criture
544 2203 729 2249 composé
756 2204 803 2239 de
829 2217 900 2241 son
928 2207 1022 2243 nom
1049 2207 1344 2247 Louis-Charles
1370 2212 1503 2260 répété
1528 2212 1615 2261 cinq

372 2254 457 2298 fois,
480 2266 498 2291 1
517 2269 555 2305 p.
575 2258 677 2305 petit
697 2259 780 2306 in-4
780 2264 798 2284 0
801 2290 807 2296 .
833 2261 843 2308 (
847 2260 1051 2300 Collection
1073 2264 1221 2312 Tarhé).
1433 2278 1543 2305 1.000
1603 2281 1617 2301 »

335 2320 425 2349 Cette
439 2322 534 2357 pièce,
547 2323 676 2353 suivant
690 2333 752 2354 une
765 2329 840 2354 note
854 2327 894 2354 de
909 2328 950 2355 M.
967 2327 1068 2358 Tarbé
1082 2330 1159 2359 dont
1175 2331 1204 2359 la
1219 2332 1383 2361 collection
1397 2333 1444 2361 fut
1458 2334 1583 2362 vendue
1597 2334 1614 2362 à

301 2365 441 2394 Auxerre
453 2375 490 2394 en
503 2369 682 2403 septembre
696 2370 783 2406 1849,
796 2378 813 2398 a
826 2372 877 2400 été
888 2373 1017 2402 achetée
1028 2382 1086 2409 par
1098 2376 1139 2403 M.
1153 2375 1256 2405 Tarbé
1268 2377 1285 2405 à
1298 2378 1327 2405 la
1338 2381 1432 2406 vente
1444 2379 1481 2406 de
1495 2379 1535 2406 M.
1549 2379 1612 2406 Du-

290 2411 400 2438 mesnil
422 2411 460 2439 de
482 2412 659 2448 Saint-Cyr,
669 2415 847 2450 professeur
868 2417 1038 2446 d’écriture
1060 2420 1101 2447 du
1125 2420 1276 2457 dauphin.
1302 2423 1456 2452 Précieuse
1477 2424 1557 2458 pièce
1577 2423 1612 2452 de

289 2457 368 2483 toute
390 2457 491 2484 rareté.

135 2517 261 2559 88135
288 2521 464 2559 MARIE
477 2522 791 2572 LECZINSKA,
804 2528 912 2565 reine
925 2530 974 2567 de
987 2529 1151 2578 France,
1167 2533 1312 2582 épouse
1326 2535 1375 2572 de
1387 2535 1505 2573 Louis
1519 2534 1605 2574 XV.
