1863 3024
802 246 1006 297 - 31 -
419 371 471 406 du
498 370 677 418 bailliage
704 371 752 407 de
778 370 910 420 Bourg
936 384 1014 408 aux
1038 365 1154 408 États
1180 371 1389 419 généraux,
1418 370 1561 418 député
1588 371 1640 406 de

417 425 521 461 l’Ain
537 427 559 461 à
574 426 611 462 la
626 426 880 470 Convention,
896 427 944 463 né
959 427 981 463 à
995 426 1126 475 Bourg
1144 426 1259 474 (Ain).
1278 447 1327 452 —
1341 426 1380 463 P.
1399 438 1431 462 a.
1449 437 1476 462 s.
1490 437 1497 468 ;
1515 426 1637 468 Paris,

421 492 442 517 2
462 481 664 518 décembre
684 491 791 530 1792,
814 493 832 518 1
853 494 889 529 p.
911 483 993 529 in-4
992 487 1010 507 0
1013 512 1019 520 .
1539 480 1561 517 8
1622 492 1640 512 »

389 547 476 575 Pièce
487 547 618 575 relative
631 555 671 574 au
683 547 841 582 jugement
855 548 892 575 de
905 547 998 575 treize
1010 547 1139 583 émigrés
1152 548 1281 575 détenus
1295 547 1312 574 à
1325 547 1469 581 Langres.

194 618 318 656 88219
346 617 694 655 GAY-VERNON
727 618 946 666 (Léonard),
975 619 1064 655 curé
1093 619 1139 655 de
1167 617 1446 666 Canrpraignac
1471 615 1636 663 (Haute-

421 674 597 721 Vienne),
622 673 709 722 puis
733 673 880 722 évêque
903 673 1222 711 constitutionnel
1253 676 1291 709 et
1324 671 1467 720 député
1491 672 1513 707 à
1536 671 1636 707 l’As¬

420 730 589 766 semblée
616 729 833 777 législative
862 730 915 765 du
944 729 1069 765 même
1098 729 1380 777 département,
1410 726 1514 763 réélu
1544 726 1567 762 à
1598 727 1636 761 la

422 785 679 827 Convention,
704 784 752 820 né
776 785 798 820 à
822 783 1128 823 Saint-Léonard
1155 781 1491 831 (Haute-Vienne).
1522 801 1569 807 —
1592 780 1632 817 L.

423 854 455 878 a.
474 853 502 878 s.
523 841 545 877 à
560 853 614 877 un
630 840 823 883 ministre;
842 839 961 884 Paris,
980 850 1025 877 12
1042 839 1210 875 frimaire
1227 851 1275 874 an
1293 838 1337 885 V,
1360 837 1395 885 y
1384 859 1403 884 2
1419 850 1455 884 p.
1476 836 1557 882 in-4
1557 841 1574 859 0
1578 866 1583 871 .

1517 901 1564 927 10
1623 903 1638 922 »

387 964 409 990 Il
425 964 451 990 le
466 963 530 998 prie
545 963 582 990 de
597 962 672 989 faire
687 961 804 989 donner
818 969 859 989 un
873 961 981 988 cheval
996 961 1013 987 à
1027 968 1068 987 un
1083 961 1177 987 brave
1192 959 1305 986 officier
1319 958 1372 992 qui
1386 965 1403 984 a
1420 957 1517 992 perdu
1532 957 1559 984 le
1573 956 1637 983 sien

344 1009 361 1035 à
374 1009 404 1035 la
417 1016 537 1042 guerre;
551 1014 608 1034 son
619 1006 691 1041 père
703 1015 742 1033 ne
754 1009 830 1039 peut
844 1005 886 1031 lui
897 1005 1007 1033 rendre
1017 1013 1052 1032 ce
1064 1004 1191 1032 service.

192 1082 318 1120 88220
345 1079 629 1118 GENISSIEU
650 1077 1109 1127 (Jean-Joseph-Victor),
1128 1079 1269 1113 avocat
1287 1087 1337 1111 au
1353 1075 1570 1122 parlement
1589 1073 1637 1108 de

421 1135 625 1179 Grenoble,
650 1134 794 1182 député
817 1134 864 1170 de
885 1132 1016 1169 l’Isère
1040 1132 1062 1168 à
1083 1133 1121 1168 la
1143 1130 1399 1172 Convention,
1423 1128 1471 1165 né
1495 1129 1517 1164 à
1540 1127 1638 1164 Cha-

420 1192 526 1228 beuil
547 1191 731 1239 (Drôme).
756 1210 804 1215 —
820 1188 861 1226 L.
884 1201 927 1232 s.,
948 1199 1097 1224 comme
1116 1186 1290 1222 ministre
1310 1185 1357 1221 de
1375 1185 1415 1221 la
1433 1183 1595 1231 Justice,
1616 1183 1639 1217 à

422 1246 668 1288 Reverchon;
705 1245 824 1288 Paris,
859 1244 905 1281 28
938 1244 1099 1280 ventôse
1132 1254 1182 1277 an
1217 1240 1283 1284 IV,
1320 1251 1338 1276 1
1374 1239 1409 1288 p.
1454 1237 1486 1286 \/
1474 1260 1495 1286 2
1527 1238 1608 1282 in-4
1608 1242 1625 1261 0
1629 1268 1636 1280 ,

421 1304 596 1351 vignette
617 1300 827 1349 imprimée.
1543 1301 1563 1338 5
1625 1305 1641 1324 »

193 1387 316 1426 88221
345 1386 543 1424 GENTIL
569 1385 749 1434 (Michel),
772 1384 928 1419 homme
951 1382 998 1417 de
1018 1380 1081 1423 loi,
1105 1378 1249 1426 député
1272 1378 1324 1414 du
1348 1376 1479 1412 Loiret
1499 1375 1522 1410 à
1541 1374 1642 1411 l’As¬

418 1441 587 1479 semblée
602 1439 819 1488 législative
835 1441 874 1474 et
892 1438 915 1473 à
930 1437 968 1472 la
984 1434 1241 1475 Convention,
1258 1432 1308 1468 né
1324 1432 1348 1467 à
1364 1430 1645 1467 Ouzouer-sur-

420 1497 560 1533 Trézée
585 1495 756 1543 (Loiret).
782 1514 830 1518 —
850 1492 891 1528 L.
916 1503 949 1528 a.
972 1503 1001 1528 s.
1026 1502 1103 1525 aux
1124 1488 1316 1523 membres
1338 1486 1391 1521 du
1412 1483 1645 1524 Directoire;

420 1552 542 1595 Paris,
578 1560 624 1597 14
655 1549 826 1585 frimaire
858 1551 898 1583 et
929 1540 1361 1581 Ouzouer-sur-Trézée,
1397 1539 1443 1572 18
1475 1536 1647 1571 frimaire

421 1621 471 1645 an
492 1607 558 1648 IV,
580 1606 602 1640 8
621 1618 658 1652 p.
680 1605 731 1650 pl.
755 1600 917 1640 in-folio.
1523 1600 1569 1626 20
1630 1602 1647 1621 »

387 1673 531 1701 Curieuse
545 1671 637 1698 lettre
650 1668 780 1696 relative
809 1674 871 1694 aux
882 1665 1029 1693 résultats
1043 1664 1080 1690 de
1093 1669 1127 1690 sa
1139 1660 1265 1689 mission
1278 1667 1355 1694 pour
1368 1658 1394 1685 le
1406 1655 1646 1683 ravitaillement

348 1719 385 1746 de
402 1717 487 1744 Paris
499 1724 537 1743 en
551 1714 618 1742 bois
631 1716 663 1741 et
676 1721 714 1740 en
728 1712 874 1739 charbon.
892 1710 933 1736 Le
945 1707 1039 1735 motif
1053 1707 1106 1741 qui
1120 1714 1136 1732 a
1152 1704 1258 1733 décidé
1271 1704 1313 1730 les
1327 1699 1530 1729 cultivateurs
1544 1698 1561 1725 à
1575 1706 1647 1732 por¬

348 1768 396 1790 ter
412 1762 439 1789 le
455 1760 522 1788 bois
540 1760 616 1786 dans
632 1758 675 1785 les
692 1758 778 1791 ports
795 1755 848 1782 des
864 1760 996 1785 canaux,
1013 1760 1046 1779 ce
1061 1752 1142 1778 n’est
1159 1756 1213 1784 pas
1230 1748 1256 1775 le
1273 1746 1353 1774 désir
1369 1745 1405 1772 de
1421 1743 1567 1771 subvenir
1583 1750 1644 1768 aux

348 1806 472 1835 besoins
488 1805 525 1832 de
540 1804 571 1831 la
586 1802 721 1837 capitale
737 1799 815 1827 mais
832 1797 955 1832 l’espoir
972 1796 1066 1831 qu’on
1082 1795 1150 1822 leur
1162 1790 1316 1820 enverrait
1334 1790 1413 1817 leurs
1429 1787 1551 1815 enfants
1567 1794 1644 1820 poul¬

348 1852 392 1879 ies
406 1850 490 1877 aider
504 1849 581 1876 dans
595 1856 628 1874 ce
643 1844 765 1873 travail.
782 1843 886 1871 Gentil
900 1840 1058 1876 préconise
1071 1837 1185 1866 l’envoi
1198 1844 1237 1864 en
1249 1835 1343 1869 congé
1358 1834 1396 1861 de
1410 1840 1459 1860 ces
1473 1831 1519 1858 fils
1534 1831 1570 1857 de
1584 1830 1644 1857 cul¬

349 1896 503 1922 tivateurs
523 1895 554 1920 et
574 1892 613 1919 de
630 1887 798 1917 maintenir
818 1888 835 1914 à
856 1885 980 1913 l’année
1001 1892 1059 1919 que
1079 1883 1121 1910 les
1141 1882 1246 1915 jeunes
1267 1886 1340 1914 gens
1362 1877 1414 1912 qui
1433 1879 1487 1903 ont
1509 1876 1548 1902 du
1570 1874 1643 1908 goût

349 1948 428 1974 pour
443 1939 470 1966 le
486 1937 597 1965 métier
612 1933 768 1962 militaire.
787 1942 798 1956 «
814 1931 866 1959 Tel
882 1939 914 1957 se
931 1932 1040 1956 trouve
1057 1926 1144 1954 avoir
1160 1927 1247 1952 toute
1264 1924 1292 1950 la
1310 1921 1450 1956 capacité
1465 1918 1647 1951 nécessaire,

350 1992 428 2019 pour
442 1980 672 2016 l’exploitation
687 1979 778 2005 d’une
794 1977 902 2008 ferme,
916 1981 994 2009 pour
1008 1973 1038 1999 la
1052 1970 1198 1998 conduite
1213 1968 1266 1995 des
1281 1964 1425 1997 charrois,
1441 1965 1516 1991 d’un
1530 1963 1644 1990 bateau

349 2036 401 2056 sur
420 2028 464 2055 les
483 2025 608 2054 rivières
628 2026 658 2051 et
680 2023 732 2050 les.
741 2027 864 2049 canaux
884 2018 937 2053 qui
955 2026 993 2045 ne
1013 2015 1106 2044 serait
1128 2014 1144 2041 à
1164 2013 1287 2040 l’armée
1308 2011 1403 2045 qu’un
1424 2008 1484 2035 fort
1503 2005 1646 2033 mauvais

349 2073 463 2101 soldat.
478 2081 489 2096 »

197 2145 321 2184 88222
349 2131 945 2182 GÉRARD-DESRIVIÈRES
966 2128 1298 2182 (Jacob-Gérard),
1316 2125 1564 2167 cultivateur,
1583 2122 1648 2158 dé¬

424 2199 521 2248 puté
544 2196 754 2245 suppléant
778 2194 827 2230 de
850 2190 982 2228 l’Orne
1006 2188 1029 2224 à
1052 2188 1090 2224 la
1114 2183 1370 2225 Convention,
1396 2180 1424 2216 il
1447 2179 1574 2226 siégea
1599 2188 1645 2213 en

424 2254 729 2302 remplacement
751 2249 799 2286 de
821 2245 1017 2284 Bertrand
1038 2244 1085 2279 de
1105 2237 1378 2280 l’Hosdinière,
1401 2236 1449 2271 né
1472 2234 1495 2271 à
1516 2232 1647 2270 Saint-

425 2304 818 2347 Gervais-de-Messée
841 2300 983 2351 (Orne).
1005 2319 1055 2325 —
1071 2298 1112 2334 L.
1134 2308 1166 2333 a.
1187 2308 1215 2332 s.
1239 2306 1288 2330 au
1305 2290 1432 2340 préfet
1450 2287 1646 2325 maritime

424 2367 447 2402 à
462 2365 632 2406 Toulon;
650 2361 771 2403 Paris,
788 2358 812 2395 6
827 2356 1014 2407 germinal
1031 2366 1080 2390 an
1097 2351 1169 2395 IX,
1189 2361 1208 2387 1
1225 2362 1263 2397 p.
1281 2348 1364 2394 in-4
1362 2352 1380 2371 0
1383 2354 1390 2383 .
1525 2353 1572 2379 10
1633 2354 1652 2373 }>

388 2439 414 2466 Il
427 2439 456 2466 le
469 2437 536 2473 prie
550 2437 588 2463 de
604 2434 681 2462 faire
694 2439 801 2467 passer
815 2438 875 2458 une
889 2429 981 2456 lettre
998 2427 1014 2454 à
1029 2433 1083 2453 son
1099 2423 1156 2456 fils,
1171 2421 1309 2456 aspirant
1326 2418 1343 2445 à
1357 2417 1435 2445 bord
1449 2417 1490 2443 du
1505 2414 1648 2441 vaisseau

347 2484 393 2511 La
410 2481 621 2510 Constitution.
1203 2482 1209 2486 -

194 2555 318 2594 88223
347 2552 606 2593 GERTOUX
638 2548 792 2599 (Brice),
820 2544 983 2587 notaire,
1012 2539 1157 2589 député
1183 2538 1251 2575 des
1278 2529 1645 2578 Hautes-Pyrénées

423 2611 446 2646 à
459 2606 714 2647 l’Assemblée
728 2600 944 2651 législative
959 2603 998 2635 et
1015 2598 1037 2634 à
1052 2598 1089 2632 la
1105 2590 1362 2633 Convention,
1379 2588 1426 2625 né
1443 2588 1465 2623 à
1482 2585 1643 2622 Guchen

427 2658 832 2714 (Hautes-Pyrénées).
865 2677 914 2682 —
942 2654 982 2691 P.
1014 2665 1057 2696 s.,
1087 2650 1216 2698 signée
1245 2647 1459 2694 également
1489 2653 1561 2689 par
1589 2640 1646 2675 les
