1871 3009
881 132 1086 184 - 20 -
413 278 470 299 son
490 267 597 296 article
617 273 669 293 sur
689 264 732 292 les
751 260 916 290 molécules
936 257 1123 294 organiques
1144 257 1164 283 il
1184 263 1217 283 se
1238 255 1400 290 proposait
1422 255 1590 291 d’exposer,
1610 257 1711 292 plutôt

415 322 476 349 que
490 313 529 341 de
542 312 639 346 juger,
655 309 698 337 les
713 310 848 335 travaux
862 303 965 332 divers
980 302 1035 329 des
1049 299 1255 330 naturalistes
1270 301 1302 326 et
1318 299 1373 326 des
1388 299 1634 335 physiologistes.
1651 312 1662 327 «
1676 303 1713 337 Je

416 356 535 385 voulais
552 354 661 382 attirer
676 349 856 380 l’attention
872 347 925 376 des
940 346 1099 375 médecins
1115 344 1256 379 pendant
1275 343 1426 378 quelques
1442 343 1575 372 instants
1590 353 1640 373 sur
1654 354 1712 375 une

417 400 561 437 question
576 398 628 434 qui
643 400 689 425 est
705 396 732 423 le
747 393 930 422 fondement
945 391 1048 418 même
1063 389 1102 418 de
1117 390 1206 416 toute
1221 386 1343 415 science
1357 388 1568 423 organologiqi
1580 397 1595 416 e
1609 392 1638 417 et
1655 398 1711 425 que

417 447 447 473 la
462 446 586 480 plupart
603 442 722 469 d’entre
737 447 796 467 eux
806 446 845 465 ne
859 436 1075 471 soupçonnent
1092 434 1193 462 même
1203 439 1269 466 pas.
1279 441 1290 457 »
1304 431 1328 458 Il
1345 430 1459 460 félicite
1478 432 1602 467 Raspail
1618 433 1653 461 de
1668 442 1713 463 ses

418 493 552 517 travaux
567 490 598 515 et
614 486 634 513 il
648 483 787 520 exprime
802 480 926 516 l’espoir
941 479 1017 514 qu’il
1032 485 1147 513 pourra
1162 476 1238 504 tirer
1252 475 1282 503 la
1298 475 1458 504 médecine
1472 476 1509 503 de
1524 477 1553 504 la
1569 477 1719 511 profonde,

418 533 535 561 ornière
548 531 589 559 où
603 530 658 559 elle
670 537 703 557 se
717 530 838 555 trouve.
855 536 866 551 «
879 524 943 560 J’ai
957 523 1099 557 toujours
1113 522 1192 550 vécu
1207 521 1285 547 dans
1306 519 1335 546 la
1361 520 1538 554 persuasion
1553 521 1625 555 qu’il
1637 522 1713 550 n’est

418 585 519 605 aucun
536 575 738 602 mouvement
755 579 808 599 sur
825 570 854 597 la
871 572 962 601 terre,
979 566 1121 599 minéral,
1139 564 1273 599 végétal,
1291 572 1331 591 ou
1350 564 1475 597 animal,
1494 564 1546 599 qui
1561 572 1599 592 ne
1614 565 1672 593 soit
1688 566 1714 594 le

417 621 547 650 résultat
568 620 621 647 des
642 618 810 645 influences
830 612 1018 642 extérieures
1039 611 1094 646 qui
1114 609 1324 643 enveloppent
1346 610 1417 635 tous
1436 609 1480 635 les
1499 616 1595 642 corps,
1615 612 1645 637 et
1665 611 1714 644 qui

417 666 551 700 agissent
570 671 622 691 sur
640 670 700 690 eux
718 669 756 688 en
774 661 866 687 vertu
885 657 939 685 des
957 656 1014 684 lois
1032 656 1077 683 les
1095 655 1165 689 plus
1183 652 1341 688 vulgaires
1360 652 1398 679 de
1416 652 1445 679 la
1463 652 1612 687 physique
1630 654 1713 688 géné¬

416 710 478 737 rale
485 731 490 737 .
521 718 532 733 »

271 782 395 821 88168
420 778 672 819 SANDEAU
694 775 846 827 (Jules),
866 773 1085 812 romancier
1103 774 1144 808 et
1163 773 1306 808 auteur
1324 768 1581 817 dramatique,
1600 780 1715 805 mem¬

493 837 562 874 bre
581 835 629 872 de
648 831 888 871 l’Académie
907 828 1112 875 française,
1133 826 1183 865 né
1202 825 1225 861 à
1243 823 1453 861 Aubusson
1476 824 1649 872 (Creuse).
1671 846 1718 851 —

494 892 535 929 L.
558 903 590 928 a.
612 902 640 928 s.
661 890 686 926 à
702 899 774 925 son
794 887 872 924 ami
889 884 1063 927 Alberic;
1083 880 1292 919 dimanche
1310 879 1448 923 matin,
1469 890 1488 928 i
1507 879 1542 928 p.
1562 879 1617 916 in-
1619 879 1641 916 8
1641 884 1666 917 °.

1602 945 1646 972 io
1704 949 1717 968 »

462 1015 487 1042 Il
504 1014 530 1041 le
547 1013 613 1048 prie
629 1013 667 1040 de
684 1011 726 1039 lui
743 1010 819 1038 faire
836 1009 1000 1037 l’honneur
1016 1007 1054 1034 de
1071 1005 1169 1033 croire
1187 1002 1263 1038 qu’il
1280 1005 1326 1030 est
1345 1001 1507 1036 incapable
1523 1001 1574 1028 des
1589 1001 1717 1030 lâchetés

421 1062 453 1087 et
467 1059 522 1086 des
535 1057 693 1085 trahisons
708 1056 785 1083 dont
803 1054 822 1081 il
839 1062 857 1080 a
872 1061 914 1088 pu
930 1052 957 1079 le
972 1056 1170 1086 soupçonner
1185 1057 1228 1075 un
1244 1047 1376 1075 instant.
1395 1056 1406 1070 «
1421 1046 1458 1080 Je
1472 1046 1534 1073 n’ai
1548 1045 1655 1079 jamais
1669 1046 1716 1073 de¬

421 1103 536 1131 mandé
547 1103 576 1129 la
590 1100 743 1130 direction
756 1100 798 1127 du
812 1094 1127 1130 Théâtre-Français;
1142 1094 1172 1128 je
1184 1101 1224 1120 ne
1237 1092 1266 1119 la
1280 1090 1434 1118 demande
1447 1090 1479 1118 ni
1490 1098 1527 1117 ne
1541 1089 1568 1116 la
1581 1090 1717 1118 convoite

421 1150 451 1175 et
466 1148 495 1183 je
510 1147 588 1175 défie
603 1145 656 1181 qui
669 1153 701 1173 se
714 1144 776 1172 soit
792 1151 832 1170 au
846 1141 960 1169 monde
975 1140 1013 1168 de
1028 1146 1163 1174 prouver
1178 1137 1205 1164 le
1219 1135 1386 1164 contraire.
1401 1144 1412 1159 »

273 1221 397 1261 88169
424 1213 650 1258 SÉVIGNE
680 1217 814 1267 (Marie
840 1213 889 1252 de
915 1211 1341 1252 Rabutin-Chantal,
1369 1207 1561 1255 marquise
1586 1206 1658 1255 de),
1683 1207 1718 1243 la

496 1276 646 1313 célèbre
665 1271 895 1322 épistolière.
917 1291 969 1296 —
986 1268 1059 1304 Fin
1079 1268 1127 1303 de
1146 1267 1263 1303 lettre
1284 1268 1364 1301 aut.
1387 1264 1411 1299 à
1429 1262 1479 1299 M.
1502 1263 1553 1299 du
1572 1262 1717 1305 Plessis,

499 1343 569 1380 ip.
584 1331 640 1367 in-
642 1340 667 1376 4
666 1335 683 1354 0
687 1362 694 1374 ,
708 1329 873 1365 adresse.
1574 1327 1641 1355 100
1697 1331 1711 1350 »

464 1398 530 1426 Elle
549 1397 576 1425 le
595 1396 661 1432 prie
680 1395 718 1424 de
736 1402 841 1429 passer
859 1392 928 1420 voir
946 1400 988 1419 un
1008 1391 1046 1418 de
1064 1397 1113 1417 ses
1133 1387 1212 1415 amis
1231 1389 1262 1414 et
1282 1386 1319 1413 de
1338 1384 1479 1414 réveiller
1497 1391 1551 1411 son
1570 1383 1715 1411 affection.

423 1443 491 1470 Elle
505 1449 646 1469 annonce
660 1440 802 1467 l’arrivée
818 1438 861 1465 du
875 1435 1016 1471 marquis
1031 1435 1100 1469 [son
1116 1432 1212 1466 fils?);
1231 1432 1249 1458 il
1266 1432 1313 1458 est
1329 1429 1394 1465 joli,
1411 1428 1491 1456 mais
1507 1428 1526 1455 il
1541 1435 1558 1455 a
1574 1427 1602 1454 la
1619 1426 1717 1460 fièvre;

423 1495 457 1514 sa
474 1486 534 1514 fille
550 1495 588 1514 en
606 1487 652 1513 est
670 1485 741 1512 hors
758 1483 808 1518 [de
825 1481 941 1515 fièvre],
959 1482 1019 1508 etc.
1037 1487 1042 1491 •

279 1559 402 1598 88170
429 1556 656 1595 SOURDIS
676 1554 872 1604 (François
889 1551 1189 1592 d’Escoubleau,
1207 1547 1382 1585 cardinal
1396 1544 1473 1594 de),
1491 1543 1719 1592 archevêque

503 1613 552 1650 de
568 1613 790 1650 Bordeaux.
810 1631 861 1636 —
876 1608 918 1646 P.
938 1622 983 1652 s.,
1001 1620 1050 1643 en
1066 1606 1185 1648 latin;
1205 1604 1429 1644 Bordeaux,
1450 1600 1495 1638 18
1512 1598 1722 1648 septembre

503 1668 598 1705 1601
606 1679 612 1712 ,
633 1679 652 1703 1
670 1680 707 1716 p.
727 1665 889 1703 in-folio.
1607 1664 1650 1691 12
1708 1666 1721 1686 »

467 1736 645 1762 Document
659 1733 765 1761 relatif
777 1740 818 1759 au
831 1730 963 1759 vicariat
978 1729 1017 1757 de
1030 1726 1240 1756 Saint-Pierre
1254 1725 1292 1753 de
1307 1724 1352 1751 La
1367 1721 1483 1750 Lande.

278 1809 401 1849 88171
427 1807 657 1846 SOURDIS
686 1805 824 1855 (Henri
847 1800 1174 1842 d’EscouBLEAU
1197 1800 1275 1848 de),
1302 1794 1542 1842 archevêque
1566 1792 1612 1829 de
1635 1791 1725 1828 Bor¬

504 1864 645 1906 deaux,
668 1863 829 1899 fameux
850 1860 989 1903 marin,
1013 1858 1082 1907 qui
1104 1856 1199 1893 défit
1220 1856 1275 1892 les
1297 1851 1513 1902 Espagnols
1535 1848 1557 1885 à
1579 1846 1729 1885 Gattari

505 1924 544 1956 et
564 1918 688 1957 battit
708 1916 983 1964 Bockingham
1003 1915 1027 1950 à
1045 1912 1124 1950 l’île
1145 1913 1194 1949 de
1215 1910 1285 1947 Ré.
1311 1908 1420 1944 —P.
1443 1919 1472 1943 s.
1484 1917 1492 1949 ;
1514 1904 1727 1944 Bordeaux,

506 1986 551 2012 10
571 1974 786 2012 novembre
807 1972 903 2019 1633
910 1982 917 2014 ,
941 1982 959 2007 1
981 1983 1019 2019 P-
1043 1968 1207 2006 in-folio.
1614 1968 1658 1995 12
1717 1970 1730 1990 »

472 2041 569 2069 Ordre
587 2041 625 2069 de
644 2040 721 2067 faire
739 2037 948 2073 comparaître
967 2044 1005 2064 en
1023 2043 1080 2063 son
1099 2033 1199 2069 palais
1218 2032 1261 2061 les
1280 2030 1430 2065 religieux
1450 2027 1502 2063 qui
1520 2027 1573 2053 ont
1593 2022 1698 2051 assisté
1716 2022 1732 2049 à

431 2095 490 2114 une
507 2080 676 2113 assemblée
693 2082 853 2111 interdite.

282 2159 405 2199 88172
431 2157 792 2196 TALEEYRAND
818 2152 1181 2204 (Charles-Maurice
1203 2151 1279 2198 de),
1302 2148 1435 2197 prince
1456 2145 1503 2181 de
1523 2141 1732 2182 Bénévent,

506 2216 541 2252 le
557 2215 718 2251 fameux
733 2212 960 2261 diplomate.
980 2231 1031 2236 —
1045 2209 1086 2245 L.
1106 2211 1187 2245 aut.
1202 2218 1209 2250 ;
1226 2205 1441 2250 Valencay,
1461 2210 1506 2247 17
1512 2209 1518 2243 ,
1537 2208 1557 2236 2
1574 2210 1610 2245 p.
1628 2197 1683 2232 in-
1685 2194 1707 2230 8
1707 2199 1733 2231 °.

508 2270 566 2307 La
587 2271 704 2306 lettre
728 2272 788 2305 est
811 2266 1001 2303 terminée
1024 2276 1096 2313 par
1119 2276 1173 2300 un
1198 2259 1502 2310 post-scriptum
1528 2257 1606 2291 aut.
1634 2251 1680 2288 de
1701 2250 1737 2286 la

509 2325 696 2363 duchesse
715 2324 762 2360 de
780 2323 894 2359 Dino.
1622 2315 1664 2353 IZ
1724 2317 1739 2339 »

473 2398 497 2424 Il
519 2397 604 2431 parle
623 2396 663 2423 de
682 2396 713 2423 la
732 2395 851 2427 chasse-,
872 2394 911 2421 de
931 2393 961 2420 la
984 2392 1102 2427 qualité
1123 2391 1162 2418 de
1183 2389 1212 2416 la
1234 2388 1355 2424 poudre
1377 2383 1540 2420 employée
1559 2382 1591 2407 et
1611 2377 1668 2405 fait
1689 2377 1740 2404 des

433 2441 595 2470 réflexions
611 2449 663 2469 sur
679 2439 798 2473 l’esprit
815 2439 853 2466 de
869 2437 963 2473 parti,
982 2445 1041 2472 que
1058 2437 1120 2464 l’on
1136 2437 1213 2462 veut
1230 2433 1368 2461 ranimer
1385 2438 1441 2465 par
1458 2431 1530 2455 tous
1547 2425 1589 2452 les
1604 2429 1739 2456 moyens.

436 2492 448 2510 <t
461 2486 499 2520 Je
514 2494 592 2513 vous
607 2492 712 2512 assure
728 2492 787 2518 que
801 2483 831 2509 la
846 2481 1034 2517 disposition
1049 2481 1088 2508 de
1103 2480 1135 2507 la
1152 2479 1271 2506 France
1286 2477 1366 2505 était
1382 2476 1472 2502 toute
1488 2473 1588 2498 autre.
1602 2478 1614 2493 »

287 2558 412 2598 88173
437 2558 471 2594 T
471 2554 618 2595 ALMA
649 2555 876 2605 (François),
904 2554 940 2590 le
967 2553 1118 2590 célèbre
1146 2549 1363 2599 tragédien.
1395 2567 1445 2572 —
1472 2544 1513 2580 P.
1544 2554 1588 2584 s.,
1617 2538 1742 2586 signée
