1863 3072
844 273 891 307 —
922 272 970 307 18
996 292 1043 297 —

452 390 664 427 Manuscrit
677 390 795 438 signé,
810 401 904 426 avec
917 389 1105 439 quelques
1118 391 1355 428 corrections
1369 397 1464 437 aut.,
1478 405 1500 443 4
1511 408 1547 444 p.
1562 398 1666 446 in-40.

413 456 684 483 Communication
700 464 754 483 sur
770 455 924 490 plusieurs
940 463 993 482 cas
1011 455 1049 483 de
1067 455 1177 483 fièvres
1195 456 1442 487 intermittentes
1460 461 1558 495 guéris
1575 473 1628 498 par
1645 467 1670 495 le

372 500 552 528 traitement
572 500 613 527 du
632 499 761 528 docteur
780 500 889 528 Déclat
909 499 1083 527 consistant
1104 509 1141 527 en
1162 500 1310 535 injection
1330 502 1450 531 d’acide
1470 505 1629 542 phénique.

445 561 517 598 Les
536 563 639 599 deux
655 562 792 610 pièces.
1563 581 1609 616 30
1655 587 1669 606 »

216 642 346 682 §8154
372 644 614 682 PASTEUR
634 645 792 693 (Louis).
814 667 864 672 —
882 651 920 682 i°
936 645 978 682 L.
1001 657 1034 683 a.
1055 658 1083 682 s.
1105 646 1128 681 à
1146 646 1196 682 M.
1219 647 1254 693 J.
1277 647 1489 692 Bertrand;
1512 651 1571 699 (27
1588 653 1667 700 jan¬

442 700 523 737 vier
543 701 667 749 1891),
693 701 728 749 y
717 724 735 749 2
755 714 791 749 p.
814 700 931 738 in-16.

407 766 620 794 Convocation
645 775 724 800 pour
749 768 899 795 entendre
925 775 985 794 une
1011 767 1279 795 communication
1305 768 1343 795 de
1371 769 1409 796 M.
1440 771 1666 802 Bischoffsheim

364 810 493 838 relative
510 811 529 838 à
546 811 700 839 l’Institut
720 812 862 839 Pasteur.

438 871 478 902 2°
504 867 608 903 Note
625 872 706 905 aut.
727 868 794 915 sig.
817 868 883 905 des
902 867 1089 911 initiales;
1110 879 1155 904 21
1175 879 1292 912 mars,
1314 880 1332 905 1
1352 881 1389 918 p.
1411 870 1517 908 in-8°.

435 932 508 971 Les
533 935 637 971 deux
659 935 796 984 pièces.
1549 949 1593 986 35
1652 956 1665 975 »

211 1014 336 1055 88155
364 1016 606 1054 PASTEUR
626 1018 784 1066 (Louis).
804 1040 855 1045 —
870 1019 911 1056 L.
932 1031 967 1055 a.
987 1031 1016 1055 s.
1036 1031 1102 1056 sur
1118 1031 1195 1055 une
1212 1023 1663 1069 carte-correspondance

436 1073 459 1108 à
475 1085 529 1110 un
546 1074 751 1111 secrétaire
767 1075 983 1123 perpétuel,
1002 1086 1030 1112 s.
1052 1075 1103 1118 d.,
1126 1086 1144 1111 1
1163 1087 1200 1122 p.
1222 1075 1341 1112 in-16.
1546 1088 1591 1116 20
1649 1093 1663 1113 »

403 1139 510 1167 Lettre
526 1140 656 1167 relative
673 1141 690 1168 à
708 1141 735 1167 la
751 1141 959 1168 constitution
977 1141 1052 1168 d’un
1069 1141 1185 1169 comité
1203 1142 1253 1176 (de
1271 1141 1426 1170 l’Institut
1445 1143 1609 1179 Pasteur?).

212 1209 337 1250 88166
364 1211 607 1250 PASTEUR
632 1213 790 1261 (Louis).
816 1235 867 1240 —
888 1220 927 1251 i°
949 1214 1165 1251 Manuscrit
1193 1215 1285 1263 (non
1309 1216 1421 1263 aut.),
1446 1228 1537 1253 avec
1560 1219 1661 1266 quel¬

432 1280 526 1316 ques
545 1270 780 1306 corrections
800 1274 896 1313 aut.,
919 1282 937 1306 1
958 1270 994 1318 p.
1020 1270 1035 1296 !
1025 1270 1056 1318 /
1045 1293 1063 1319 2
1084 1270 1165 1316 in-4
1166 1275 1183 1294 0
1187 1302 1192 1307 .

399 1334 672 1363 Communication
689 1345 743 1363 sur
761 1337 790 1363 la
808 1336 940 1364 relation
959 1337 1014 1370 qui
1031 1337 1131 1364 existe
1149 1339 1238 1365 entre
1256 1337 1284 1364 le
1301 1337 1434 1366 ferment
1453 1336 1592 1373 organisé
1608 1340 1659 1367 des

358 1379 460 1406 urines
480 1380 721 1408 ammoniacales
740 1383 771 1408 et
792 1381 819 1408 le
839 1380 971 1409 ferment
992 1381 1124 1409 soluble.

484 1452 523 1483 2°
549 1447 764 1484 Manuscrit
788 1449 879 1496 (non
900 1448 1012 1495 aut.),
1035 1461 1129 1485 avec
1150 1449 1387 1487 corrections
1407 1454 1445 1486 et
1466 1451 1656 1488 additions

432 1506 529 1544 aut.,
548 1513 570 1547 3
586 1515 624 1549 p.
643 1502 753 1540 in-8°.

401 1565 617 1596 Rectification
632 1568 648 1593 à
662 1575 721 1595 une
734 1570 999 1598 communication
1013 1569 1050 1597 de
1064 1570 1105 1597 M.
1121 1570 1207 1598 Colin
1220 1579 1273 1598 sur
1287 1571 1313 1598 le
1326 1571 1463 1599 charbon
1477 1572 1529 1599 des
1542 1573 1655 1607 poules.

358 1608 487 1636 Pasteur
506 1610 619 1638 défend
638 1619 671 1638 sa
691 1613 838 1640 méthode
858 1614 1050 1648 scientifique
1071 1622 1146 1642 avec
1167 1615 1307 1644 vivacité
1326 1620 1433 1643 contre
1452 1616 1495 1643 les
1514 1619 1655 1651 attaques

357 1652 396 1679 de
417 1653 457 1679 M.
482 1653 577 1681 Colin.

478 1714 549 1752 Les
569 1717 673 1753 deux
689 1718 828 1766 pièces.
1536 1733 1583 1769 30
1641 1737 1654 1755 »

193 1793 326 1835 '88157
353 1797 606 1836 PERNETY
646 1801 960 1851 (Joseph-Marie,
998 1805 1170 1842 vicomte
1208 1806 1284 1852 de),
1322 1806 1474 1843 célèbre'
1505 1806 1654 1854 général

426 1854 662 1899 d’artillerie,
682 1858 751 1905 qui
767 1858 848 1906 prit
865 1871 943 1895 une
960 1865 1052 1908 part
1070 1861 1262 1909 glorieuse
1280 1862 1304 1897 à
1322 1862 1360 1898 la
1377 1874 1590 1910 campagne
1608 1863 1653 1899 de

425 1908 538 1954 Saxe,
563 1912 612 1947 né
636 1912 659 1948 à
682 1913 806 1957 Lyon.
834 1936 885 1941 —
906 1915 948 1952 L.
977 1928 1010 1952 a.
1037 1929 1065 1954 s.
1094 1918 1117 1952 à
1142 1917 1191 1954 M.
1221 1918 1268 1954 de
1292 1917 1451 1961 Mabru;
1477 1918 1651 1961 Valence,

423 1975 446 2012 7
465 1967 624 2004 octobre
645 1969 753 2012 1818,
776 1981 795 2018 1
815 1971 852 2024 p.
878 1971 914 2024 y
903 1993 921 2019 2
941 1971 1024 2019 in-4
1024 1978 1041 1996 0
1045 2004 1051 2009 .
1074 1972 1180 2009 Belle
1200 1974 1326 2009 lettre.
1536 1984 1580 2010 10
1639 1987 1653 2007 »

197 2043 323 2083 88158
348 2047 506 2086 PETIT
528 2051 740 2100 (Antoine),
762 2054 913 2091 célèbre
932 2056 1123 2100 médecin,
1146 2058 1215 2105 qui
1236 2058 1358 2095 fonda
1378 2058 1401 2093 à
1421 2056 1581 2093 Orléans
1599 2068 1652 2092 un

421 2106 566 2143 service
584 2109 733 2155 gratuit
752 2110 799 2146 de
818 2112 1119 2156 consultations,
1139 2113 1188 2149 né
1206 2114 1229 2149 à
1248 2113 1421 2150 Orléans.
1443 2134 1492 2138 —-
1508 2112 1547 2149 L.
1570 2124 1601 2149 a.
1621 2124 1647 2148 s.

420 2161 443 2196 à
470 2160 596 2206 Coste,
625 2165 803 2201 médecin
831 2166 878 2203 de
905 2166 1087 2215 l’hôpital
1114 2168 1298 2205 militaire
1327 2169 1374 2205 de
1402 2169 1503 2211 Gex;
1532 2167 1649 2210 Paris,

420 2226 465 2252 21
483 2216 636 2264 janvier
653 2230 761 2268 1770,
779 2232 802 2273 3
818 2233 854 2270 p.
875 2222 958 2268 in-4
958 2228 975 2247 0
978 2254 985 2265 ,
1004 2225 1170 2261 adresse.
1532 2234 1578 2260 10
1637 2236 1651 2255 »

385 2288 409 2314 Il
425 2289 509 2322 parle
524 2291 562 2318 de
577 2291 730 2326 Voltaire;
747 2294 766 2320 il
782 2293 824 2320 lui
838 2294 912 2322 cède
927 2304 964 2323 en
980 2298 1061 2330 tout,
1076 2297 1157 2324 mais
1172 2305 1234 2325 non
1251 2297 1357 2332 quand
1375 2297 1392 2324 il
1407 2297 1519 2331 s’agira
1535 2295 1647 2324 d’atta¬

341 2332 485 2360 chement
504 2343 582 2369 pour
599 2336 700 2366 Coste.

186 2400 313 2440 88169
339 2403 502 2443 PINEL
530 2408 752 2458 (Philippe),
779 2411 930 2448 célèbre
954 2413 1144 2457 médecin,
1172 2415 1241 2462 qui
1264 2415 1435 2451 réforma
1459 2414 1493 2450 le
1518 2413 1650 2449 traite¬

415 2468 524 2499 ment
542 2464 608 2500 des
627 2465 783 2509 aliénés,
802 2467 850 2503 né
869 2468 891 2503 à
909 2467 1175 2506 Saint-André
1197 2471 1342 2519 (Tarn).
1372 2491 1422 2496 —
1438 2475 1476 2505 i°
1494 2469 1534 2505 P.
1554 2480 1586 2505 a.
1606 2480 1648 2510 s.,

414 2517 543 2565 signée
573 2521 676 2556 aussi
705 2522 776 2569 par
805 2522 966 2572 Boyer,
996 2526 1164 2573 premier
1193 2526 1414 2574 chirurgien
1443 2526 1490 2562 de
1519 2524 1649 2571 Napo¬

412 2572 500 2610 léon
525 2575 543 2610 I
546 2580 579 2599 er
587 2587 595 2618 ;
622 2576 742 2621 Paris,
768 2589 791 2624 3
815 2577 969 2625 janvier
994 2580 1102 2628 1814,
1131 2593 1149 2617 1
1173 2595 1211 2631 p.
1239 2583 1322 2627 in-4
1322 2587 1340 2606 0
1342 2613 1348 2618 .

381 2644 596 2674 Consultation
616 2656 694 2682 pour
714 2650 822 2684 Henry
841 2651 943 2684 Azaïs,
963 2652 1001 2679 de
1020 2652 1152 2687 Castres,
1172 2655 1287 2683 atteint
1307 2655 1400 2683 d’une
1419 2653 1532 2689 phtisie
1551 2652 1649 2685 laryn¬

360 2690 422 2721 gée.
