1898 3090
941 416 1143 465 - 28 -
476 529 566 557 mois.
593 529 747 560 Personne
770 535 889 564 n’obéit
914 546 977 566 aux
999 543 1222 579 prescriptions
1245 547 1300 577 des
1323 553 1476 583 autorités
1499 565 1591 591 parce
1615 563 1708 596 qu’on
1730 568 1782 595 n’a

473 579 531 606 pas
545 575 706 604 confiance
720 578 799 607 dans
812 587 863 608 ces
877 583 1040 613 autorités.
1058 596 1071 611 «
1085 586 1129 616 Le
1143 596 1389 624 gouvernement
1403 599 1627 632 n’ouvrira-t-il
1641 607 1684 636 les
1699 618 1780 644 yeux

474 623 534 650 que
549 616 673 653 lorsque
688 620 717 649 le
733 622 797 650 mal
811 632 881 652 sera
895 633 968 655 sans
983 629 1118 660 remède.
1137 633 1189 661 Un
1204 638 1296 665 autre
1312 638 1392 668 fléau
1408 650 1487 672 nous
1504 653 1646 685 menace;
1662 651 1689 680 le
1705 656 1779 689 pain

470 663 549 688 vaut
566 661 607 689 ici
622 664 700 692 trois
715 666 778 694 sols
795 670 827 696 et
845 669 929 698 demi
945 672 976 699 la
992 673 1080 703 livre.
1100 676 1191 706 Cette
1208 680 1315 710 cherté
1332 691 1350 711 a
1367 693 1446 719 pour
1464 696 1555 719 cause
1571 693 1599 721 le
1616 695 1722 725 défaut
1741 700 1778 728 de

473 705 588 734 récolte
603 709 635 734 et
650 708 869 741 l’enlèvement
886 714 939 743 des
956 717 1059 751 grains
1073 720 1179 750 vieux.
1194 722 1206 762 »

315 763 439 806 88201
465 765 803 815 FRÉMANGER
828 780 1042 834 (Jacques),
1068 787 1216 837 député
1237 791 1553 839 d’Eure-et-Loir
1575 804 1598 841 à
1619 806 1656 844 la
1678 809 1778 848 Con¬

540 831 715 876 vention,
738 834 788 871 né
807 835 832 872 à
853 836 1196 887 Ivry-la-Bataille
1221 847 1366 899 (Eure).
1391 873 1443 881 —
1461 855 1503 894 P.
1527 870 1560 897 a.
1583 872 1612 898 s.
1625 873 1635 905 ;
1657 863 1770 910 Caen,

539 895 585 922 21
601 885 735 925 floréal
750 902 801 926 an
817 890 870 937 II,
889 904 909 930 i
924 907 962 943 p.
980 896 1145 944 in-folio,
1162 901 1245 939 tête
1260 908 1301 942 et
1315 906 1493 956 vignette
1507 911 1718 964 imprimée.

1650 983 1695 1021 IZ
1755 990 1773 1011 »

499 1004 703 1036 Considérant
721 1019 781 1045 que
797 1012 841 1041 les
857 1016 986 1046 souliers
1002 1018 1122 1049 fournis
1140 1030 1203 1050 aux
1221 1025 1402 1058 défenseurs
1420 1031 1458 1059 de
1475 1034 1504 1060 la
1524 1034 1627 1065 Patrie
1643 1043 1713 1068 sont
1731 1050 1768 1071 en

456 1051 600 1079 mauvais
615 1052 682 1081 état
698 1054 718 1082 il
734 1058 865 1091 prescrit
881 1059 919 1088 de
934 1061 1025 1090 saisir
1039 1064 1083 1092 les
1099 1067 1207 1096 malles
1225 1070 1278 1105 qui
1294 1072 1337 1100 les
1354 1075 1568 1107 contiennent.

303 1118 429 1158 88202
454 1116 675 1163 FRÉRON
718 1128 1232 1189 (Stanislas-Louis-Marie),
1271 1146 1493 1194 publiciste,
1535 1152 1680 1202 député
1718 1159 1766 1196 de

528 1179 638 1218 Paris
662 1181 687 1219 à
708 1184 749 1221 la
771 1185 1031 1229 Convention.
1060 1213 1111 1220 —
1132 1195 1174 1233 L.
1203 1210 1235 1235 a.
1263 1211 1292 1237 s.
1321 1202 1344 1237 à
1367 1202 1407 1239 M
1413 1208 1463 1230 me
1486 1206 1687 1257 Duplessis
1714 1214 1765 1262 (la

527 1234 751 1276 belle-mère
771 1241 820 1278 de
839 1243 1001 1283 Camille
1021 1248 1307 1303 Desmoulins);
1329 1267 1377 1295 22
1396 1263 1560 1301 ventôse
1579 1277 1628 1302 an
1648 1267 1760 1313 VIII,

527 1301 548 1327 2
573 1304 611 1340 p.
640 1293 697 1330 in-
699 1305 724 1343 4
723 1301 741 1321 0
743 1309 750 1358 .
1639 1332 1687 1360 20
1745 1339 1763 1359 »

495 1356 520 1383 Il
539 1357 694 1388 l’informe
714 1363 790 1396 qu’il
806 1366 882 1393 s’est
900 1371 1067 1398 entretenu
1087 1372 1124 1400 de
1142 1381 1176 1400 sa
1195 1377 1332 1410 position
1351 1385 1381 1408 et
1401 1381 1438 1410 de
1457 1385 1529 1412 celle
1548 1386 1700 1416 d’Horace
1719 1391 1759 1424 (le

450 1400 497 1428 fils
515 1402 552 1430 de
570 1403 709 1439 Camille)
727 1414 803 1436 avec
820 1410 847 1437 le
864 1411 1007 1441 ministre
1024 1415 1061 1443 de
1079 1416 1266 1448 l’Intérieur.
1287 1422 1328 1450 Le
1344 1424 1486 1456 ministre
1503 1430 1612 1458 trouve
1626 1433 1709 1466 juste
1724 1438 1757 1463 et

450 1448 642 1476 convenable
657 1457 716 1484 que
732 1451 758 1480 le
773 1452 820 1481 fils
837 1455 874 1482 de
890 1455 1018 1487 Camille
1033 1460 1232 1492 Desmoulins
1246 1470 1333 1496 entre
1347 1476 1387 1496 au
1403 1470 1565 1508 Prytanée,
1580 1476 1659 1504 mais
1673 1478 1692 1504 il
1706 1482 1754 1507 est

449 1489 681 1526 indispensable
694 1503 754 1530 que
766 1497 897 1528 l’enfant
908 1503 1001 1531 sache
1011 1505 1237 1539 parfaitement
1249 1511 1304 1539 lire
1316 1515 1346 1540 et
1358 1514 1453 1543 écrire
1464 1522 1560 1545 avant
1571 1527 1628 1548 son
1638 1521 1752 1550 admis¬

447 1533 524 1562 sion.
543 1535 585 1564 Le
600 1538 743 1568 ministre
758 1545 805 1569 est
822 1544 995 1579 également
1011 1548 1137 1584 disposé
1153 1551 1173 1579 à
1187 1554 1286 1582 servir
1301 1556 1331 1583 la
1339 1559 1475 1592 .pension
1492 1569 1551 1596 que
1566 1563 1596 1590 la
1612 1563 1750 1594 Conven¬

444 1577 510 1604 tion
525 1587 545 1603 a
557 1581 650 1607 votée
664 1583 682 1607 à
697 1583 728 1609 M
734 1588 771 1603 me
784 1585 956 1624 Duplessis,
971 1593 1051 1621 mais
1066 1595 1120 1629 qui
1133 1597 1186 1623 n’a
1200 1598 1313 1632 jamais
1328 1601 1377 1629 été
1391 1604 1498 1639 payée.

289 1637 413 1677 88203
440 1642 661 1683 FROGER
686 1648 1016 1704 (Louis-Joseph),
1042 1661 1181 1705 avoué,
1207 1666 1355 1712 député
1377 1670 1425 1704 de
1445 1671 1486 1705 la
1506 1672 1645 1711 Sarthe
1669 1677 1692 1711 à
1711 1677 1751 1712 la

515 1699 774 1750 Convention,
797 1708 848 1744 né
869 1709 893 1746 à
913 1710 1250 1766 Bessé-en-Braye
1276 1720 1457 1771 (Sarthe).
1483 1745 1533 1751 —
1552 1726 1593 1764 L.
1617 1740 1646 1766 s.
1671 1742 1749 1767 aux

512 1755 690 1806 citoyens
720 1771 955 1812 composant
983 1768 1023 1805 la
1051 1773 1304 1812 commission
1333 1778 1401 1815 des
1430 1782 1749 1830 approvisionne¬

510 1817 641 1851 ments
651 1826 659 1858 ;
684 1815 937 1869 Montdidier,
963 1834 1011 1870 30
1040 1827 1220 1874 pluviôse
1245 1843 1296 1869 an
1322 1832 1396 1878 III,
1423 1846 1445 1873 2
1469 1848 1505 1884 p.
1533 1837 1693 1877 in-folio.

1626 1904 1670 1942 15
1731 1910 1749 1931 »

481 1933 506 1960 Il
524 1934 649 1971 déplore
669 1947 738 1974 que,
756 1943 874 1978 malgré
891 1948 996 1975 toutes
1014 1949 1057 1978 les
1075 1958 1213 1980 mesures
1232 1954 1269 1981 de
1286 1954 1420 1991 rigueur,
1439 1959 1468 1985 la
1484 1960 1604 1989 rentrée
1620 1962 1745 1996 journa¬

435 1976 506 2006 lière
527 1979 580 2008 des
601 1983 703 2017 grains
723 1986 804 2014 n’est
827 1996 887 2022 que
909 1990 946 2018 de
967 1993 1050 2021 deux
1071 1998 1159 2024 cents
1180 1997 1337 2031 quintaux
1357 2009 1415 2035 par
1433 2003 1513 2037 jour,
1535 2005 1614 2032 alors
1634 2008 1747 2041 qu’elle

434 2022 555 2051 devrait
572 2025 636 2054 être
652 2027 690 2055 de
704 2029 778 2067 cinq
792 2036 888 2062 cents.
907 2044 917 2058 «
931 2035 995 2070 J’ai
1008 2040 1185 2073 cependant
1200 2042 1258 2070 fait
1273 2044 1446 2075 incarcérer
1461 2051 1571 2082 quatre
1586 2050 1639 2078 des
1653 2052 1744 2079 culti¬

432 2070 560 2096 vateurs
578 2070 621 2098 les
638 2072 709 2107 plus
725 2075 945 2107 récalcitrants
964 2082 1018 2116 qui
1035 2087 1090 2111 ont
1110 2085 1160 2114 été
1178 2087 1239 2115 mis
1257 2096 1296 2116 en
1313 2089 1425 2120 liberté
1443 2093 1533 2127 après
1551 2094 1638 2122 avoir
1655 2097 1745 2127 versé

430 2111 496 2138 leur
511 2113 632 2143 arriéré.
652 2116 691 2151 Je
705 2127 746 2146 ne
761 2120 830 2148 vois
846 2130 903 2157 pas
920 2131 981 2158 que
995 2129 1047 2155 cet
1064 2131 1207 2165 exemple
1222 2131 1304 2161 fasse
1319 2142 1398 2168 peur
1413 2143 1477 2164 aux
1493 2140 1607 2168 autres.
1623 2149 1635 2164 »
1652 2141 1677 2167 Il
1693 2144 1742 2169 est

428 2155 536 2185 décidé
548 2158 568 2185 à
578 2159 656 2189 faire
667 2165 811 2192 marcher
823 2166 861 2195 de
872 2167 958 2196 front
970 2170 1000 2198 la
1011 2171 1135 2207 justice,
1147 2175 1177 2202 la
1188 2179 1371 2210 persuasion
1384 2184 1415 2207 et
1428 2181 1457 2207 la
1469 2181 1602 2218 rigueur.
1618 2184 1643 2211 Il
1655 2193 1741 2212 com¬

426 2208 534 2229 mence
550 2211 607 2237 par
625 2208 772 2236 accorder
788 2218 850 2239 une.
866 2213 966 2247 prime
984 2215 1021 2243 de
1039 2220 1110 2245 cent
1127 2220 1188 2247 sols
1206 2229 1263 2255 par
1281 2223 1404 2256 quintal
1423 2228 1453 2252 et
1472 2234 1527 2260 par
1545 2227 1692 2257 interdire
1710 2230 1739 2257 la

424 2244 607 2275 circulation
621 2250 662 2278 du
676 2253 774 2287 grain.

271 2305 397 2347 88204
423 2311 611 2352 GAMON
638 2318 1036 2375 (François-Joseph),
1063 2329 1211 2379 député
1233 2333 1281 2370 de
1304 2334 1510 2374 l’Ardèche
1535 2339 1559 2375 à
1579 2340 1617 2377 la
1641 2340 1740 2378 Con¬

494 2372 670 2411 vention.
693 2396 744 2401 —
759 2376 879 2415 Billet
898 2385 979 2419 aut.
1001 2383 1069 2432 sig.
1093 2386 1117 2422 à
1134 2386 1297 2434 Bottot;
1318 2401 1367 2428 20
1385 2393 1575 2432 messidor
1594 2407 1643 2432 an
1663 2396 1734 2441 VI,

496 2426 561 2473 1/4
583 2428 631 2478 de
653 2431 690 2478 p.
717 2431 774 2468 in-
776 2443 801 2479 4
800 2438 818 2458 0
821 2465 827 2470 .
1635 2460 1657 2498 5
1720 2466 1736 2487 »

459 2492 482 2518 Il
498 2493 524 2520 le
539 2495 605 2528 prie
620 2496 659 2525 de
673 2502 910 2530 recommander
924 2512 986 2533 une
1000 2506 1136 2540 pétition
1152 2509 1171 2537 à
1187 2511 1310 2540 Barras.
1435 2542 1438 2546 .

262 2557 386 2600 88205
414 2562 641 2606 GARRAU
668 2570 1043 2627 (Pierre-Anselme),
1071 2587 1227 2628 avocat,
1255 2585 1402 2634 député
1427 2588 1475 2625 de
1498 2590 1537 2627 la
1562 2589 1731 2629 Gironde

489 2621 513 2658 à
539 2624 577 2661 la
606 2624 867 2674 Convention,
897 2632 947 2670 né
975 2634 1000 2671 à
1027 2634 1269 2688 Sainte-Foy
1299 2641 1513 2693 (Gironde).
1546 2666 1598 2672 —
1624 2647 1664 2684 P.
1697 2660 1727 2686 s.

487 2689 583 2716 avec
607 2681 732 2720 douze
754 2684 877 2733 lignes
902 2694 982 2726 aut.
997 2702 1005 2733 ;
1031 2691 1235 2743 Bayonne,
1261 2707 1285 2743 3
1310 2697 1365 2735 du
1387 2701 1533 2738 second
1556 2702 1655 2740 mois
1681 2703 1729 2740 de

484 2733 565 2771 l’an
588 2736 642 2784 II,
666 2748 690 2785 4
710 2751 747 2788 p.
772 2741 937 2798 in-folio.
1606 2769 1652 2795 10
1713 2772 1730 2792 »

447 2799 666 2835 Approbation
687 2806 725 2834 de
743 2807 868 2838 l’arrêté
886 2811 951 2845 pris
968 2820 1027 2846 par
1045 2822 1094 2843 ses
1113 2817 1267 2852 collègues
1287 2819 1467 2856 Monestier,
1491 2823 1583 2852 Pinet
1603 2824 1673 2852 aîné
1692 2826 1727 2853 et

409 2842 614 2881 Dartigoeyte
633 2855 821 2880 concernant
841 2854 884 2882 les
902 2857 1116 2888 nominations
1134 2861 1173 2889 de
1192 2862 1350 2897 généraux
1370 2865 1389 2893 à
1406 2866 1534 2896 l’année
1553 2868 1607 2897 des
1627 2868 1725 2904 Pyré-
