1874 3020
952 183 996 217 —
1027 182 1075 217 22
1103 201 1148 206 —

330 310 456 348 88180
482 305 756 346 WILLETTE
779 300 999 352 (Adolphe),
1019 301 1053 336 le
1072 296 1249 346 spirituel
1269 294 1526 333 dessinateur.
1550 297 1657 334 —L.
1680 310 1712 336 a.
1734 311 1784 343 s.;

556 362 677 405 Paris,
697 371 746 406 24
762 369 867 395 mars
887 356 995 403 1887,
1017 366 1037 391 1
1056 367 1094 402 p.
1116 353 1200 398 in-4
1199 358 1218 377 0
1220 383 1227 389 .
1662 362 1707 401 15
1771 369 1787 391 »

521 431 546 456 Il
561 435 674 464 pourra
688 427 833 455 exécuter
849 432 891 450 un
907 421 1025 454 dessin;
1043 420 1061 447 il
1078 418 1232 447 demande
1248 417 1337 452 vingt
1358 417 1438 445 louis
1454 417 1532 445 d’or.

330 497 454 537 88181
481 494 686 533 WILSON
707 489 958 541 (Woodrow),
976 489 1010 524 le
1027 486 1227 536 président
1246 484 1377 521 actuel
1390 484 1457 520 des
1472 477 1717 523 États-Unis.
1739 508 1787 513 —

557 551 598 588 L.
623 562 652 587 s.
680 550 703 585 à
726 548 776 584 M.
803 544 967 587 Carroll;
992 542 1260 589 New-Jersey,
1286 549 1310 585 4
1333 539 1538 576 décembre
1564 550 1672 588 1911,
1699 553 1718 577 1
1743 555 1780 590 p.

557 607 638 650 in-4
638 610 655 629 0
658 636 664 641 .
1639 607 1709 634 roo
1771 611 1785 631 »

522 672 593 699 Très
607 671 745 698 curieuse
759 669 851 696 lettre
865 667 942 693 dans
956 665 1088 699 laquelle
1103 664 1120 690 il
1135 664 1163 691 le
1176 662 1324 690 remercie
1338 662 1375 688 de
1393 661 1433 688 lui
1449 661 1536 688 avoir
1550 661 1606 688 fait
1621 665 1691 696 part
1706 663 1742 690 de
1756 664 1783 690 la

482 716 644 745 fondation
661 715 735 741 d’un
752 714 822 740 club
840 710 1005 738 Woodrow
1024 709 1140 736 Wilson
1158 707 1175 734 à
1192 706 1356 740 Memphis,
1373 705 1391 732 à
1407 705 1570 732 l’occasion
1587 706 1624 733 de
1639 714 1694 733 son
1710 707 1784 735 élec¬

482 761 548 789 tion
565 761 581 788 à
599 761 626 786 la
644 757 822 793 présidence
839 756 892 783 des
908 749 1105 782 États-Unis.
1126 763 1136 776 >>
1155 752 1183 777 It
1202 750 1305 778 would
1322 751 1360 777 be
1377 757 1394 775 a
1411 751 1476 776 mat
1481 752 1528 776 ter
1543 750 1575 777 of
1592 751 1644 777 the
1660 751 1784 785 deepest

482 805 614 840 possible
634 801 842 838 gratification
862 803 896 826 to
915 806 965 826 me
984 798 1007 824 if
1027 799 1040 824 I
1059 795 1229 824 coukUfeel
1249 795 1320 822 that
1343 795 1354 820 I
1377 794 1437 820 had
1457 794 1537 824 beefi
1556 794 1610 821 the
1629 802 1735 822 ineans
1755 796 1788 823 of

482 849 622 883 drawing
642 848 695 874 the
715 845 839 873 varions
861 851 973 878 groups
994 843 1026 869 of
1047 842 1099 868 the
1123 839 1320 867 Démocratie
1342 842 1436 872 party
1458 838 1487 865 in
1511 838 1682 866 Tennessee
1702 842 1785 874 toge-

482 894 561 921 ther.
582 903 592 918 *

851 1065 1277 1118 DOCUMENTS

482 1285 680 1330 PROCÈS
696 1289 764 1326 ET
775 1284 1064 1335 JUGEMENT
1080 1284 1152 1319 DE
1163 1280 1320 1319 LOUIS
1338 1279 1446 1317 XVI.
1463 1291 1565 1316 —n
1578 1279 1701 1327 pièces
1713 1279 1785 1316 ori¬

558 1348 714 1395 ginales.

611 1413 649 1450 i°
676 1413 717 1449 L.
755 1411 783 1447 s.
823 1405 1152 1447 d’ANAXAGORAS
1187 1405 1459 1450 Chaumette,
1496 1401 1703 1449 procureur
1737 1401 1785 1437 de

559 1472 597 1507 la
617 1469 833 1506 Commune
854 1466 901 1501 de
923 1463 1049 1506 Paris;
1072 1473 1094 1510 9
1115 1460 1320 1498 décembre
1343 1463 1452 1506 1792,
1476 1467 1497 1494 2
1518 1470 1553 1505 p.
1578 1457 1657 1502 in-4
1657 1462 1674 1481 0
1677 1488 1684 1501 ,
1706 1456 1784 1495 tête

561 1529 600 1561 et
616 1524 792 1570 vignette
807 1519 1020 1568 imprimée.

529 1591 552 1617 Il
565 1594 611 1617 est
625 1590 662 1616 de
675 1588 809 1615 l’intérêt
823 1587 861 1614 de
873 1587 902 1612 la
917 1584 1113 1620 République
1127 1591 1186 1617 que
1198 1582 1241 1609 les
1254 1581 1396 1614 citoyens
1408 1582 1582 1606 ramassent
1596 1580 1696 1605 toutes
1708 1577 1784 1604 leurs

485 1636 583 1663 forces
600 1637 630 1661 et
650 1636 753 1660 toutes
770 1632 851 1658 leurs
868 1626 1105 1661 volontés"“pour
1122 1625 1291 1654 maintenir
1307 1625 1386 1652 dans
1406 1625 1491 1651 Paris
1509 1624 1536 1649 la
1554 1621 1741 1656 tranquillité
1757 1621 1785 1647 la

486 1680 553 1713 plus
570 1678 715 1712 parfaite.
735 1686 745 1699 «
762 1676 786 1702 Il
803 1675 870 1701 faut
889 1681 948 1707 que
964 1680 1020 1699 nos
1036 1671 1130 1698 frères
1146 1668 1200 1697 des
1217 1671 1234 1696 S
1239 1669 1288 1703 3'a
1291 1672 1376 1696 titres
1392 1669 1628 1702 départements
1643 1675 1673 1693 se
1688 1665 1786 1693 disent

485 1731 522 1750 en
538 1724 656 1755 voyant
672 1722 761 1748 notre
776 1718 925 1746 conduite
940 1717 957 1743 à
972 1717 1114 1750 l’époque
1130 1715 1170 1742 du
1187 1714 1347 1748 jugement
1364 1712 1401 1739 de
1420 1711 1511 1738 Louis
1526 1713 1553 1738 le
1568 1710 1696 1743 dernier,
1712 1717 1790 1735 ceux

486 1767 549 1801 qui,
571 1766 681 1801 depuis
702 1766 889 1798 longtemps,
911 1761 1086 1790 déclament
1107 1761 1216 1786 contre
1237 1759 1280 1785 les
1302 1758 1444 1791 citoyens
1465 1755 1504 1782 de
1528 1754 1624 1786 Paris,
1644 1756 1713 1780 sont
1736 1753 1789 1780 des

485 1811 620 1839 traîtres.
647 1810 702 1836 Les
728 1808 880 1835 Parisiens
901 1808 972 1833 sont
996 1804 1138 1839 toujours
1161 1803 1204 1830 les
1226 1802 1354 1834 mêmes,
1378 1801 1520 1834 toujours
1543 1807 1599 1827 nos
1622 1798 1708 1825 amis.
1730 1807 1740 1821 »
1764 1797 1787 1823 Il

485 1856 604 1891 appelle
630 1853 810 1880 l’attention
836 1859 888 1880 sur
913 1851 956 1878 les
982 1856 1189 1884 personnages
1214 1847 1366 1874 inconnus
1393 1846 1443 1878 qui
1470 1844 1619 1872 circulent
1646 1842 1723 1868 dans
1746 1841 1790 1868 les

484 1901 565 1928 lieux
584 1899 714 1934 publics.

612 1971 650 2003 2°
678 1966 719 2002 P.
739 1977 769 2001 s.
793 1962 930 2011 (griffe)
951 1960 1023 2009 par
1049 1957 1358 2001 Coulombeau;
1379 1956 1501 1998 Paris,
1522 1966 1565 1990 n
1587 1952 1789 1990 décembre

563 2031 671 2070 1792,
696 2032 714 2057 1
737 2033 773 2067 p.
798 2018 961 2055 in-folio.

527 2089 624 2115 Ordre
637 2088 808 2120 d’envoyer
820 2093 883 2112 aux
897 2085 934 2117 48
948 2084 1084 2111 sections
1097 2082 1210 2109 l’ordre
1223 2080 1416 2108 d’illuminer
1432 2077 1517 2105 Paris
1531 2076 1669 2111 pendant
1684 2075 1711 2102 le
1724 2080 1792 2107 pro¬

486 2132 535 2161 cès
551 2133 587 2159 de
604 2131 697 2159 Louis
713 2131 810 2164 Capet
826 2133 857 2157 et
873 2130 910 2156 de
924 2136 958 2155 sa
972 2127 1101 2155 famille.

612 2203 653 2245 3°
680 2198 721 2234 P.
747 2210 777 2235 s.
803 2195 875 2245 par
898 2193 1071 2236 Méhée;
1098 2192 1220 2235 Paris,
1246 2190 1295 2228 26
1318 2190 1525 2227 décembre
1550 2197 1659 2234 1792,
1689 2184 1732 2233 %
1754 2196 1793 2231 p.

563 2253 728 2297 in-folio,
754 2252 835 2288 tête
860 2255 899 2288 et
925 2250 1101 2297 vignette
1126 2247 1340 2295 imprimée.

529 2321 629 2349 Même
643 2321 743 2352 ordre,
759 2327 831 2346 sous
847 2326 907 2344 une
922 2320 1011 2344 autre
1027 2317 1137 2348 forme,
1155 2323 1213 2349 que
1228 2315 1258 2341 la
1273 2313 1358 2348 pièce
1373 2310 1572 2347 précédente.

615 2397 639 2435 4
638 2392 655 2411 0
682 2387 723 2423 P.
740 2398 769 2433 s.
785 2384 858 2433 par
871 2384 1173 2425 Coulombeau,
1188 2380 1394 2417 secrétaire
1408 2377 1558 2425 greffier
1573 2376 1620 2412 de
1634 2374 1672 2410 la
1686 2373 1799 2410 Com¬

566 2454 684 2478 mune
705 2442 751 2478 de
773 2440 899 2483 Paris;
925 2450 969 2484 13
990 2438 1142 2485 janvier
1165 2447 1273 2485 1793,
1298 2447 1316 2471 1
1338 2448 1375 2483 p.
1469 2430 1633 2473 in-folio,
1656 2429 1736 2465 tête
1757 2430 1795 2463 et

567 2498 742 2545 vignette
761 2495 972 2544 imprimée.

533 2564 668 2591 Mesures
686 2564 702 2590 à
721 2563 852 2598 prendre
868 2569 946 2596 pour
962 2568 1082 2588 assurer
1100 2561 1127 2586 la
1144 2559 1248 2587 sûreté
1264 2558 1301 2585 de
1320 2556 1406 2584 Paris
1423 2556 1449 2582 le
1465 2552 1652 2585 lendemain,
1669 2551 1738 2585 jour
1754 2549 1794 2576 où

493 2610 521 2636 la
540 2608 734 2636 Convention
753 2614 943 2641 prononcera
962 2606 988 2632 le
1005 2606 1164 2640 jugement
1183 2604 1220 2630 de
1242 2602 1333 2629 Louis
1351 2602 1460 2634 Capet.
