1901 3073
656 568 1411 631 CONVENTIONNELS

288 973 412 1014 88191
438 978 742 1019 FORESTIER
775 985 1137 1039 (Pierre-Jacques),
1167 993 1326 1031 homme
1356 997 1404 1034 de
1432 999 1496 1043 loi,
1528 1001 1675 1050 député
1703 1005 1754 1042 de

511 1036 659 1074 l’Ailier
680 1039 703 1075 à
723 1040 762 1076 la
783 1041 1042 1089 Convention,
1066 1047 1115 1083 né
1137 1047 1160 1084 à
1181 1048 1309 1099 Vichy
1334 1051 1493 1103 (Allier).
1520 1078 1570 1083 —-
1589 1057 1750 1107 Longue

511 1094 690 1139 apostille
724 1100 804 1133 aut.
840 1097 923 1146 sig.,
957 1100 1088 1148 signée
1121 1105 1225 1141 aussi
1256 1107 1329 1155 par
1361 1108 1746 1159 Jullien-Dubois;

509 1158 554 1183 21
573 1151 736 1187 ventôse
754 1163 804 1189 an
824 1153 899 1198 III,
921 1166 940 1191 i
957 1168 995 1204 p.
1017 1157 1180 1196 in-folio.
1624 1181 1671 1207 io
1732 1185 1748 1205 »

473 1213 618 1243 Décision
632 1221 821 1245 concernant
838 1220 866 1246 la
881 1222 1102 1258 prolongation
1117 1226 1171 1253 des
1186 1227 1271 1255 baux
1286 1229 1341 1257 des
1355 1231 1444 1259 biens
1459 1235 1607 1267 possédés
1621 1237 1701 1264 dans
1715 1237 1746 1265 la

429 1264 594 1287 commune
609 1260 646 1287 de
662 1261 791 1290 Biéville
807 1263 942 1298 (district
957 1267 994 1295 de
1011 1268 1264 1307 Pont-Levêque)
1278 1281 1336 1308 par
1349 1275 1376 1302 le
1390 1276 1450 1304 duc
1465 1278 1503 1305 de
1520 1279 1649 1316 Biéville
1664 1282 1744 1317 (sic),

430 1301 539 1337 frappé
554 1311 610 1338 par
625 1306 651 1331 le
667 1306 767 1340 glaive
783 1308 820 1335 de
836 1309 865 1335 la
881 1310 932 1338 loi.
951 1311 987 1347 (Il
1004 1313 1095 1347 s'agit
1112 1315 1149 1342 de
1166 1315 1425 1354 Leduc-Biéville,
1441 1323 1601 1351 conseiller
1617 1333 1655 1352 au
1670 1334 1742 1360 par¬

427 1344 542 1374 lement
562 1349 598 1375 de
619 1350 738 1384 Rouen,
757 1352 900 1387 décapité
918 1355 944 1382 le
965 1358 1000 1383 16
1018 1357 1144 1392 prairial
1162 1367 1201 1387 an
1221 1361 1276 1395 II.)

275 1407 400 1448 88192
427 1408 640 1452 FOUCHÉ
662 1417 853 1467 (Joseph),
874 1423 1083 1467 oratorien,
1104 1425 1251 1474 député
1269 1429 1317 1466 de
1334 1430 1374 1466 la
1391 1431 1739 1474 Loire-Inférieure

504 1469 527 1504 à
550 1470 589 1506 la
612 1471 872 1517 Convention,
898 1476 975 1512 duc
999 1478 1223 1525 d’Otrante,
1248 1484 1298 1519 né
1322 1497 1374 1521 au
1399 1487 1562 1525 Pellerin
1593 1490 1738 1537 (Loire-

504 1523 744 1573 Inférieure).
775 1548 826 1554 —
851 1529 892 1566 P.
922 1539 967 1574 si,
996 1532 1114 1570 écrite
1141 1538 1181 1571 et
1207 1536 1338 1585 signée
1365 1541 1536 1587 par'son
1562 1541 1736 1593 collègue

501 1577 628 1613 Ville
632 1589 697 1621 RS';
719 1581 930 1626 Nantes/6
949 1587 1030 1624 mai
1051 1598 1160 1637 1793,
1183 1601 1205 1637 3
1225 1604 1263 1640 p.
1288 1592 1451 1634 in-folio.
1611 1609 1656 1646 15
1718 1615 1736 1635 »

458 1642 569 1671 Arrêté
583 1648 772 1673 concernant
787 1647 831 1675 les
845 1647 1034 1679 indemnités
1049 1652 1068 1678 à
1082 1662 1187 1682 verser
1201 1663 1265 1683 aux
1280 1660 1424 1693 citoyens
1439 1662 1516 1692 dont
1534 1665 1576 1692 les
1592 1667 1729 1701 proprié¬

419 1685 465 1713 tés
477 1689 532 1713 ont
546 1687 595 1715 été
609 1689 771 1718 dévastées
784 1699 841 1726 par
853 1692 896 1720 les
910 1704 920 1716 «
931 1694 1079 1730 brigands
1091 1707 1111 1724 ».

262 1747 388 1788 88193
415 1752 672 1792 FOUCHER
700 1757 914 1808 (Jacques),
941 1763 1105 1808 notaire,
1135 1766 1282 1815 député
1308 1770 1361 1806 du
1388 1770 1488 1809 Cher
1515 1774 1539 1809 à
1562 1776 1601 1811 la
1628 1777 1729 1814 Con¬

490 1811 665 1856 vention,
685 1814 735 1852 né
752 1813 776 1851 à
793 1814 973 1854 Coulions
996 1818 1168 1869 (Loiret).
1190 1843 1241 1849 —
1257 1823 1298 1861 P.
1319 1837 1363 1869 s.,
1383 1827 1514 1875 signée
1533 1832 1638 1868 aussi
1653 1845 1727 1881 par

487 1877 558 1902 son
582 1868 755 1916 collègue
779 1870 1032 1918 Pressavin;
1059 1875 1265 1916 16'nivôse
1290 1893 1340 1917 an
1366 1878 1419 1927 II,
1448 1895 1468 1932 1
1492 1885 1529 1933 p.
1558 1886 1723 1933 in-folio,

486 1923 625 1959 cachet
644 1924 691 1961 de
710 1925 787 1962 cire
805 1938 935 1976 rouge.
1600 1953 1646 1980 10
1708 1957 1724 1979 »

448 1988 557 2016 Arrêté
573 1991 766 2023 prescrivant
783 1993 810 2020 le
826 1994 921 2029 dépôt
939 2004 1000 2024 aux
1017 1999 1157 2027 archives
1173 2001 1215 2028 du
1233 2001 1354 2032 Comité
1371 2005 1425 2033 des
1442 2007 1598 2042 assignats
1615 2012 1646 2037 et
1664 2011 1720 2040 des

407 2032 567 2060 monnaies
584 2034 621 2061 de
638 2035 690 2062 dix
707 2038 910 2072 exemplaires
926 2040 964 2067 de
980 2042 1117 2071 chacune
1134 2045 1187 2073 des
1203 2048 1363 2076 nouvelles
1379 2050 1481 2084 pièces
1499 2053 1536 2079 de
1554 2055 1718 2084 monnaies

405 2075 640 2110 républicaines.

252 2138 378 2180 88194
404 2141 695 2183 FOURCROY
710 2148 1129 2203 (Antoine-François),
1143 2158 1321 2196 médecin
1333 2165 1372 2198 et
1384 2162 1579 2209 chimiste,
1592 2176 1719 2203 mem¬

479 2199 546 2236 bre
577 2202 625 2238 de
654 2202 895 2243 l’Académie
926 2208 992 2246 des
1024 2209 1213 2257 Sciences,
1246 2215 1393 2264 député
1422 2220 1635 2268 suppléant
1667 2224 1717 2260 de

477 2255 585 2294 Paris
617 2258 641 2294 à
670 2260 708 2297 la
739 2260 999 2308 Convention,
1031 2266 1058 2302 il
1087 2267 1216 2316 siégea
1246 2282 1296 2307 en
1325 2274 1634 2322 remplacement
1666 2279 1716 2316 de

474 2310 615 2351 Marat.
643 2335 694 2341 —
716 2315 758 2353 P.
785 2329 819 2355 a.
846 2329 897 2363 s.;
924 2319 1045 2365 Paris,
1072 2322 1095 2359 8
1119 2323 1248 2373 juillet
1274 2338 1384 2377 1790,
1415 2329 1459 2379 %
1482 2343 1521 2380 p.
1549 2332 1633 2381 in-4
1632 2338 1650 2358 0
1653 2366 1659 2372 .

1589 2400 1636 2426 10
1699 2403 1715 2424 »

436 2433 519 2470 Reçu
536 2435 574 2463 de
589 2436 618 2463 la
633 2445 753 2465 somme
768 2440 807 2467 de
823 2441 987 2475 337-livres
1004 2451 1041 2472 10
1055 2452 1127 2474 sous
1142 2455 1222 2481 pour
1239 2449 1265 2477 le
1281 2452 1397 2479 second
1413 2454 1559 2486 quartier
1575 2455 1614 2483 de
1632 2462 1710 2490 1790

393 2477 430 2504 de
444 2486 490 2505 ses
505 2480 759 2514 appointements
772 2484 811 2512 de
824 2486 999 2519 professeur
1013 2489 1051 2517 de
1064 2490 1177 2519 chimie
1191 2500 1232 2521 au
1247 2494 1360 2528 Jardin
1375 2496 1418 2525 du
1435 2498 1490 2524 roi.

235 2541 360 2582 88195
386 2543 615 2585 FOURMY
643 2549 926 2602 (Jean-Denis),
953 2555 1112 2594 homme
1138 2560 1186 2596 de
1210 2561 1264 2598 loi
1288 2562 1313 2599 à
1337 2563 1524 2611 Alençon,
1553 2566 1703 2616 député

461 2604 673 2652 suppléant
697 2606 746 2643 de
769 2606 902 2646 l’Orne
927 2611 951 2647 à
973 2613 1011 2649 la
1035 2613 1295 2661 Convention,
1322 2618 1348 2655 il
1373 2630 1401 2667 y
1422 2621 1551 2669 siégea
1575 2623 1642 2660 dès
1668 2624 1705 2660 le

461 2658 585 2696 début
602 2661 650 2697 de
666 2662 704 2699 la
720 2663 867 2702 session
884 2677 929 2702 en
949 2669 1256 2717 remplacement
1274 2673 1322 2710 de
1340 2674 1485 2724 Sieyès,
1504 2678 1573 2725 qui
1590 2679 1701 2716 avait

459 2715 554 2762 opté
575 2727 675 2764 pour
697 2717 736 2754 la
760 2718 913 2765 Sarthe,
938 2724 987 2759 né
1011 2723 1034 2760 à
1057 2724 1264 2776 Mortagne
1291 2728 1437 2780 (Orne).
1465 2753 1515 2758 —
1537 2732 1578 2770 L.
1606 2747 1639 2771 a.
1667 2747 1697 2772 s.
