1789 2938
635 103 683 138 —
709 102 755 138 21
785 120 832 127 —

237 226 341 266 aussi
371 223 451 273 par.
478 223 604 270 Julie
637 219 820 261 Careau,
853 228 896 254 sa
928 215 1088 257 femme;
1123 211 1243 254 Paris,
1277 221 1300 257 4
1331 211 1463 248 nivôse

238 295 288 321 an
308 280 399 323 VII,
420 291 443 326 3
462 291 499 326 p.
523 275 685 313 in-folio.
1343 276 1390 303 20
1450 278 1464 298 »

204 361 304 391 Achat
327 367 384 394 par
405 355 489 391 Julie
510 354 630 385 Talma,
651 351 776 386 séparée
797 350 835 378 de
855 349 942 378 biens
963 347 1001 375 de
1021 354 1077 375 son
1097 345 1188 378 mari,
1209 344 1246 373 de
1271 345 1305 371 18
1327 344 1465 371 hectares

166 417 198 443 32
222 413 288 434 ares
311 404 348 431 de
370 406 467 430 terres
489 399 604 428 situées
624 405 677 424 sur
698 396 724 424 le
745 397 860 423 canton
881 393 919 421 de
940 392 1120 424 Miramont,
1141 389 1357 424 département
1378 387 1416 415 de
1437 388 1464 414 la

164 454 296 480 Somme.

36 532 146 573 88174
169 524 349 568 TISSOT
369 521 544 573 (André),
564 519 713 556 célèbre
731 515 907 554 médecin
926 513 1059 556 suisse,
1078 524 1128 550 ne
1145 511 1168 548 à
1187 510 1344 558 Grancy
1365 511 1467 558 (can¬

242 587 312 620 ton
331 581 379 617 de
399 577 543 623 Vaud).
566 597 616 602 —
633 574 675 612 L.
698 586 731 611 a.
752 582 803 617 s.;
825 570 872 608 16
889 569 1041 618 janvier
1061 577 1169 617 1794,
1189 578 1212 613 3
1229 579 1267 614 p.
1293 564 1337 614 %
1356 565 1439 611 in-4
1438 569 1455 589 0
1458 595 1464 601 .

1345 631 1392 657 10
1453 633 1467 652 »

206 711 280 739 Très
296 708 374 737 belle
392 706 486 734 lettre
504 704 542 733 de
559 702 792 732 condoléances.
812 699 838 727 Il
854 700 950 726 vante
966 697 995 724 la
1012 696 1146 724 douceur
1162 694 1200 722 de
1216 693 1325 721 l’hiver
1341 692 1379 719 de
1394 691 1466 719 l’en¬

167 756 248 785 droit
264 754 306 782 où
324 753 343 780 il
358 759 391 779 se
408 754 533 778 trouve.
553 747 624 776 Celà
640 748 719 774 vaut
737 745 779 773 les
795 744 864 779 plus
880 743 984 770 beaux
1000 739 1139 769 endroits
1156 739 1193 766 cle
1209 738 1240 765 la
1258 737 1412 765 Provence
1428 744 1467 762 ou

168 802 208 829 du
231 797 425 833 Languedoe.

39 886 149 925 88175
174 879 430 921 TŒPFFER
454 873 705 925 (Rodolphe),
727 871 875 910 célèbre
897 867 1067 907 écrivain
1087 866 1220 910 suisse,
1242 867 1382 902 auteur
1403 863 1469 900 des

250 938 417 984 Voyages
440 945 485 970 en
507 932 644 979 zigzag,
667 929 717 966 né
739 928 762 965 à
784 927 950 966 Genève.
976 946 1026 951 —
1046 923 1087 961 L.
1113 934 1146 959 a.
1171 934 1199 959 s.
1225 921 1249 956 à
1270 920 1319 957 M.
1345 918 1468 960 Petit;

244 1006 272 1030 s.
294 992 343 1034 d.,
364 1002 384 1027 1
404 1002 441 1038 p.
464 989 547 1034 in-4
546 993 564 1012 0
567 1018 573 1024 .
1346 984 1395 1020 4°
1456 986 1472 1006 »

212 1066 238 1094 Il
247 1073 280 1093 se
291 1062 406 1092 défend
417 1062 517 1089 d’être
529 1060 665 1086 l’auteur
676 1056 769 1085 d’une
779 1054 944 1083 méchante
956 1054 987 1080 et
999 1050 1123 1079 odieuse
1134 1048 1290 1084 platitude
1302 1053 1470 1080 anonyme;

172 1112 245 1139 c’est
264 1109 290 1137 le
309 1106 435 1135 Fédéral
453 1104 507 1139 qui
524 1105 571 1131 est
591 1103 620 1130 la
637 1110 729 1129 cause
748 1100 785 1128 de
805 1102 875 1126 tous
892 1105 942 1125 ces
959 1103 1102 1124 cancans.
1122 1095 1149 1121 A
1166 1093 1209 1120 lui
1226 1091 1281 1126 d’y
1296 1092 1412 1118 mettre
1430 1098 1472 1117 un

174 1158 269 1183 terme
287 1162 324 1180 en
343 1151 522 1185 dénonçant
540 1155 597 1175 son
614 1145 775 1180 complice.
795 1144 821 1171 Il
840 1142 971 1171 termine
990 1149 1027 1167 en
1045 1137 1277 1167 reconnaissant
1296 1134 1370 1169 qu’il
1389 1142 1405 1161 a
1423 1134 1472 1161 été

172 1198 276 1228 sévère
292 1204 371 1232 pour
386 1203 422 1223 sa
437 1192 543 1230 poésie
559 1192 638 1220 dans
655 1198 698 1218 un
715 1188 823 1217 article
839 1186 880 1215 où
896 1187 917 1214 il
932 1194 965 1213 se
980 1182 1175 1220 permettait,
1192 1179 1358 1211 d’ailleurs,
1375 1179 1473 1205 d’être

174 1244 403 1277 irrespectueux
428 1245 538 1266 envers
564 1235 789 1269 Victor-Hugo.

44 1322 154 1362 88176
177 1314 577 1359 TOURGUENEFF
598 1312 740 1362 (Ivan),
759 1311 795 1347 le
812 1308 962 1346 célèbre
980 1304 1152 1343 écrivain
1168 1314 1287 1340 russe.
1309 1322 1360 1327 —
1375 1299 1417 1336 L.
1440 1311 1473 1336 a.

248 1389 292 1419 s.,
313 1387 362 1411 en
379 1371 567 1419 français;
586 1368 715 1405 mardi
730 1365 870 1408 matin,
891 1375 911 1400 1
930 1376 968 1411 p.
989 1361 1098 1398 in-8°.
1355 1365 1401 1401 15
1463 1368 1478 1386 »

216 1454 241 1482 Il
254 1462 292 1482 ne
305 1455 380 1488 peut
394 1452 538 1484 accepter
551 1456 611 1476 une
624 1444 810 1477 invitation;
823 1443 853 1469 la
867 1443 975 1476 goutte
989 1439 1029 1466 l’a
1042 1436 1164 1465 recloué
1177 1443 1217 1462 au
1228 1434 1264 1460 lit
1278 1441 1357 1467 pour
1370 1432 1479 1466 quinze

174 1500 259 1534 jours
271 1506 312 1526 ou
324 1496 402 1525 trois
414 1494 578 1523 semaines.

46 1577 155 1617 88177
180 1573 456 1615 TRONCHIN
503 1568 762 1620 (Théodore),,
790 1564 939 1601 célèbre
979 1558 1155 1596 médecin
1194 1555 1327 1597 suisse,
1369 1552 1418 1589 né
1458 1552 1481 1586 à

252 1632 485 1670 Genève.—
499 1627 541 1663 L.
562 1638 594 1662 a.
613 1620 663 1667 s.)
683 1634 727 1660 n
745 1620 844 1658 avril
861 1625 1008 1666 1757,1
1024 1628 1061 1663 p.
1084 1613 1127 1661 %
1144 1613 1227 1656 in-4
1226 1615 1244 1633 0
1247 1618 1253 1647 .
1359 1618 1381 1643 2
1383 1616 1404 1653 5
1467 1619 1481 1638 »

220 1709 429 1738 Intéressante
444 1706 537 1733 lettre
554 1701 695 1730 adressée
712 1700 729 1727 à
744 1706 786 1727 un
801 1695 943 1725 médecin
959 1690 1115 1726 dijonnais
1131 1689 1207 1716 dans
1223 1684 1354 1720 laquelle
1369 1684 1388 1710 il
1404 1682 1480 1709 indi¬

181 1763 238 1790 que
267 1761 302 1782 sa
331 1749 480 1780 méthode
510 1755 590 1784 pour
621 1743 843 1773 l’inoculation.

42 1832 156 1871 88178
181 1823 378 1869 VALLÈS
398 1826 551 1877 (Jules),
568 1824 719 1863 célèbre
734 1817 906 1857 écrivain
921 1804 960 1854 e!
975 1814 1132 1852 homme
1146 1808 1349 1859 politique,
1367 1805 1416 1841 né
1433 1816 1481 1840 au

255 1887 344 1934 Puy
362 1880 671 1933 (Haute-Loire).
690 1899 741 1904 —
755 1886 777 1912 2
792 1876 815 1912 1.
836 1886 868 1911 a.
888 1885 916 1909 s.
936 1872 958 1907 à
975 1870 1024 1906 M.
1045 1866 1268 1906 Duchesne;
1285 1874 1313 1899 s.
1334 1861 1385 1903 d.,
1404 1870 1425 1896 2
1441 1872 1478 1907 p.

253 1943 363 1979 in-8°.
1360 1926 1407 1953 20
1469 1927 1484 1947 »

220 2009 343 2037 Lettres
357 2006 503 2035 relatives
520 2004 537 2031 à
554 2000 726 2030 l’insertion
742 1997 781 2026 de
795 2004 843 2024 ses
858 1992 992 2022 articles.

42 2087 158 2127 88179
185 2084 447 2124 VENDOME
470 2079 692 2131 (Françoise
711 2075 760 2114 de
779 2074 934 2111 Valois
953 2063 1210 2113 d’Alençon,
1231 2061 1420 2099 duchesse
1439 2057 1487 2095 de

258 2142 572 2185 Longueville,
595 2134 684 2184 puis
706 2131 784 2178 de),
808 2130 951 2177 épouse
974 2125 1027 2162 du
1048 2119 1229 2171 petit-fils
1252 2119 1300 2154 de
1322 2113 1486 2155 Dunois,

258 2198 345 2247 puis
363 2198 412 2234 de
429 2193 588 2232 Charles
605 2192 655 2228 de
672 2186 873 2227 Bourbon,
892 2183 968 2219 duc
986 2180 1034 2218 de
1051 2176 1264 2216 Vendôme,
1283 2172 1354 2208 elle
1370 2170 1434 2206 fut
1448 2168 1490 2204 la

257 2254 363 2290 mère
393 2248 620 2289 d’Antoine,
651 2244 711 2282 roi
739 2243 788 2280 de
817 2240 1006 2278 Navarre,
1039 2234 1087 2271 de
1117 2230 1246 2272 Louis,
1277 2227 1409 2276 prince
1441 2223 1488 2260 de

259 2308 403 2351 Fondé,
425 2307 480 2343 du
499 2301 675 2342 cardinal
694 2300 742 2337 de
761 2294 962 2335 Bourbon,
983 2294 1055 2328 etc.
1079 2309 1129 2313 —-
1146 2286 1188 2322 L.
1211 2296 1245 2321 a.
1266 2296 1295 2320 s.
1319 2283 1342 2318 à
1360 2281 1399 2317 la
1418 2280 1489 2315 du¬

257 2364 390 2401 chesse
409 2362 458 2398 de
478 2359 596 2397 Guise
619 2354 865 2405 (Antoinette
885 2349 932 2386 de
952 2342 1167 2389 Bourbon),
1187 2352 1230 2377 sa
1249 2337 1487 2376 belle-sœur;

259 2432 288 2457 s.
308 2420 359 2462 d.,
379 2430 398 2454 1
415 2412 453 2465 p.
658 2410 750 2447 Très
763 2418 857 2444 rare.
1366 2399 1414 2437 5°
1474 2402 1489 2422 ”

227 2491 294 2519 Elle
313 2490 356 2518 lui
375 2487 525 2523 reproche
544 2493 602 2513 son
621 2484 695 2517 long
711 2480 825 2508 silence
844 2480 876 2505 et
898 2475 941 2502 lui
959 2469 1176 2502 recommande
1196 2474 1238 2494 un
1258 2462 1489 2500 gentilhomme,

188 2538 315 2570 porteur
331 2535 368 2563 de
386 2541 421 2561 sa
439 2533 542 2564 lettre,
561 2528 614 2564 qui
630 2528 695 2555 s’en
714 2533 753 2552 va
770 2530 840 2551 vers
859 2522 885 2548 la
904 2518 986 2547 reine
1003 2525 1036 2545 sa
1055 2517 1152 2542 tante.
