1863 2997
694 243 896 293 - 23 -
359 374 400 415 5°
426 367 468 405 L.
497 379 530 403 a.
558 378 587 403 s.
615 364 663 402 de
688 364 841 407 Pache,
868 363 1044 401 ministre
1070 361 1118 399 de
1142 361 1180 398 la
1204 359 1362 404 Guerre,
1389 358 1412 395 à
1436 357 1537 395 San-

311 433 465 466 terre;
487 432 533 468 14
550 420 703 469 janvier
719 420 798 457 l’an
817 420 856 456 II
880 417 1020 468 (1793),
1045 416 1088 466 %
1111 429 1148 465 p.
1177 417 1259 461 in-4
1259 423 1275 440 0
1278 447 1284 452 .

279 491 304 518 Il
321 490 475 517 l’informe
491 487 567 522 qu’il
583 494 623 514 va
638 486 757 514 donner
770 485 825 513 des
839 485 946 514 ordres
961 492 1038 519 pour
1053 483 1129 510 faire
1144 486 1263 510 rentrer
1277 482 1355 508 dans
1372 480 1458 507 Paris
1472 480 1540 506 l’ar¬

231 535 342 563 tillerie
360 535 401 561 du
420 540 493 567 parc
510 532 548 559 de
566 531 775 559 Saint-Denis.
796 540 806 554 «
823 530 859 564 Je
878 537 955 556 vous
972 528 1039 562 prie
1056 526 1110 561 d’y
1126 526 1287 554 concourir
1305 533 1383 559 pour
1399 525 1540 551 l’escorte

231 582 265 608 et
292 586 370 614 pour
394 577 653 612 l’emplacement.
675 585 686 599 »

363 644 405 680 6°
432 644 473 680 L.
502 655 535 679 a.
564 654 592 679 s.
621 641 670 679 de
695 640 848 683 Pache,
874 638 1050 676 ministre
1075 637 1122 674 de
1146 637 1186 673 la
1209 635 1367 679 Guerre,
1393 635 1417 672 à
1441 634 1543 672 San-

311 698 465 741 terre;
486 697 608 740 Paris,
629 695 677 732 16
694 695 846 743 janvier
863 707 913 732 an
934 694 974 729 II
996 692 1135 742 (1793),
1158 691 1202 741 %
1219 704 1257 740 P-
1278 691 1361 737 in-4
1360 695 1378 715 0
1382 721 1387 727 .

276 768 376 795 Même
392 765 479 796 objet
498 772 558 799 que
575 763 603 790 la
622 762 706 797 pièce
722 762 882 789 ci-dessus.

363 845 406 888 7°
433 841 474 877 P.
505 852 534 877 s.
565 850 638 887 par
664 837 761 874 trois
789 835 1129 873 administrateurs
1157 833 1205 869 de
1232 832 1272 868 la
1297 830 1447 869 section
1475 831 1542 866 des

314 896 519 938 Tuileries;
545 904 592 941 17
614 892 766 941 janvier
789 902 897 941 1793,
923 901 941 927 1
964 903 1001 938 p.
1026 888 1189 930 in-folio,
1213 887 1388 934 vignette
1411 885 1542 933 impri¬

314 953 410 989 mée.

279 1014 457 1041 Document
475 1010 580 1039 relatif
596 1010 614 1037 à
631 1008 839 1037 l’arrestation
856 1007 894 1034 de
915 1012 950 1039 17
966 1004 1149 1033 canonniers
1166 1003 1185 1030 à
1201 1001 1319 1035 cheval,
1336 1001 1508 1029 cantonnés
1525 1000 1542 1028 à

241 1054 658 1088 Saint-Germain-en-Laye,
676 1061 773 1081 venus
790 1052 807 1079 à
825 1051 910 1079 Paris
926 1058 998 1078 sans
1014 1049 1128 1076 ordres.

367 1130 408 1166 8°
434 1129 477 1166 L.
492 1140 526 1165 a.
540 1140 569 1165 s.
584 1126 631 1164 de
645 1126 800 1168 Pache,
813 1124 988 1161 ministre
1001 1122 1049 1160 de
1060 1123 1098 1159 la
1109 1131 1256 1169 guerre,
1270 1119 1292 1156 à
1304 1118 1525 1155 Santerre
1536 1129 1543 1160 ;

316 1197 364 1224 20
383 1184 537 1233 janvier
555 1183 635 1220 l’an
656 1182 696 1218 II
719 1181 858 1229 (1793),
881 1191 900 1216 1
921 1191 957 1228 p.
980 1179 1062 1224 in-4
1062 1183 1079 1202 0
1082 1208 1088 1213 .

281 1253 308 1280 Il
322 1252 365 1280 lui
377 1250 514 1286 rappelle
529 1249 604 1284 qu’il
617 1251 663 1277 est
677 1255 819 1275 convenu
833 1254 891 1281 que
907 1245 1006 1272 Pache
1020 1252 1058 1271 ne
1071 1243 1209 1271 donnera
1222 1249 1277 1276 pas
1291 1240 1328 1268 de
1340 1245 1456 1267 canons
1474 1246 1546 1266 sans

242 1298 311 1326 avis
329 1297 367 1325 de
387 1296 543 1324 Santerre.
565 1294 613 1320 En
631 1292 843 1326 conséquence
861 1290 881 1316 il
899 1289 942 1317 lui
959 1288 1086 1316 renvoie
1103 1287 1133 1314 la
1151 1285 1306 1314 demande
1325 1284 1364 1312 de
1382 1284 1412 1310 la
1426 1284 1546 1311 section

237 1342 295 1370 clés
313 1341 412 1369 Arcis.
432 1349 444 1365 «
461 1339 492 1367 Si
509 1346 587 1366 vous
605 1337 732 1366 estimez
750 1335 825 1370 qu’il
843 1335 890 1362 fut
910 1333 986 1362 utile
1004 1332 1022 1360 à
1038 1332 1067 1359 la
1089 1330 1283 1365 République
1293 1329 1330 1356 de
1347 1329 1451 1363 prêter
1467 1335 1546 1361 pour

238 1386 366 1415 demain
383 1385 411 1413 le
426 1391 527 1413 canon
542 1382 581 1411 de
598 1383 615 1409 8
632 1380 723 1416 qu’ils
737 1379 928 1408 demandent
946 1385 1023 1404 vous
1039 1376 1181 1411 pourriez
1196 1373 1329 1402 délivrer
1343 1373 1387 1400 les
1401 1372 1520 1399 lettres.
1537 1381 1549 1394 »

370 1470 392 1507 9
392 1463 410 1483 0
437 1458 478 1495 P.
506 1469 534 1493 s.
565 1454 717 1504 (griffe),
755 1452 826 1502 par
849 1451 1151 1490 Coulombeau,
1176 1443 1550 1491 secrétaire-greffier

317 1514 366 1552 de
381 1515 420 1551 la
435 1513 653 1550 Commune
668 1511 717 1546 de
733 1507 860 1551 Paris;
879 1516 927 1542 20
942 1504 1095 1552 janvier
1111 1511 1221 1550 1793,
1240 1512 1260 1536 1
1275 1513 1314 1548 p.
1333 1498 1496 1537 in-folio.

283 1580 409 1608 Extrait
424 1579 466 1606 du
481 1577 609 1612 re'gistre
624 1574 678 1603 des
692 1573 828 1600 délibéra
830 1572 912 1598 tions
927 1570 991 1597 de.I
990 1569 1193 1596 aXommunë
1209 1567 1247 1593 de
1263 1564 1349 1591 Paris
1361 1565 1550 1591 concernant

241 1623 452 1653 l’arrestation
471 1621 509 1650 de
530 1621 700 1651 Pariz^-ass
703 1619 785 1643 ecsin
801 1616 841 1642 Ile
846 1605 902 1641 Te
928 1611 1055 1640 Peletier
1073 1611 1110 1639 de
1129 1609 1383 1638 Saint-Fargeau.
1413 1617 1425 1631 «
1443 1606 1552 1635 Arrête

238 1678 304 1703 ■que
313 1669 357 1695 les
365 1655 583 1694 sectîonslTïnt
596 1661 728 1689 invitées
739 1661 758 1687 à
767 1661 864 1687 rester
875 1666 912 1685 en
924 1662 1140 1692 permanence,
1152 1653 1170 1681 à
1181 1651 1262 1680 tenir
1274 1654 1344 1678 tous
1355 1651 1398 1677 les
1409 1649 1563 1683 citoyens.

240 1720 313 1740 sous
330 1712 373 1739 les
390 1717 491 1738 armes
508 1709 525 1735 à
542 1716 579 1736 ne
596 1707 766 1741 permettre
782 1702 907 1731 demain
925 1701 942 1729 à
959 1699 1012 1735 qui
1028 1708 1062 1727 ce
1078 1698 1149 1731 soit,
1168 1698 1268 1724 même
1285 1703 1347 1722 aux
1363 1695 1493 1722 femmes
1510 1693 1548 1719 de

239 1756 371 1785 circuler
387 1756 465 1783 dans
481 1753 525 1781 les
540 1760 621 1785 rues,
638 1749 802 1783 exception
819 1754 883 1774 aux
898 1743 1144 1773 fonctionnaires
1161 1740 1293 1776 publics,
1311 1746 1374 1766 aux
1390 1737 1549 1772 employés

243 1801 281 1829 de
299 1797 577 1828 l’administration
596 1799 626 1823 et
647 1795 665 1822 à
683 1794 711 1821 la
730 1793 812 1820 force
830 1791 969 1818 armée...
990 1788 1072 1815 Tous
1091 1786 1134 1814 les
1152 1786 1294 1819 citoyens
1311 1785 1381 1812 sont
1402 1781 1515 1809 invités
1535 1781 1551 1807 à

242 1848 342 1874 rester
360 1845 437 1872 dans
456 1843 481 1871 le
499 1842 598 1869 calme
616 1840 642 1867 le
661 1839 729 1873 plus
747 1835 889 1872 profond.
907 1845 918 1858 »

375 1916 441 1948 io°
467 1909 508 1946 P.
535 1921 563 1946 s.
594 1905 738 1955 (griffe)'
757 1903 828 1952 par
850 1902 1151 1940 Coulombeau,
1175 1893 1381 1932 secrétaire
1403 1891 1553 1940 greffier

322 1968 372 2004 de
392 1967 431 2004 la
450 1966 668 2002 Commune
689 1961 736 1997 de
759 1959 885 2000 Paris;
909 1967 957 1993 20
977 1953 1129 2002 janvier
1151 1961 1259 1999 1793,
1283 1961 1303 1986 1
1325 1962 1362 1997 p.
1387 1947 1551 1989 in-folio,

322 2023 405 2060 tête
426 2019 638 2069 imprimée.

288 2088 414 2116 Extrait
429 2087 472 2114 du
485 2085 614 2121 registre
626 2083 681 2111 des
695 2080 915 2109 délibérations
928 2078 970 2105 du
985 2074 1105 2104 Conseil
1119 2070 1242 2109 général
1264 2071 1305 2098 du
1336 2070 1553 2104 département

248 2142 286 2162 en
306 2138 522 2168 permanence.
545 2127 740 2157 Instruction
759 2133 800 2153 au
818 2117 1184 2154 commandant-général
1204 2123 1283 2151 pour
1308 2114 1440 2151 prendre
1465 2115 1555 2139 toute

246 2179 290 2206 les
305 2184 443 2205 mesures
458 2173 645 2204 nécessaires
662 2172 724 2198 afin
741 2167 937 2203 d’empêcher
955 2173 1023 2200 que,
1033 2164 1059 2191 le
1076 2161 1251 2190 lendemain
1260 2168 1307 2192 21,
1324 2159 1378 2186 des
1394 2160 1554 2190 attroupe¬

247 2225 351 2250 ments
368 2222 491 2249 sortent
509 2227 549 2246 ou
567 2218 691 2245 entrent
710 2214 788 2242 dans
807 2211 902 2240 Paris.
923 2221 934 2236 «
951 2208 1055 2236 Invite
1072 2211 1143 2235 tous
1159 2205 1203 2233 les
1220 2204 1361 2238 citoyens
1379 2202 1397 2229 à
1415 2200 1520 2228 veiller
1537 2200 1555 2226 à

243 2275 281 2295 ce
296 2275 356 2301 que
371 2266 415 2293 les
429 2263 569 2292 ennemis
583 2262 621 2289 de
636 2260 665 2288 la
680 2258 805 2286 Liberté
819 2260 849 2284 et
865 2256 904 2283 de
920 2248 1061 2289 l’Égalité
1076 2260 1114 2279 ne
1130 2250 1269 2285 puissent
1285 2248 1350 2275 rien
1365 2248 1476 2274 tenter.
1491 2254 1502 2268 »

378 2344 444 2376 ii°
470 2337 512 2373 P.
546 2348 575 2373 s.
609 2333 682 2383 par
712 2328 960 2375 Monestier
993 2327 1060 2375 (du
1091 2318 1419 2372 Puy-de-Dôme),
1452 2317 1556 2353 Des¬

326 2403 455 2432 fieux
470 2392 509 2429 et
526 2392 818 2434 Debusscher,
834 2384 1045 2434 président,
1063 2377 1364 2427 vice-président
1381 2379 1419 2411 et
1435 2373 1556 2410 secré¬

325 2450 424 2487 taire
445 2449 493 2485 de
513 2448 550 2484 la
572 2444 723 2483 Société
743 2443 809 2479 des
830 2440 928 2477 amis
948 2439 996 2475 de
1016 2438 1054 2473 la
1074 2433 1236 2473 Liberté'
1250 2436 1288 2468 et
1309 2431 1356 2468 de
1374 2422 1556 2476 l’Égalité

329 2503 563 2554 (ex-Société
579 2502 646 2538 des
663 2499 760 2536 amis
776 2498 824 2535 de
839 2497 877 2533 la
892 2490 1173 2536 Constitution)
1188 2501 1194 2531 ;
1212 2499 1260 2525 20
1276 2486 1428 2534 janvier
1444 2493 1554 2531 1793,

328 2571 349 2598 2
370 2573 407 2608 p.
433 2560 516 2604 in-4
514 2564 532 2583 0
537 2590 544 2601 ,
566 2557 743 2604 vignette
764 2549 978 2600 imprimée,
1000 2547 1136 2585 cachet
1159 2546 1206 2582 de
1227 2543 1302 2580 cire
1323 2551 1452 2587 rouge.

296 2627 339 2654 La
356 2626 477 2654 Société
493 2622 601 2651 décide
618 2619 732 2649 l’envoi
747 2619 840 2646 d’une
857 2615 1033 2651 délégation
1049 2613 1087 2641 de
1104 2612 1201 2639 douze
1217 2607 1372 2636 membres
1388 2603 1499 2639 auprès
1515 2604 1556 2630 du

254 2670 377 2699 Conseil
393 2668 539 2701 exécutif,
557 2667 599 2695 du
616 2665 844 2700 département,
862 2661 904 2689 du
921 2658 1034 2687 conseil
1051 2655 1173 2692 général
1189 2654 1227 2681 de
1243 2653 1271 2679 la
1289 2657 1462 2682 commune,
1481 2655 1559 2682 pour
