1882 3072
891 382 936 418 —
960 382 1011 419 30
1035 403 1086 410 —

486 486 658 526 finances
677 491 726 527 de
743 491 781 528 la
799 493 1050 534 Convention
1062 510 1068 540 ;
1089 499 1211 545 Paris,
1233 512 1281 540 20
1298 506 1562 549 vendémiaire
1581 525 1630 551 an
1650 517 1724 562 III,

486 552 506 578 I
525 554 553 591 p
557 575 563 580 .
590 544 627 592 y
615 566 633 593 2
655 545 739 593 in-4
738 552 756 572 0
759 579 766 591 ,
787 549 967 598 vignette
986 552 1202 602 imprimée.
1626 580 1648 618 5
1710 588 1724 607 >,

249 611 380 654 88212
406 617 632 659 GARRAN
653 623 728 661 DE
746 624 961 666 COULON
986 630 1331 686 (Jean-Philippe),
1354 648 1497 680 avocat
1516 658 1566 683 au
1587 648 1722 698 dépar¬

481 678 635 715 tement
661 678 709 717 de
748 680 871 727 Paris,
913 684 1062 735 député
1099 688 1152 726 du
1191 690 1323 730 Loiret
1349 696 1373 732 à
1398 697 1434 734 la
1461 699 1717 751 Convention,

478 731 529 767 né
568 732 592 769 à
629 733 942 778 Saint-Maixent
978 742 1295 796 (Deux-Sèvres).
1330 772 1380 779 —
1408 753 1449 791 L.
1472 765 1507 794 a:
1527 770 1576 802 s.;
1598 760 1717 807 Paris,

480 796 525 824 II
545 790 647 826 avril
668 791 779 841 1807,
809 806 829 831 1
850 808 887 844 p.
912 796 996 845 in-4
995 803 1013 822 0
1015 830 1021 836 .
1598 828 1644 854 10
1703 833 1719 852 »

441 853 467 880 Il
478 855 594 890 appuie
607 856 634 884 la
647 857 801 889 demande
813 861 851 889 de
862 863 891 890 la
903 863 1016 897 justice
1025 866 1062 894 de
1075 869 1148 901 paix
1161 870 1198 898 de
1211 871 1454 908 Champdeniers
1467 878 1715 919 (Deux-Sèvres),

397 896 476 925 faite
489 906 546 933 par
559 899 600 928 M.
616 901 725 936 Citois,
740 907 917 935 ex-notaire
932 909 950 935 à
966 909 1139 940 Xaintrais.
1155 924 1166 938 «
1179 914 1261 943 C’est
1276 924 1317 945 un
1330 918 1402 953 père
1415 922 1453 949 de
1465 923 1593 961 famille,
1606 930 1715 963 acqué¬

396 948 469 969 reur
485 942 524 970 de
541 944 705 975 domaines
720 949 908 985 nationaux,
927 953 1102 989 intelligent
1120 960 1152 985 et
1170 959 1360 991 affectionné
1376 972 1415 993 au
1434 974 1686 1001 gouvernement.
1707 985 1717 997 »

239 1002 368 1044 88213
396 1007 623 1050 GARRAU
651 1014 1029 1069 (Pierre-Anselme),
1056 1029 1212 1069 avocat,
1240 1027 1387 1077 député
1411 1032 1459 1070 de
1482 1035 1520 1072 la
1543 1035 1715 1078 Gironde

471 1066 494 1103 à
516 1066 553 1104 la
576 1068 839 1117 Convention,
863 1076 913 1112 né
935 1077 959 1112 à
981 1077 1223 1130 Sainte-Foy
1248 1083 1459 1135 (Gironde).
1486 1112 1536 1118 —
1556 1093 1597 1132 L.
1622 1107 1656 1132 a.
1680 1110 1709 1134 s.

469 1133 520 1159 au
541 1124 720 1164 ministre
741 1128 790 1165 de
810 1130 848 1167 la
868 1130 1033 1177 Guerre;
1057 1135 1178 1181 Paris,
1203 1149 1248 1186 13
1267 1142 1424 1189 prairial
1447 1157 1497 1183 an
1518 1147 1607 1194 VII,
1631 1162 1650 1188 1
1670 1165 1707 1202 p.

471 1177 554 1227 in-4
554 1185 572 1205 0
575 1212 581 1217 .
1612 1206 1635 1243 8
1694 1222 1710 1241 »

236 1249 365 1290 88214
392 1254 663 1298 GASPARIN
693 1262 1128 1318 (Thomas-Augustin),
1156 1274 1311 1320 officier,
1340 1279 1486 1329 député
1512 1284 1578 1322 des
1605 1286 1708 1325 Bou¬

465 1314 793 1357 ches-du-Rhône
814 1321 837 1358 à
856 1322 1112 1364 l’Assemblée
1132 1329 1350 1378 législative
1370 1340 1409 1372 et
1430 1338 1454 1374 à
1471 1339 1510 1376 la
1529 1340 1706 1381 Conven¬

463 1370 560 1414 tion,
580 1373 628 1409 né
643 1374 667 1411 à
682 1373 839 1426 Orange
857 1378 1094 1431 (Vaucluse).
1116 1406 1166 1412 —
1180 1385 1221 1424 L.
1240 1400 1273 1425 a.
1292 1402 1320 1427 s.
1335 1402 1342 1433 ;
1361 1391 1481 1437 Paris,
1500 1406 1548 1433 20
1564 1397 1702 1436 février

464 1437 574 1476 1792,
595 1439 616 1467 2
633 1442 671 1479 p.
693 1431 776 1479 in-4
776 1438 794 1458 0
797 1465 802 1471 .
1579 1463 1625 1490 10
1685 1469 1700 1488 »

430 1491 456 1518 U
477 1496 697 1525 recommande
719 1506 762 1527 un
783 1499 820 1527 de
841 1509 889 1529 ses
909 1506 1144 1540 compatriotes,
1167 1508 1208 1536 M.
1230 1510 1353 1539 Servais
1374 1513 1411 1540 de
1432 1515 1538 1549 I.aval,
1558 1526 1637 1551 pour
1655 1528 1697 1547 un

387 1535 501 1571 emploi
517 1537 554 1565 de
571 1539 600 1566 la
617 1541 842 1575 gendarmerie.

228 1595 356 1637 88215
383 1599 591 1641 GASTON
619 1606 877 1658 (Raymond),
903 1612 1063 1652 homme
1087 1618 1134 1653 de
1157 1619 1221 1662 loi,
1247 1622 1394 1670 député
1417 1626 1463 1663 de
1486 1628 1651 1679 l’Ariège
1675 1633 1698 1667 à

456 1658 713 1700 l’Assemblée
741 1665 961 1714 législative
991 1675 1030 1707 et
1061 1672 1083 1707 à
1112 1673 1151 1709 la
1180 1673 1439 1723 Convention,
1471 1682 1519 1717 né
1549 1683 1569 1718 à
1600 1685 1697 1721 Foix

459 1715 640 1766 (Ariège).
671 1741 723 1746 —
746 1721 790 1760 L.
820 1734 854 1760 a.
884 1736 914 1762 s.
944 1737 996 1762 au
1023 1728 1225 1767 ministère
1252 1732 1300 1769 de
1327 1733 1365 1770 la
1391 1746 1545 1783 guerre;
1574 1738 1694 1784 Paris,

453 1781 479 1820 4
493 1773 595 1810 avril
610 1786 662 1811 an
679 1775 737 1812 IV
752 1777 802 1815 de
817 1778 856 1816 la
872 1780 1032 1819 Liberté
1052 1784 1193 1834 (1792),
1214 1797 1233 1824 1
1250 1800 1287 1837 p.
1308 1788 1391 1839 in-4
1390 1795 1408 1816 0
1411 1823 1416 1829 .
1575 1805 1622 1832 10
1681 1809 1697 1829 »

417 1836 443 1864 Il
455 1845 487 1865 se
500 1838 580 1872 joint
595 1848 636 1869 au
650 1843 747 1872 maire
760 1844 798 1873 de
815 1845 911 1879 Paris,
926 1848 1045 1884 Petion,
1061 1859 1139 1885 pour
1153 1852 1228 1881 faire
1241 1854 1323 1889 jouir
1333 1856 1371 1884 de
1385 1857 1552 1887 l’amnistie
1565 1860 1591 1889 le
1604 1861 1695 1895 jeune

376 1880 509 1916 Deveze,
528 1883 576 1912 fils
595 1885 637 1913 du
655 1889 870 1918 commissaire
889 1892 928 1920 de
947 1893 976 1920 la
993 1896 1115 1923 section
1133 1896 1175 1924 du
1199 1898 1307 1927 Roule.
1328 1901 1390 1929 Son
1409 1902 1496 1938 frère,
1516 1904 1634 1934 colonel
1653 1907 1694 1935 du

377 1932 413 1959 54
415 1928 427 1943 e
442 1927 594 1962 régiment
611 1931 827 1969 d’infanterie,
845 1936 871 1964 le
887 1945 1014 1966 recevra
1032 1939 1110 1968 dans
1126 1949 1181 1970 son
1197 1943 1360 1978 régiment.

221 1987 348 2028 88216
374 1990 585 2033 GAUDIN
624 1998 1358 2061 (Joseph-Marie-Jacques-François),
1394 2015 1542 2065 député
1575 2019 1623 2055 de
1654 2021 1692 2057 la

450 2049 608 2090 Vendée
631 2055 655 2091 à
675 2056 931 2097 l’Assemblée
953 2062 1172 2111 législative
1195 2071 1234 2104 et
1257 2068 1281 2104 à
1301 2069 1338 2105 la
1360 2070 1619 2118 Convention,
1642 2077 1691 2112 né

449 2117 529 2143 aux
548 2107 683 2148 Sables
704 2113 899 2152 d’Olonne
922 2117 1123 2168 (Vendée).
1147 2143 1197 2149 —
1215 2122 1256 2160 L.
1278 2137 1307 2161 s.
1330 2137 1409 2163 aux
1430 2130 1622 2168 membres
1641 2132 1690 2168 de

446 2162 484 2198 la
503 2162 765 2206 Commission
784 2170 833 2207 de
852 2171 891 2208 la
911 2175 1061 2211 marine
1082 2181 1121 2213 et
1142 2178 1210 2215 des
1230 2181 1418 2226 colonies;
1440 2195 1520 2221 aux
1540 2185 1686 2230 Sables,

447 2228 495 2265 14
512 2223 677 2259 ventôse
695 2236 747 2260 an
767 2225 842 2275 III,
868 2227 904 2275 y
892 2250 910 2276 2
929 2242 966 2278 p.
989 2230 1153 2276 in-folio,
1174 2235 1353 2283 vignette
1371 2238 1573 2288 imprimée
1592 2254 1687 2279 avec

442 2274 480 2310 la
512 2275 645 2315 devise
679 2290 686 2315 :
721 2280 953 2322 Humanité.
989 2285 1152 2334 Justice.
1565 2308 1612 2334 10
1672 2312 1686 2331 »

213 2344 340 2388 88217
367 2348 645 2393 GAULTIER
668 2357 988 2412 (René-Claude),
1011 2365 1160 2415 député
1179 2369 1246 2406 des
1267 2371 1586 2413 Côtes-du-Nord
1606 2376 1630 2413 à
1647 2377 1684 2413 la

442 2408 703 2457 Convention,
725 2415 773 2450 né
791 2416 815 2451 à
833 2417 1051 2458 Pontrieux
1071 2422 1432 2476 (Côtes-du-Nord).
1455 2451 1505 2456 —-
1522 2430 1562 2467 L.
1584 2444 1617 2468 a.
1638 2444 1682 2476 s.,

439 2463 571 2512 signée
596 2470 701 2505 aussi
723 2482 797 2518 par
819 2485 891 2510 son
916 2476 1089 2524 collègue
1113 2478 1158 2516 G.
1185 2481 1360 2532 Couppé,
1385 2496 1465 2521 aux
1488 2488 1682 2525 membres

438 2519 492 2556 du
515 2521 752 2569 Directoire;
774 2527 896 2573 Paris,
920 2540 941 2577 5
964 2533 1230 2573 vendémiaire
1251 2549 1302 2574 an
1323 2539 1391 2583 VI,
1416 2552 1435 2576 1
1455 2554 1493 2589 p.
1518 2542 1601 2590 in-4
1600 2548 1619 2568 0
1621 2575 1627 2580 .

1558 2609 1604 2636 10
1665 2613 1681 2632 »

402 2639 707 2677 Recommandation
723 2655 761 2676 en
777 2649 888 2678 faveur
904 2651 944 2679 du
960 2653 1088 2689 citoyen
1103 2656 1250 2692 Thomas,
1266 2661 1336 2688 chef
1351 2662 1393 2689 du
1408 2671 1426 2695 4
1428 2665 1439 2680 e
1456 2663 1608 2692 bataillon
1624 2666 1679 2694 des

358 2681 624 2722 Côtes-du-Nord,
642 2691 695 2724 qui
711 2691 867 2722 demande
883 2703 944 2724 une
962 2698 1049 2731 place
1066 2699 1104 2727 de
1120 2702 1190 2730 chef
1206 2703 1389 2733 d’escadron
1406 2706 1485 2735 dans
1501 2708 1529 2735 la
1546 2709 1678 2743 gendar-

344 2726 479 2766 merie.
205 2788 333 2829 88218
359 2792 648 2837 GAUTHIER
676 2802 1098 2858 (Antoine-François),
1128 2822 1285 2860 avocat,
1303 2818 1462 2865 .député
1488 2820 1541 2856 du
1569 2821 1674 2860 Tiers
