1816 3097
885 268 932 302 —
964 268 1010 303 10
1037 286 1086 292 —

490 381 678 418 cruautés.
698 403 748 407 —
762 382 802 419 L.
821 396 848 419 s.
869 396 964 420 avec
979 386 1017 421 la
1032 387 1296 436 souscription
1314 394 1393 428 aut.
1414 392 1436 427 à
1451 404 1519 431 son
1534 397 1700 440 beau-fils

492 435 622 482 (H.-R.
646 437 693 473 de
714 438 770 474 La
790 438 936 483 Marck,
959 441 1035 477 duc
1057 443 1104 478 de
1126 443 1322 489 Bouillon,
1345 446 1473 495 époux
1494 451 1539 487 de
1558 465 1600 491 sa
1618 455 1698 502 fille,

487 491 704 539 Françoise)
717 505 724 536 ;
751 493 870 538 Paris,
898 506 941 532 n
966 498 1127 534 octobre
1154 509 1263 546 1572,
1291 511 1310 536 1
1334 514 1371 549 p.
1398 503 1464 551 3/4
1486 505 1603 547 in-fol.

1561 574 1628 602 200
1683 582 1698 602 »

448 612 645 647 Importante
657 613 750 642 lettre
762 614 944 651 historique.
962 617 987 644 Il
1000 618 1140 654 l’engage
1154 619 1171 646 à
1184 622 1307 649 revenir
1320 623 1339 650 à
1350 623 1381 649 la
1392 625 1518 660 religion
1529 629 1696 668 catholique

407 658 437 683 et
456 657 473 683 à
491 656 615 689 adjurer
635 657 773 687 l’hérésie
792 660 845 694 qui
862 661 948 689 vient
968 662 1006 690 de
1022 670 1131 691 causer
1149 672 1187 692 en
1207 666 1324 695 France
1342 668 1371 694 la
1390 668 1694 712 Saint-Barthélemy;

407 701 481 734 qu’il
499 700 587 729 imite
604 702 635 729 la
652 703 825 732 confession
843 706 992 740 publique
1009 708 1052 735 du
1069 712 1198 743 pasteur
1218 711 1343 739 Roziers
1360 715 1391 740 et
1410 723 1421 737 «
1437 714 1465 742 la
1482 717 1644 749 profession
1661 722 1694 750 de

403 744 458 780 foy
471 744 514 772 du
529 747 602 781 Roy
613 747 655 774 de
670 748 811 776 Navarre
825 749 934 783 (Henri
949 751 1004 786 IV)
1019 754 1050 780 et
1064 753 1102 780 de
1115 754 1273 782 Monsieur
1285 755 1313 783 le
1324 756 1430 791 prince
1443 758 1481 786 de
1493 759 1594 791 Fondé
1608 764 1693 797 (Hen¬

402 789 427 816 ri
445 790 457 816 I
460 793 484 809 er
488 790 508 824 ),
525 791 668 825 lesquelz,
685 800 748 820 non
765 796 894 822 contens
911 795 1032 823 d’avoir
1048 805 1098 825 ces
1115 797 1200 832 jours
1217 807 1335 835 passez,
1353 802 1462 836 abjuré
1477 804 1541 833 leur
1557 806 1618 835 dite
1634 811 1692 844 opi¬

400 833 475 861 nion
488 837 519 862 et
533 836 605 863 aller
620 836 638 863 à
650 837 680 863 la
693 844 802 871 messe,
816 842 871 866 ont
886 840 998 875 escript
1013 843 1044 868 et
1058 841 1212 878 depesché
1224 852 1268 872 un
1282 846 1503 879 gentilhomme
1516 857 1583 878 vers
1594 856 1692 882 nostre

401 877 482 905 saint
500 879 574 915 père
591 880 619 908 le
636 889 740 916 pappe
761 882 917 918 (Grégoire
937 885 1044 919 XIII),
1065 886 1084 913 à
1101 894 1136 914 ce
1155 895 1215 922 que
1233 891 1373 917 mettant
1393 900 1432 919 en
1449 893 1545 922 oublv
1561 895 1693 926 l’offence

402 923 493 956 qu’ilz
516 927 570 952 ont
594 925 742 955 commise
765 935 844 962 pour
866 929 974 957 s’estre
997 938 1123 966 séparez
1148 932 1190 960 clu
1213 941 1304 970 corps
1329 935 1366 962 de
1391 936 1502 971 l’église
1525 940 1693 976 catholique

400 967 561 1002 Romaine,
578 978 635 997 son
651 972 714 998 bon
729 972 837 1006 plaisir
852 973 945 1007 feust,
962 977 1056 1002 usant
1075 976 1112 1003 de
1129 977 1157 1003 la
1175 979 1345 1012 paternelle
1363 981 1508 1009 affection
1524 985 1553 1010 et
1571 985 1691 1021 amityé,

399 1013 474 1045 qu’il
490 1021 508 1040 a
525 1014 666 1048 toujours
683 1024 740 1043 eue
755 1024 866 1045 envers
882 1019 925 1046 les
942 1026 1037 1053 vrays
1054 1020 1181 1048 enfants
1198 1022 1237 1049 de
1254 1022 1346 1057 Dieu,
1364 1024 1429 1052 leur
1445 1026 1553 1054 tendre
1568 1028 1597 1056 la
1611 1032 1692 1059 main

398 1059 440 1090 et,
457 1057 500 1084 les
515 1062 661 1087 recevant
679 1060 697 1087 à
713 1061 742 1087 la
758 1065 945 1096 repentance
963 1065 1053 1098 qu’ils
1070 1068 1136 1098 ont,
1154 1065 1220 1094 leur
1236 1066 1381 1102 impartir
1397 1069 1424 1097 le
1440 1070 1573 1100 bénéfice
1589 1074 1624 1101 de
1639 1082 1691 1103 son

395 1102 515 1135 pardon
532 1105 563 1130 et
582 1104 773 1139 indulgence.
792 1116 804 1131 »
823 1106 849 1133 Il
867 1107 910 1134 lui
928 1116 1069 1137 annonce
1089 1111 1211 1138 ensuite
1230 1112 1259 1139 la
1277 1116 1360 1140 mort
1380 1113 1472 1143 d’une
1492 1119 1577 1145 autre
1594 1119 1630 1146 de
1647 1127 1690 1147 ses

395 1145 529 1180 enfants,
545 1148 641 1181 Anne,
655 1150 769 1177 mariée
782 1151 799 1177 à
812 1151 960 1187 François
972 1153 1011 1181 de
1024 1153 1143 1188 Clèves,
1156 1156 1218 1183 duc
1230 1156 1268 1184 de
1280 1157 1410 1186 Nevers.

243 1214 367 1253 88144
391 1218 639 1259 NANNONI
671 1223 862 1273 (Angelo),
891 1238 946 1262 un
974 1227 1041 1264 des
1069 1229 1158 1276 plus
1186 1232 1332 1277 grands
1359 1233 1594 1281 chirurgiens
1621 1237 1688 1274 ita¬

464 1275 573 1320 liens,
594 1278 644 1314 né
662 1280 750 1327 près
771 1280 819 1317 de
840 1281 1036 1320 Florence.
1061 1305 1112 1309 —
1129 1285 1170 1322 L.
1196 1298 1228 1323 a.
1252 1299 1280 1324 s.
1306 1287 1330 1323 à
1349 1287 1523 1327 Antonio
1542 1290 1686 1336 Pacini;

465 1331 662 1378 Florence,
679 1345 728 1380 30
744 1338 958 1374 novembre
978 1349 1086 1388 1779,
1108 1351 1127 1377 1
1144 1354 1182 1389 p.
1204 1342 1367 1380 in-folio.
1573 1357 1615 1394 15
1674 1363 1688 1382 »

239 1410 362 1450 88145
388 1410 673 1454 NAPOLÉON
690 1418 764 1462 III,
781 1432 985 1470 empereur
998 1424 1065 1461 des
1080 1425 1276 1472 Français.
1296 1428 1400 1466 —L.
1417 1441 1445 1466 s.
1464 1430 1488 1465 à
1502 1429 1550 1467 M.
1570 1431 1686 1469 Kera-

465 1474 546 1518 try;
569 1471 835 1519 Saint-Cloud,
858 1476 906 1513 26
925 1481 1148 1527 septembre
1169 1481 1279 1528 1851,
1304 1494 1322 1520 1
1344 1497 1382 1532 p.
1406 1485 1514 1522 in-8°.
1571 1497 1613 1533 15
1671 1502 1686 1521 »

430 1533 456 1562 Il
470 1535 526 1562 lira
539 1543 614 1564 avec
627 1537 740 1566 intérêt
756 1540 923 1575 l’opuscule
939 1551 997 1577 que
1011 1544 1039 1571 la
1052 1545 1206 1573 situation
1219 1546 1263 1575 lui
1276 1556 1294 1575 a
1308 1548 1431 1583 inspiré.
1448 1561 1459 1575 «
1473 1550 1552 1579 C’est
1566 1554 1684 1581 surtout

389 1585 451 1605 aux
467 1579 606 1608 hommes
621 1581 695 1609 d’un
711 1584 822 1612 mérite
836 1593 972 1614 reconnu
989 1591 1019 1615 et
1036 1589 1130 1618 d’une
1145 1592 1327 1626 expérience
1343 1594 1497 1629 éprouvée
1513 1603 1629 1624 comme
1644 1597 1684 1625 les

386 1621 491 1651 vôtres
509 1625 584 1658 qu’il
601 1628 781 1661 appartient
799 1629 877 1658 dans
893 1629 936 1659 lés
953 1633 1182 1664 circonstances
1198 1637 1340 1666 difficiles
1357 1638 1537 1674 d’apporter
1553 1649 1592 1669 au
1608 1649 1684 1677 pays

384 1666 412 1692 le
428 1667 526 1695 tribut
544 1668 581 1696 de
597 1671 677 1698 leurs
694 1672 845 1703 lumières.
862 1685 873 1701 »

233 1734 356 1774 88146
383 1739 639 1782 NEMOURS
657 1746 782 1793 (Anne
796 1749 843 1785 de
857 1749 1088 1797 Lorraine,
1103 1754 1294 1793 duchesse
1307 1757 1384 1805 de),
1400 1758 1541 1807 épouse
1558 1760 1679 1808 (1618)

457 1797 503 1833 de
523 1797 647 1836 Henri
666 1802 713 1838 de
733 1802 884 1849 Savoie,
906 1806 980 1844 duc
1001 1808 1048 1844 de
1068 1809 1275 1855 Nemours,
1297 1809 1374 1849 fille
1394 1814 1441 1850 de
1462 1814 1613 1852 Charles
1633 1816 1677 1853 de

454 1852 650 1900 Lorraine,
678 1857 752 1894 duc
779 1859 995 1900 d'Aumale.
1024 1885 1075 1890 —
1098 1864 1139 1902 L.
1168 1879 1197 1904 s.
1227 1879 1278 1905 au
1304 1869 1380 1906 duc
1407 1870 1453 1906 de
1479 1869 1673 1914 Lorraine;

453 1907 572 1953 Paris,
592 1921 639 1948 20
655 1911 807 1959 janvier
825 1915 933 1961 1628,
954 1929 973 1955 1
992 1931 1028 1967 p.
1050 1920 1216 1966 in-folio,
1237 1925 1402 1962 adresse.
1559 1937 1603 1963 10
1660 1941 1675 1960 »

416 1971 645 2004 Condoléances
658 1986 710 2006 sur
724 1979 754 2006 la
768 1984 851 2008 mort
866 1982 904 2009 de
919 1991 954 2011 sa
968 1983 1093 2013 femme.
1114 1987 1195 2022 (Une
1210 1992 1281 2017 cote
1297 1990 1447 2019 ancienne
1462 1991 1587 2026 indique
1603 1993 1672 2027 qu’il

373 2016 464 2052 s’agit
482 2018 519 2046 de
536 2020 739 2051 Chrestienne
750 2024 788 2052 de
805 2026 904 2061 Salm;
919 2030 1006 2057 cette
1022 2030 1116 2059 lettre
1132 2034 1179 2060 est
1196 2033 1278 2062 donc
1293 2035 1435 2063 adressée
1451 2044 1492 2063 au
1507 2036 1567 2064 duc
1584 2038 1673 2064 Fran¬

373 2061 434 2095 çois
452 2063 504 2097 qui
519 2066 604 2093 avait
621 2067 765 2103 abdiqué,
782 2078 820 2098 en
837 2072 923 2107 1624,
940 2081 978 2102 en
993 2074 1104 2103 faveur
1120 2077 1157 2105 de
1172 2084 1230 2106 son
1247 2080 1295 2107 fils
1312 2080 1463 2116 Charles).

219 2128 342 2171 88147
368 2135 579 2175 NEVERS
602 2139 772 2188 (Charles
794 2144 812 2179 I
814 2149 848 2170 er
867 2146 915 2184 de
936 2146 1182 2195 Gonzague,
1207 2153 1283 2189 duc
1304 2153 1381 2202 de),
1404 2155 1479 2192 duc
1500 2155 1546 2192 de
1566 2154 1674 2191 Man-

441 2196 545 2237 toue,
570 2195 700 2233 habile
723 2200 932 2248 capitaine,
958 2215 1009 2241 m.
1038 2205 1147 2255 1639.
1175 2228 1226 2233 —
1249 2208 1290 2245 L.
1317 2222 1362 2253 s.,
1389 2222 1484 2247 avec
1507 2210 1544 2247 la
1567 2222 1672 2247 sous¬

439 2248 607 2297 cription
637 2256 733 2297 aut.,
766 2267 816 2292 au
847 2258 922 2294 duc
954 2259 1001 2296 de
1032 2259 1237 2307 Lorraine;
1270 2264 1669 2309 Sainte-Menehould,

437 2314 485 2340 20
502 2306 583 2343 mai
601 2306 710 2355 1614,
732 2321 752 2359 1
771 2311 807 2359 p.
830 2311 995 2359 in-folio,
1016 2317 1166 2355 cachet.
1189 2319 1297 2356 Belle
1316 2322 1444 2359 lettre.
1552 2332 1597 2358 20
1656 2335 1670 2354 »

403 2369 429 2398 Il
444 2371 487 2398 lui
500 2372 559 2401 fait
573 2376 646 2409 part
660 2375 700 2403 de
715 2378 850 2406 l’accord
865 2381 920 2414 qui
932 2381 1008 2410 s’est
1022 2384 1134 2413 conclu
1148 2393 1198 2414 ces
1213 2386 1300 2421 jours
1315 2389 1430 2423 passés.
1448 2389 1475 2417 Il
1488 2396 1582 2424 pense
1597 2389 1671 2423 qu’il

360 2415 425 2442 s’en
447 2416 581 2451 réjouira
602 2420 752 2455 puisqu’il
775 2425 887 2452 tourne
910 2425 928 2453 à
950 2425 1131 2465 l’avantage
1153 2433 1185 2458 et
1208 2439 1249 2459 au
1270 2440 1361 2468 repos
1384 2433 1427 2461 du
1447 2441 1606 2468 royaume.
1632 2432 1668 2467 (Il

359 2459 451 2493 s’agit
469 2461 511 2489 du
529 2464 624 2491 traité
641 2466 761 2500 conclu,
779 2468 806 2494 le
827 2477 860 2502 15
879 2471 953 2504 mai,
973 2472 990 2499 à
1008 2472 1331 2511 Sainte-Menehould,
1351 2481 1438 2506 entre
1456 2478 1560 2506 Fondé
1578 2479 1607 2505 et
1625 2477 1667 2505 les

357 2504 514 2538 seigneurs
527 2507 664 2537 révoltés
679 2513 787 2540 contre
801 2513 832 2539 la
846 2514 975 2549 régence
991 2517 1030 2544 de
1046 2518 1143 2547 Marie
1160 2520 1198 2548 de
1214 2521 1354 2556 Médicis,
1371 2523 1464 2551 d’une
1481 2524 1562 2557 part,
1579 2524 1609 2549 et
1625 2522 1667 2549 les

355 2548 586 2583 représentants
606 2553 645 2582 de
663 2554 801 2592 celle-ci).

203 2613 327 2655 88148
353 2619 615 2662 NOAILLES
648 2627 772 2674 (Paul,
804 2630 880 2667 duc
910 2633 986 2682 de),
1018 2635 1177 2674 homme
1207 2638 1335 2677 d’état
1364 2643 1404 2676 et
1434 2640 1660 2688 diplomate,

428 2677 640 2729 biographe
662 2684 709 2720 de
730 2683 770 2721 M
777 2688 825 2710 me
847 2687 894 2723 de
916 2688 1159 2737 Maintenon,
1182 2694 1232 2730 né
1252 2695 1276 2731 à
1298 2695 1417 2733 Paris.
1443 2717 1492 2721 —
1511 2695 1551 2732 L.
1577 2707 1608 2731 a.
1630 2705 1658 2731 s.
