1822 3021
729 395 776 428 —
802 394 849 430 29
878 414 921 418 —

265 520 338 548 nées
352 514 572 546 occidentales.
590 514 615 541 11
630 512 736 541 notifie
750 509 1032 546 particulièrement
1048 515 1106 542 que
1121 507 1147 534 le
1162 504 1284 541 général
1302 502 1467 538 l'régeville
1481 503 1562 530 reste

265 563 394 592 attaché
409 561 427 588 à
441 560 539 588 ladite
553 558 667 586 année.

119 633 242 674 88206
268 626 498 668 GANTOIS
517 622 861 674 (Jean-François),
875 620 1123 661 cultivateur,
1139 612 1282 665 député
1296 615 1393 652 delà
1407 606 1563 650 Sommé

344 686 369 722 à
393 685 433 721 la
458 677 792 722 Convention,'né
818 677 841 712 à
866 672 1261 723 Fresnoye-lès-Roye
1291 668 1486 719 (Somme).
1517 687 1568 694 —

346 740 388 777 L.
410 751 442 776 a.
462 751 490 776 s.
510 737 534 774 à
549 746 621 773 son
637 735 806 782 collègue
822 732 1016 774 Dumont;
1034 728 1154 772 Paris,
1172 727 1218 764 28
1234 725 1425 763 fructidor
1442 735 1491 760 an
1510 722 1563 765 II,

350 807 370 833 1
395 808 433 845 p.
462 794 571 840 in-40.
1255 811 1263 816 ,
1467 778 1488 814 8
1549 791 1564 810 «

315 863 341 890 Il
354 862 382 889 le
394 860 461 896 prie
474 860 512 887 de
524 859 602 886 faire
613 858 762 885 remettre
774 863 812 883 en
824 853 932 882 liberté
945 852 972 880 le
982 852 1107 885 citoyen
1121 849 1257 881 Houdet,
1271 847 1384 875 détenu
1398 845 1417 872 à
1429 843 1566 875 Nointel,

272 906 373 942 lequel
394 904 473 933 était
497 903 678 938 gravement
701 900 833 927 malade.

127 977 250 1018 88207
277 970 524 1013 GARNIER
542 971 591 1007 de
608 970 647 1006 la
664 967 795 1005 Meuse
817 961 1167 1015 (Claude-Xavier),
1186 958 1404 1007 négociant,
1425 954 1570 1002 député

352 1024 564 1078 suppléant
581 1026 630 1062 de
646 1024 685 1061 la
702 1022 833 1059 Meuse
851 1021 875 1057 à
890 1021 928 1057 la
946 1016 1200 1059 Convention,
1219 1015 1247 1051 il
1262 1013 1390 1060 siégea
1407 1022 1454 1046 en
1471 1020 1571 1046 rem¬

353 1084 575 1134 placement
597 1081 645 1118 de
664 1079 841 1126 Tocquot
862 1071 1189 1114 démissionnaire,
1210 1069 1259 1106 né
1280 1069 1302 1104 à
1322 1064 1568 1103 Bar-le-Duc.

355 1162 407 1168 —
421 1139 463 1177 L.
483 1150 517 1176 a.
535 1150 580 1181 s.,
597 1134 727 1184 signée
744 1133 959 1182 également
974 1140 1046 1178 par
1062 1127 1307 1172 Fremanger,
1325 1123 1349 1158 à
1363 1122 1446 1158 leur
1461 1119 1573 1156 collè¬

356 1208 430 1245 gue
448 1195 626 1231 Dumont
637 1203 644 1235 ;
666 1199 709 1237 15
729 1189 874 1230 nivôse,
895 1197 915 1223 1
932 1198 969 1234 p.
990 1184 1073 1230 in-4
1071 1188 1090 1208 0
1093 1214 1099 1220 .
1454 1185 1500 1211 12
1560 1186 1575 1207 »

328 1265 377 1290 Au
391 1269 467 1290 nom
481 1261 520 1288 de
533 1257 717 1287 l’humanité
732 1255 767 1283 ils
782 1254 824 1282 lui
838 1251 1025 1281 demandent
1041 1250 1070 1276 la
1083 1247 1160 1275 mise
1174 1254 1212 1274 en
1226 1243 1334 1272 liberté
1350 1243 1390 1269 du
1404 1233 1575 1269 beau-frèrë

285 1309 361 1336 d’un
374 1307 413 1334 de
425 1307 508 1333 leurs
521 1302 687 1338 collègues;
700 1301 776 1328 c’est
789 1306 849 1326 une
861 1297 974 1325 femme
987 1293 1134 1330 patriote,
1146 1291 1228 1318 mère
1242 1288 1363 1321 de.cinq
1377 1285 1511 1316 enfants,
1525 1282 1577 1317 qui

287 1354 347 1381 l’en
363 1351 502 1386 conjure.

137 1421 260 1461 88208
287 1416 545 1459 GARNIER,
588 1415 635 1451 de
675 1410 816 1449 l’Aube
861 1397 1385 1456 (Antoine-Marie-Charles),
1428 1395 1581 1435 avocat,

363 1472 510 1522 député
528 1471 576 1508 de
592 1467 736 1506 l’Aube
754 1466 777 1501 à
792 1465 833 1501 la
850 1459 1107 1501 Convention,
1126 1456 1176 1492 né
1193 1455 1218 1491 à
1234 1454 1391 1499 Troyes.
1412 1469 1462 1475 —
1478 1448 1519 1484 P.
1540 1459 1585 1488 s.,

363 1528 494 1576 signée
521 1524 626 1563 aussi
652 1534 723 1570 par
748 1531 807 1557 ses
833 1514 1024 1563 collègues
1051 1513 1261 1551 Mathieu,
1289 1502 1498 1548 Bourdon
1528 1501 1590 1548 (de

364 1583 512 1631 l’Oise),
533 1581 703 1620 BAKRAS
702 1604 722 1619 r
720 1558 1377 1610 Jbe*to-TT'~OT7EGENDREParis,
1397 1565 1419 1603 5
1440 1554 1586 1594 nivôse,

348 1617 656 1687 -xTruMoT
1467 1620 1513 1646 10
1574 1620 1589 1639 »

330 1704 441 1734 Arrêté
456 1703 497 1731 du
512 1698 633 1728 Comité
647 1697 686 1725 de
700 1694 805 1724 sûreté
820 1690 959 1728 générale
974 1686 1149 1716 ordonnant
1165 1683 1194 1710 la
1207 1681 1292 1709 levée
1307 1680 1360 1706 des
1374 1675 1477 1704 scellés
1491 1680 1588 1708 appo¬

291 1752 338 1779 sés
353 1750 425 1777 chez
440 1748 467 1775 le
480 1746 607 1779 citoyen
620 1740 783 1776 Marigner.

143 1825 266 1864 88209
294 1818 553 1860 GARNIER,
574 1817 622 1853 de
641 1814 794 1851 Saintes
818 1804 1029 1858 (Jacques),
1051 1803 1193 1839 avocat
1213 1798 1265 1834 du
1284 1794 1342 1832 roi
1360 1805 1407 1829 en
1425 1792 1464 1828 la
1482 1789 1595 1827 séné¬

371 1874 556 1914 chaussée
578 1872 625 1908 de
647 1868 812 1908 Saintes,
834 1861 980 1911 député
999 1860 1048 1895 de
1067 1858 1106 1893 la
1126 1845 1548 1892 Charente-Inférieure
1569 1843 1593 1880 à

371 1934 411 1969 la
430 1926 688 1968 Convention,
710 1922 759 1959 né
779 1921 802 1957 à
822 1918 985 1956 Saintes.
1009 1934 1059 1939 —
1078 1911 1119 1948 L.
1143 1923 1176 1946 a.
1199 1920 1228 1945 s.
1252 1907 1274 1942 à
1296 1904 1449 1950 Palloy;
1472 1898 1593 1940 Paris,

375 1997 422 2035 27
443 1983 636 2022 fructidor
659 1991 709 2017 an
732 1976 807 2018 III,
834 1986 853 2010 1
876 1986 913 2021 p.
943 1970 979 2019 y
968 1993 987 2018 2
1009 1967 1118 2005 in-8°.
1474 1966 1518 2001 15
1580 1965 1600 1986 »

344 2056 369 2082 Il
385 2055 412 2082 le
427 2050 574 2080 remercie
589 2049 626 2075 de
641 2043 756 2074 l’envoi
770 2043 863 2070 d’une
876 2036 1018 2067 médaille
1034 2037 1063 2062 et
1079 2034 1173 2060 vante
1187 2025 1424 2056 verbeusement
1438 2023 1466 2050 le
1481 2019 1596 2056 patrio¬

302 2101 395 2128 tisme
412 2098 450 2125 de
468 2095 586 2128 Palloy.
605 2102 616 2116 «
633 2092 679 2118 Ne
694 2096 772 2117 nous
789 2087 940 2115 étonnons
958 2082 1035 2109 donc
1052 2077 1140 2112 point
1157 2074 1182 2102 si
1197 2080 1274 2101 nous
1291 2071 1453 2104 comptons
1471 2065 1596 2098 aujour¬

303 2143 391 2171 d’hui
408 2140 510 2177 parmi
526 2146 584 2166 nos
601 2136 672 2171 plus
689 2130 828 2161 ennemis
844 2135 920 2156 ceux
940 2134 998 2160 que
1015 2129 1093 2150 nous
1111 2127 1207 2147 avons
1226 2114 1366 2143 arrachés
1386 2113 1403 2139 à
1421 2112 1450 2137 la
1468 2107 1596 2137 férocité

301 2190 339 2216 de
355 2189 385 2215 la
399 2184 545 2217 tyrannie
560 2184 591 2210 et
606 2188 669 2208 aux
683 2179 826 2206 horreurs
841 2174 878 2200 de
892 2169 1083 2203 l’indigence.
1101 2165 1126 2191 Il
1140 2169 1217 2191 nous
1232 2159 1333 2188 fallait
1349 2165 1382 2185 ce
1396 2157 1504 2183 retour
1519 2152 1595 2179 d’in¬

302 2231 462 2268 gratitude
477 2236 556 2264 pour
571 2227 689 2254 donner
703 2222 772 2257 plus
788 2219 825 2246 de
840 2218 935 2244 lustre
950 2214 968 2241 à
981 2220 1038 2240 nos
1053 2209 1204 2245 généreux
1220 2204 1337 2235 efforts,
1353 2203 1438 2229 etc...
1454 2207 1465 2223 »

152 2300 278 2339 88210
304 2293 552 2336 GARNIER
581 2288 740 2341 (Louis),
767 2283 930 2324 notaire,
959 2276 1102 2326 député
1127 2270 1336 2320 suppléant
1362 2267 1415 2303 du
1442 2262 1603 2299 Pas-de-

380 2351 507 2391 Calais
534 2349 558 2385 à
582 2348 621 2384 la
647 2339 910 2382 Convention;
937 2335 965 2371 il
989 2332 1116 2380 siégea
1143 2340 1190 2365 en
1222 2321 1524 2371 remplacement
1553 2316 1601 2351 de

381 2409 435 2444 Le
453 2406 544 2448 Bas,
563 2403 612 2440 né
630 2401 653 2437 à
670 2399 812 2436 Ardres
834 2384 1160 2443 (Pas-de-Calais).
1182 2403 1232 2408 —
1246 2380 1288 2416 L.
1308 2391 1337 2415 s.
1358 2388 1409 2413 au
1425 2372 1603 2410 ministre

383 2465 431 2500 de
444 2458 667 2499 l’Intérieur
676 2467 683 2498 ;
699 2453 855 2493 Ardres,
871 2458 918 2495 29
932 2456 1034 2482 mars
1051 2441 1158 2486 1815,
1174 2449 1195 2484 3
1209 2449 1246 2485 p.
1263 2431 1425 2471 in-folio.
1483 2438 1529 2464 10
1590 2438 1605 2457 »

351 2532 377 2558 Il
396 2527 533 2564 rappelle
550 2533 598 2553 ses
614 2522 748 2552 services
765 2516 905 2553 pendant
923 2514 952 2540 la
973 2507 1160 2538 Révolution
1178 2506 1210 2531 et
1228 2499 1381 2530 demande
1399 2498 1418 2525 à
1435 2497 1498 2524 être
1515 2491 1608 2520 remis

309 2584 347 2604 en
372 2573 513 2602 activité.

159 2644 282 2682 88211
311 2638 485 2679 GAROS
520 2628 830 2686 (Louis-Julien),
863 2621 1060 2663 conseiller
1090 2618 1143 2655 du
1173 2613 1229 2651 roi
1260 2623 1306 2647 en
1337 2604 1529 2645 l’élection
1561 2603 1609 2638 de

387 2697 607 2739 Fontenay,
634 2685 780 2735 député
805 2684 852 2719 de
877 2681 915 2717 la
939 2674 1096 2714 Vendée
1121 2672 1144 2708 à
1167 2671 1205 2706 la
1230 2662 1486 2704 Convention,
1512 2657 1562 2696 né
1587 2656 1610 2692 à

390 2749 548 2797 Sérigné
571 2742 766 2794 (Vendée).
790 2759 840 2765 —
855 2734 898 2773 L.
919 2746 963 2777 s.,
984 2730 1112 2779 signée
1132 2724 1235 2763 aussi
1252 2733 1324 2771 par
1342 2730 1400 2757 ses
1419 2714 1610 2761 collègues

392 2807 521 2848 Réal,
558 2802 747 2841 Cambon,
784 2793 1007 2831 Humbert,
1043 2782 1234 2822 membres
1271 2778 1323 2814 du
1359 2770 1509 2811 Comité
1544 2768 1611 2804 des
