<?xml version="1.0" encoding="UTF-8" standalone="yes"?>
<PcGts xmlns="http://schema.primaresearch.org/PAGE/gts/pagecontent/2013-07-15" xmlns:xsi="http://www.w3.org/2001/XMLSchema-instance" xsi:schemaLocation="http://schema.primaresearch.org/PAGE/gts/pagecontent/2013-07-15 http://schema.primaresearch.org/PAGE/gts/pagecontent/2013-07-15/pagecontent.xsd">
    <Metadata>
        <Creator></Creator>
        <Created>2019-02-18T15:38:37.801+01:00</Created>
        <LastChange>2019-05-19T23:43:41.799+02:00</LastChange>
        <Comments>
                Measurement unit: pixel
                PrimaryLanguage: English
                Language: FrenchStandard
                Producer: ABBYY FineReader Engine 11</Comments>
        <TranskribusMetadata docId="164169" pageId="6046458" pageNr="11" tsid="10279006" status="DONE" userId="10612" imgUrl="https://files.transkribus.eu/Get?id=QINKCEJOXUNJIJJEEURXHNRY&amp;fileType=view" xmlUrl="https://files.transkribus.eu/Get?id=RGSFUMOOGYPGDKCJXZOTWCGL" imageId="2780404"/>
    </Metadata>
    <Page imageFilename="1919_04_LAD_N507_11.jpg" imageWidth="1891" imageHeight="2952">
        <PrintSpace>
            <Coords points="237,210 1772,210 1772,2605 237,2605"/>
        </PrintSpace>
        <ReadingOrder>
            <OrderedGroup id="ro_1604141024425" caption="Regions reading order">
                <RegionRefIndexed index="0" regionRef="region_1553507054848_61"/>
                <RegionRefIndexed index="1" regionRef="r_1_1"/>
                <RegionRefIndexed index="2" regionRef="r_1_2"/>
                <RegionRefIndexed index="3" regionRef="r_1_3"/>
                <RegionRefIndexed index="4" regionRef="r_1_4"/>
                <RegionRefIndexed index="5" regionRef="r_1_5"/>
                <RegionRefIndexed index="6" regionRef="r_1_6"/>
                <RegionRefIndexed index="7" regionRef="r_1_7"/>
                <RegionRefIndexed index="8" regionRef="r_1_8"/>
                <RegionRefIndexed index="9" regionRef="r_1_9"/>
                <RegionRefIndexed index="10" regionRef="r_1_10"/>
                <RegionRefIndexed index="11" regionRef="r_1_11"/>
                <RegionRefIndexed index="12" regionRef="r_1_12"/>
                <RegionRefIndexed index="13" regionRef="r_1_13"/>
                <RegionRefIndexed index="14" regionRef="r_1_14"/>
                <RegionRefIndexed index="15" regionRef="r_1_15"/>
                <RegionRefIndexed index="16" regionRef="r_1_16"/>
                <RegionRefIndexed index="17" regionRef="r_1_17"/>
            </OrderedGroup>
        </ReadingOrder>
        <TextRegion id="region_1553507054848_61" custom="readingOrder {index:0;}">
            <Coords points="862,121 862,174 1071,174 1071,121"/>
            <TextLine id="line_1553507055113_64" custom="readingOrder {index:0;}">
                <Coords points="860,121 1071,121 1071,174 860,174"/>
                <Baseline points="866,166 1065,165"/>
                <TextEquiv>
                    <Unicode>— 11 —</Unicode>
                </TextEquiv>
            </TextLine>
            <TextEquiv>
                <Unicode>— 11 —</Unicode>
            </TextEquiv>
        </TextRegion>
        <TextRegion type="paragraph" id="r_1_1" custom="readingOrder {index:1;}">
            <Coords points="244,218 1704,218 1704,311 244,311"/>
            <TextLine id="tl_1" primaryLanguage="English" custom="readingOrder {index:0;} textStyle {offset:0; length:5;fontSize:0.0; kerning:0; bold:true;}">
                <Coords points="245,219 1703,219 1703,310 245,310"/>
                <Baseline points="246,296 270,296 596,287 785,290 1016,287 1105,278 1284,277 1337,275 1487,273 1554,271 1703,258"/>
                <Word id="w_w2aab1b1b2b1b1ab1" language="English" custom="readingOrder {index:0;}">
                    <Coords points="246,255 371,255 371,296 246,296"/>
                    <TextEquiv>
                        <Unicode>88110</Unicode>
                    </TextEquiv>
                    <TextStyle fontFamily="Times New Roman" fontSize="9.5" bold="true"/>
                </Word>
                <Word id="w_w2aab1b1b2b1b1b1b3" language="English" custom="readingOrder {index:1;}">
                    <Coords points="396,250 596,250 596,291 396,291"/>
                    <TextEquiv>
                        <Unicode>GENTIL</Unicode>
                    </TextEquiv>
                    <TextStyle fontFamily="Times New Roman" fontSize="9.5"/>
                </Word>
                <Word id="w_w2aab1b1b2b1b1b1c17" language="English" custom="readingOrder {index:2;}">
                    <Coords points="618,242 785,242 785,296 618,296"/>
                    <TextEquiv>
                        <Unicode>(Émile),</Unicode>
                    </TextEquiv>
                    <TextStyle fontFamily="Times New Roman" fontSize="9.5"/>
                </Word>
                <Word id="w_w2aab1b1b2b1b1b1c35" language="English" custom="readingOrder {index:3;}">
                    <Coords points="805,257 1016,257 1016,294 805,294"/>
                    <TextEquiv>
                        <Unicode>voyageur,</Unicode>
                    </TextEquiv>
                    <TextStyle fontFamily="Times New Roman" fontSize="9.5"/>
                </Word>
                <Word id="w_w2aab1b1b2b1b1b1c55" language="English" custom="readingOrder {index:4;}">
                    <Coords points="1037,243 1105,243 1105,292 1037,292"/>
                    <TextEquiv>
                        <Unicode>qui</Unicode>
                    </TextEquiv>
                    <TextStyle fontFamily="Times New Roman" fontSize="9.5"/>
                </Word>
                <Word id="w_w2aab1b1b2b1b1b1c63" language="English" custom="readingOrder {index:5;}">
                    <Coords points="1124,242 1284,242 1284,290 1124,290"/>
                    <TextEquiv>
                        <Unicode>explora</Unicode>
                    </TextEquiv>
                    <TextStyle fontFamily="Times New Roman" fontSize="9.5"/>
                </Word>
                <Word id="w_w2aab1b1b2b1b1b1c79" language="English" custom="readingOrder {index:6;}">
                    <Coords points="1301,240 1337,240 1337,275 1301,275"/>
                    <TextEquiv>
                        <Unicode>le</Unicode>
                    </TextEquiv>
                    <TextStyle fontFamily="Times New Roman" fontSize="9.5"/>
                </Word>
                <Word id="w_w2aab1b1b2b1b1b1c85" language="English" custom="readingOrder {index:7;}">
                    <Coords points="1356,242 1487,242 1487,274 1356,274"/>
                    <TextEquiv>
                        <Unicode>centre</Unicode>
                    </TextEquiv>
                    <TextStyle fontFamily="Times New Roman" fontSize="9.5"/>
                </Word>
                <Word id="w_w2aab1b1b2b1b1b1c99" language="English" custom="readingOrder {index:8;}">
                    <Coords points="1506,237 1554,237 1554,273 1506,273"/>
                    <TextEquiv>
                        <Unicode>de</Unicode>
                    </TextEquiv>
                    <TextStyle fontFamily="Times New Roman" fontSize="9.5"/>
                </Word>
                <Word id="w_w2aab1b1b2b1b1b1d105" language="English" custom="readingOrder {index:9;}">
                    <Coords points="1571,233 1703,233 1703,272 1571,272"/>
                    <TextEquiv>
                        <Unicode>l’Afri¬</Unicode>
                    </TextEquiv>
                    <TextStyle fontFamily="Times New Roman" fontSize="9.5"/>
                </Word>
                <TextEquiv>
                    <Unicode>88110 GENTIL (Émile), voyageur, qui explora le centre de l’Afri¬</Unicode>
                </TextEquiv>
            </TextLine>
            <TextEquiv>
                <Unicode>88110 GENTIL (Émile), voyageur, qui explora le centre de l’Afri¬</Unicode>
            </TextEquiv>
        </TextRegion>
        <TextRegion type="paragraph" id="r_1_2" custom="readingOrder {index:2;}">
            <Coords points="474,279 1708,279 1708,415 474,415"/>
            <TextLine id="tl_2" primaryLanguage="English" custom="readingOrder {index:0;}">
                <Coords points="475,280 1702,280 1702,359 475,359"/>
                <Baseline points="475,355 564,348 638,340 686,339 962,337 1187,333 1267,322 1331,331 1393,330 1449,330 1471,335 1702,331"/>
                <Word id="w_w2aab1b1b2b3b1ab1" language="English" custom="readingOrder {index:0;}">
                    <Coords points="475,318 564,318 564,355 475,355"/>
                    <TextEquiv>
                        <Unicode>que,</Unicode>
                    </TextEquiv>
                    <TextStyle fontFamily="Times New Roman" fontSize="9.5"/>
                </Word>
                <Word id="w_w2aab1b1b2b3b1ac11" language="English" custom="readingOrder {index:1;}">
                    <Coords points="589,305 638,305 638,341 589,341"/>
                    <TextEquiv>
                        <Unicode>né</Unicode>
                    </TextEquiv>
                    <TextStyle fontFamily="Times New Roman" fontSize="9.5"/>
                </Word>
                <Word id="w_w2aab1b1b2b3b1ac17" language="English" custom="readingOrder {index:2;}">
                    <Coords points="663,304 686,304 686,339 663,339"/>
                    <TextEquiv>
                        <Unicode>à</Unicode>
                    </TextEquiv>
                    <TextStyle fontFamily="Times New Roman" fontSize="9.5"/>
                </Word>
                <Word id="w_w2aab1b1b2b3b1ac21" language="English" custom="readingOrder {index:3;}">
                    <Coords points="710,301 962,301 962,339 710,339"/>
                    <TextEquiv>
                        <Unicode>Volmunster</Unicode>
                    </TextEquiv>
                    <TextStyle fontFamily="Times New Roman" fontSize="9.5"/>
                </Word>
                <Word id="w_w2aab1b1b2b3b1ac43" language="English" custom="readingOrder {index:4;}">
                    <Coords points="991,297 1187,297 1187,347 991,347"/>
                    <TextEquiv>
                        <Unicode>(Moselle).</Unicode>
                    </TextEquiv>
                    <TextStyle fontFamily="Times New Roman" fontSize="9.5"/>
                </Word>
                <Word id="w_w2aab1b1b2b3b1ac65" language="English" custom="readingOrder {index:5;}">
                    <Coords points="1217,315 1267,315 1267,322 1217,322"/>
                    <TextEquiv>
                        <Unicode>—</Unicode>
                    </TextEquiv>
                    <TextStyle fontFamily="Times New Roman" fontSize="9.5"/>
                </Word>
                <Word id="w_w2aab1b1b2b3b1ac69" language="English" custom="readingOrder {index:6;}">
                    <Coords points="1289,294 1331,294 1331,333 1289,333"/>
                    <TextEquiv>
                        <Unicode>L.</Unicode>
                    </TextEquiv>
                    <TextStyle fontFamily="Times New Roman" fontSize="9.5"/>
                </Word>
                <Word id="w_w2aab1b1b2b3b1ac75" language="English" custom="readingOrder {index:7;}">
                    <Coords points="1360,306 1393,306 1393,330 1360,330"/>
                    <TextEquiv>
                        <Unicode>a.</Unicode>
                    </TextEquiv>
                    <TextStyle fontFamily="Times New Roman" fontSize="9.5"/>
                </Word>
                <Word id="w_w2aab1b1b2b3b1ac81" language="English" custom="readingOrder {index:8;}">
                    <Coords points="1421,305 1449,305 1449,330 1421,330"/>
                    <TextEquiv>
                        <Unicode>s.</Unicode>
                    </TextEquiv>
                    <TextStyle fontFamily="Times New Roman" fontSize="9.5"/>
                </Word>
                <Word id="w_w2aab1b1b2b3b1ac87" language="English" custom="readingOrder {index:9;}">
                    <Coords points="1463,303 1471,303 1471,335 1463,335"/>
                    <TextEquiv>
                        <Unicode>;</Unicode>
                    </TextEquiv>
                    <TextStyle fontFamily="Times New Roman" fontSize="9.5"/>
                </Word>
                <Word id="w_w2aab1b1b2b3b1ac91" language="English" custom="readingOrder {index:10;}">
                    <Coords points="1498,289 1702,289 1702,331 1498,331"/>
                    <TextEquiv>
                        <Unicode>Marseille,</Unicode>
                    </TextEquiv>
                    <TextStyle fontFamily="Times New Roman" fontSize="9.5"/>
                </Word>
                <TextEquiv>
                    <Unicode>que, né à Volmunster (Moselle). — L. a. s. ; Marseille,</Unicode>
                </TextEquiv>
                <TextStyle fontFamily="Times New Roman" fontSize="9.5"/>
            </TextLine>
            <TextLine id="tl_3" primaryLanguage="English" custom="readingOrder {index:1;}">
                <Coords points="476,335 1707,335 1707,414 476,414"/>
                <Baseline points="476,398 526,408 685,395 814,400 856,392 914,394 986,404 1115,390 1631,381 1707,376"/>
                <Word id="w_w2aab1b1b2b3b3ab1" language="English" custom="readingOrder {index:0;}">
                    <Coords points="476,372 526,372 526,408 476,408"/>
                    <TextEquiv>
                        <Unicode>24</Unicode>
                    </TextEquiv>
                    <TextStyle fontFamily="Times New Roman" fontSize="9.5"/>
                </Word>
                <Word id="w_w2aab1b1b2b3b3ab7" language="English" custom="readingOrder {index:1;}">
                    <Coords points="544,359 685,359 685,397 544,397"/>
                    <TextEquiv>
                        <Unicode>février</Unicode>
                    </TextEquiv>
                    <TextStyle fontFamily="Times New Roman" fontSize="9.5"/>
                </Word>
                <Word id="w_w2aab1b1b2b3b3ac23" language="English" custom="readingOrder {index:2;}">
                    <Coords points="706,357 814,357 814,405 706,405"/>
                    <TextEquiv>
                        <Unicode>1899,</Unicode>
                    </TextEquiv>
                    <TextStyle fontFamily="Times New Roman" fontSize="9.5"/>
                </Word>
                <Word id="w_w2aab1b1b2b3b3ac35" language="English" custom="readingOrder {index:3;}">
                    <Coords points="837,368 856,368 856,392 837,392"/>
                    <TextEquiv>
                        <Unicode>1</Unicode>
                    </TextEquiv>
                    <TextStyle fontFamily="Times New Roman" fontSize="9.5"/>
                </Word>
                <Word id="w_w2aab1b1b2b3b3ac39" language="English" custom="readingOrder {index:4;}">
                    <Coords points="877,368 914,368 914,404 877,404"/>
                    <TextEquiv>
                        <Unicode>p.</Unicode>
                    </TextEquiv>
                    <TextStyle fontFamily="Times New Roman" fontSize="9.5"/>
                </Word>
                <Word id="w_w2aab1b1b2b3b3ac45" language="English" custom="readingOrder {index:5;}">
                    <Coords points="941,355 986,355 986,404 941,404"/>
                    <TextEquiv>
                        <Unicode>%</Unicode>
                    </TextEquiv>
                    <TextStyle fontFamily="Times New Roman" fontSize="9.5"/>
                </Word>
                <Word id="w_w2aab1b1b2b3b3ac49" language="English" custom="readingOrder {index:6;}">
                    <Coords points="1005,354 1115,354 1115,390 1005,390"/>
                    <TextEquiv>
                        <Unicode>in-8°.</Unicode>
                    </TextEquiv>
                    <TextStyle fontFamily="Times New Roman" fontSize="9.5"/>
                </Word>
                <Word id="w_w2aab1b1b2b3b3ac63" language="English" custom="readingOrder {index:7;}">
                    <Coords points="1607,344 1631,344 1631,381 1607,381"/>
                    <TextEquiv>
                        <Unicode>8</Unicode>
                    </TextEquiv>
                    <TextStyle fontFamily="Times New Roman" fontSize="9.5"/>
                </Word>
                <Word id="w_w2aab1b1b2b3b3ac67" language="English" custom="readingOrder {index:8;}">
                    <Coords points="1691,356 1707,356 1707,376 1691,376"/>
                    <TextEquiv>
                        <Unicode>»</Unicode>
                    </TextEquiv>
                    <TextStyle fontFamily="Times New Roman" fontSize="9.5"/>
                </Word>
                <TextEquiv>
                    <Unicode>24 février 1899, 1 p. 1/2 in-8°. 8 »</Unicode>
                </TextEquiv>
                <TextStyle fontFamily="Times New Roman" fontSize="9.5"/>
            </TextLine>
            <TextEquiv>
                <Unicode>que, né à Volmunster (Moselle). — L. a. s. ; Marseille,
24 février 1899, 1 p. 1/2 in-8°. 8 »</Unicode>
            </TextEquiv>
        </TextRegion>
        <TextRegion type="paragraph" id="r_1_3" custom="readingOrder {index:3;}">
            <Coords points="402,400 1710,400 1710,504 402,504"/>
            <TextLine id="tl_4" primaryLanguage="English" custom="readingOrder {index:0;}">
                <Coords points="443,401 1709,401 1709,466 443,466"/>
                <Baseline points="443,456 469,456 625,452 668,452 783,450 838,451 892,449 1040,447 1131,446 1202,445 1414,442 1449,440 1625,438 1673,437 1709,435"/>
                <Word id="w_w2aab1b1b2b5b1ab1" language="English" custom="readingOrder {index:0;}">
                    <Coords points="443,428 469,428 469,456 443,456"/>
                    <TextEquiv>
                        <Unicode>Il</Unicode>
                    </TextEquiv>
                    <TextStyle fontFamily="Times New Roman" fontSize="7.5"/>
                </Word>
                <Word id="w_w2aab1b1b2b5b1ab7" language="English" custom="readingOrder {index:1;}">
                    <Coords points="486,426 625,426 625,461 486,461"/>
                    <TextEquiv>
                        <Unicode>exprime</Unicode>
                    </TextEquiv>
                    <TextStyle fontFamily="Times New Roman" fontSize="7.5"/>
                </Word>
                <Word id="w_w2aab1b1b2b5b1ac23" language="English" custom="readingOrder {index:2;}">
                    <Coords points="640,425 668,425 668,452 640,452"/>
                    <TextEquiv>
                        <Unicode>le</Unicode>
                    </TextEquiv>
                    <TextStyle fontFamily="Times New Roman" fontSize="7.5"/>
                </Word>
                <Word id="w_w2aab1b1b2b5b1ac29" language="English" custom="readingOrder {index:3;}">
                    <Coords points="683,425 783,425 783,459 683,459"/>
                    <TextEquiv>
                        <Unicode>regret</Unicode>
                    </TextEquiv>
                    <TextStyle fontFamily="Times New Roman" fontSize="7.5"/>
                </Word>
                <Word id="w_w2aab1b1b2b5b1ac43" language="English" custom="readingOrder {index:4;}">
                    <Coords points="800,423 838,423 838,451 800,451"/>
                    <TextEquiv>
                        <Unicode>de</Unicode>
                    </TextEquiv>
                    <TextStyle fontFamily="Times New Roman" fontSize="7.5"/>
                </Word>
                <Word id="w_w2aab1b1b2b5b1ac49" language="English" custom="readingOrder {index:5;}">
                    <Coords points="853,430 892,430 892,450 853,450"/>
                    <TextEquiv>
                        <Unicode>ne</Unicode>
                    </TextEquiv>
                    <TextStyle fontFamily="Times New Roman" fontSize="7.5"/>
                </Word>
                <Word id="w_w2aab1b1b2b5b1ac55" language="English" custom="readingOrder {index:6;}">
                    <Coords points="907,420 1040,420 1040,456 907,456"/>
                    <TextEquiv>
                        <Unicode>pouvoir</Unicode>
                    </TextEquiv>
                    <TextStyle fontFamily="Times New Roman" fontSize="7.5"/>
                </Word>
                <Word id="w_w2aab1b1b2b5b1ac71" language="English" custom="readingOrder {index:7;}">
                    <Coords points="1055,419 1131,419 1131,446 1055,446"/>
                    <TextEquiv>
                        <Unicode>faire</Unicode>
                    </TextEquiv>
                    <TextStyle fontFamily="Times New Roman" fontSize="7.5"/>
                </Word>
                <Word id="w_w2aab1b1b2b5b1ac83" language="English" custom="readingOrder {index:8;}">
                    <Coords points="1147,418 1202,418 1202,446 1147,446"/>
                    <TextEquiv>
                        <Unicode>des</Unicode>
                    </TextEquiv>
                    <TextStyle fontFamily="Times New Roman" fontSize="7.5"/>
                </Word>
                <Word id="w_w2aab1b1b2b5b1ac91" language="English" custom="readingOrder {index:9;}">
                    <Coords points="1218,415 1414,415 1414,445 1218,445"/>
                    <TextEquiv>
                        <Unicode>conférences</Unicode>
                    </TextEquiv>
                    <TextStyle fontFamily="Times New Roman" fontSize="7.5"/>
                </Word>
                <Word id="w_w2aab1b1b2b5b1ad115" language="English" custom="readingOrder {index:10;}">
                    <Coords points="1430,412 1449,412 1449,440 1430,440"/>
                    <TextEquiv>
                        <Unicode>à</Unicode>
                    </TextEquiv>
                    <TextStyle fontFamily="Times New Roman" fontSize="7.5"/>
                </Word>
                <Word id="w_w2aab1b1b2b5b1ad119" language="English" custom="readingOrder {index:11;}">
                    <Coords points="1465,411 1625,411 1625,440 1465,440"/>
                    <TextEquiv>
                        <Unicode>Bruxelles</Unicode>
                    </TextEquiv>
                    <TextStyle fontFamily="Times New Roman" fontSize="7.5"/>
                </Word>
                <Word id="w_w2aab1b1b2b5b1ad139" language="English" custom="readingOrder {index:12;}">
                    <Coords points="1641,411 1673,411 1673,437 1641,437"/>
                    <TextEquiv>
                        <Unicode>et</Unicode>
                    </TextEquiv>
                    <TextStyle fontFamily="Times New Roman" fontSize="7.5"/>
                </Word>
                <Word id="w_w2aab1b1b2b5b1ad145" language="English" custom="readingOrder {index:13;}">
                    <Coords points="1689,408 1709,408 1709,435 1689,435"/>
                    <TextEquiv>
                        <Unicode>à</Unicode>
                    </TextEquiv>
                    <TextStyle fontFamily="Times New Roman" fontSize="7.5"/>
                </Word>
                <TextEquiv>
                    <Unicode>Il exprime le regret de ne pouvoir faire des conférences à Bruxelles et à</Unicode>
                </TextEquiv>
                <TextStyle fontFamily="Times New Roman" fontSize="7.5"/>
            </TextLine>
            <TextLine id="tl_5" primaryLanguage="English" custom="readingOrder {index:1;}">
                <Coords points="403,472 534,472 534,503 403,503"/>
                <Baseline points="403,502 534,498"/>
                <Word id="w_w2aab1b1b2b5b3ab1" language="English" custom="readingOrder {index:0;}">
                    <Coords points="403,474 534,474 534,502 403,502"/>
                    <TextEquiv>
                        <Unicode>Anvers.</Unicode>
                    </TextEquiv>
                    <TextStyle fontFamily="Times New Roman" fontSize="7.5"/>
                </Word>
                <TextEquiv>
                    <Unicode>Anvers.</Unicode>
                </TextEquiv>
                <TextStyle fontFamily="Times New Roman" fontSize="7.5"/>
            </TextLine>
            <TextEquiv>
                <Unicode>Il exprime le regret de ne pouvoir faire des conférences à Bruxelles et à
Anvers.</Unicode>
            </TextEquiv>
        </TextRegion>
        <TextRegion type="paragraph" id="r_1_4" custom="readingOrder {index:4;}">
            <Coords points="253,509 1709,509 1709,599 253,599"/>
            <TextLine id="tl_6" primaryLanguage="English" custom="readingOrder {index:0;} textStyle {offset:0; length:5;fontSize:0.0; kerning:0; bold:true;}">
                <Coords points="254,510 1708,510 1708,598 254,598"/>
                <Baseline points="254,583 280,583 668,572 1224,571 1334,561 1445,567 1708,562"/>
                <Word id="w_w2aab1b1b2b7b1ab1" language="English" custom="readingOrder {index:0;}">
                    <Coords points="254,541 379,541 379,583 254,583"/>
                    <TextEquiv>
                        <Unicode>88111</Unicode>
                    </TextEquiv>
                    <TextStyle fontFamily="Times New Roman" fontSize="9.5" bold="true"/>
                </Word>
                <Word id="w_w2aab1b1b2b7b1b1b3" language="English" custom="readingOrder {index:1;}">
                    <Coords points="406,534 668,534 668,578 406,578"/>
                    <TextEquiv>
                        <Unicode>GRAMONT</Unicode>
                    </TextEquiv>
                    <TextStyle fontFamily="Times New Roman" fontSize="9.5"/>
                </Word>
                <Word id="w_w2aab1b1b2b7b1b1c19" language="English" custom="readingOrder {index:2;}">
                    <Coords points="703,528 1224,528 1224,581 703,581"/>
                    <TextEquiv>
                        <Unicode>(Antoine-Alfred-Agénor,</Unicode>
                    </TextEquiv>
                    <TextStyle fontFamily="Times New Roman" fontSize="9.5"/>
                </Word>
                <Word id="w_w2aab1b1b2b7b1b1c67" language="English" custom="readingOrder {index:3;}">
                    <Coords points="1259,527 1334,527 1334,563 1259,563"/>
                    <TextEquiv>
                        <Unicode>duc</Unicode>
                    </TextEquiv>
                    <TextStyle fontFamily="Times New Roman" fontSize="9.5"/>
                </Word>
                <Word id="w_w2aab1b1b2b7b1b1c75" language="English" custom="readingOrder {index:4;}">
                    <Coords points="1368,524 1445,524 1445,571 1368,571"/>
                    <TextEquiv>
                        <Unicode>de),</Unicode>
                    </TextEquiv>
                    <TextStyle fontFamily="Times New Roman" fontSize="9.5"/>
                </Word>
                <Word id="w_w2aab1b1b2b7b1b1c85" language="English" custom="readingOrder {index:5;}">
                    <Coords points="1479,522 1708,522 1708,570 1479,570"/>
                    <TextEquiv>
                        <Unicode>diplomate,</Unicode>
                    </TextEquiv>
                    <TextStyle fontFamily="Times New Roman" fontSize="9.5"/>
                </Word>
                <TextEquiv>
                    <Unicode>88111 GRAMONT (Antoine-Alfred-Agénor, duc de), diplomate,</Unicode>
                </TextEquiv>
            </TextLine>
            <TextEquiv>
                <Unicode>88111 GRAMONT (Antoine-Alfred-Agénor, duc de), diplomate,</Unicode>
            </TextEquiv>
        </TextRegion>
        <TextRegion type="paragraph" id="r_1_5" custom="readingOrder {index:5;}">
            <Coords points="482,566 1716,566 1716,759 482,759"/>
            <TextLine id="tl_7" primaryLanguage="English" custom="readingOrder {index:0;}">
                <Coords points="483,567 1713,567 1713,646 483,646"/>
                <Baseline points="483,629 661,627 748,626 932,623 1172,620 1243,618 1439,615 1508,614 1566,613 1713,599"/>
                <Word id="w_w2aab1b1b2b9b1ab1" language="English" custom="readingOrder {index:0;}">
                    <Coords points="483,592 661,592 661,629 483,629"/>
                    <TextEquiv>
                        <Unicode>ministre</Unicode>
                    </TextEquiv>
                    <TextStyle fontFamily="Times New Roman" fontSize="9.5"/>
                </Word>
                <Word id="w_w2aab1b1b2b9b1ac19" language="English" custom="readingOrder {index:1;}">
                    <Coords points="681,590 748,590 748,626 681,626"/>
                    <TextEquiv>
                        <Unicode>des</Unicode>
                    </TextEquiv>
                    <TextStyle fontFamily="Times New Roman" fontSize="9.5"/>
                </Word>
                <Word id="w_w2aab1b1b2b9b1ac27" language="English" custom="readingOrder {index:2;}">
                    <Coords points="767,587 932,587 932,625 767,625"/>
                    <TextEquiv>
                        <Unicode>Affaires</Unicode>
                    </TextEquiv>
                    <TextStyle fontFamily="Times New Roman" fontSize="9.5"/>
                </Word>
                <Word id="w_w2aab1b1b2b9b1ac45" language="English" custom="readingOrder {index:3;}">
                    <Coords points="953,585 1172,585 1172,633 953,633"/>
                    <TextEquiv>
                        <Unicode>étrangères</Unicode>
                    </TextEquiv>
                    <TextStyle fontFamily="Times New Roman" fontSize="9.5"/>
                </Word>
                <Word id="w_w2aab1b1b2b9b1ac67" language="English" custom="readingOrder {index:4;}">
                    <Coords points="1193,595 1243,595 1243,619 1193,619"/>
                    <TextEquiv>
                        <Unicode>au</Unicode>
                    </TextEquiv>
                    <TextStyle fontFamily="Times New Roman" fontSize="9.5"/>
                </Word>
                <Word id="w_w2aab1b1b2b9b1ac73" language="English" custom="readingOrder {index:5;}">
                    <Coords points="1263,583 1439,583 1439,618 1263,618"/>
                    <TextEquiv>
                        <Unicode>moment</Unicode>
                    </TextEquiv>
                    <TextStyle fontFamily="Times New Roman" fontSize="9.5"/>
                </Word>
                <Word id="w_w2aab1b1b2b9b1ac87" language="English" custom="readingOrder {index:6;}">
                    <Coords points="1460,579 1508,579 1508,614 1460,614"/>
                    <TextEquiv>
                        <Unicode>de</Unicode>
                    </TextEquiv>
                    <TextStyle fontFamily="Times New Roman" fontSize="9.5"/>
                </Word>
                <Word id="w_w2aab1b1b2b9b1ac93" language="English" custom="readingOrder {index:7;}">
                    <Coords points="1527,577 1566,577 1566,613 1527,613"/>
                    <TextEquiv>
                        <Unicode>la</Unicode>
                    </TextEquiv>
                    <TextStyle fontFamily="Times New Roman" fontSize="9.5"/>
                </Word>
                <Word id="w_w2aab1b1b2b9b1ac99" language="English" custom="readingOrder {index:8;}">
                    <Coords points="1584,575 1713,575 1713,612 1584,612"/>
                    <TextEquiv>
                        <Unicode>décla¬</Unicode>
                    </TextEquiv>
                    <TextStyle fontFamily="Times New Roman" fontSize="9.5"/>
                </Word>
                <TextEquiv>
                    <Unicode>ministre des Affaires étrangères au moment de la décla¬</Unicode>
                </TextEquiv>
                <TextStyle fontFamily="Times New Roman" fontSize="9.5"/>
            </TextLine>
            <TextLine id="tl_8" primaryLanguage="English" custom="readingOrder {index:1;} textStyle {offset:50; length:4;italic:true; fontSize:0.0; kerning:0;}">
                <Coords points="484,622 1715,622 1715,700 484,700"/>
                <Baseline points="485,685 615,683 684,681 840,679 908,678 1037,678 1172,675 1224,675 1299,672 1360,671 1586,667 1715,654"/>
                <Word id="w_w2aab1b1b2b9b3ab1" language="English" custom="readingOrder {index:0;}">
                    <Coords points="485,647 615,647 615,685 485,685"/>
                    <TextEquiv>
                        <Unicode>ration</Unicode>
                    </TextEquiv>
                    <TextStyle fontFamily="Times New Roman" fontSize="9.5"/>
                </Word>
                <Word id="w_w2aab1b1b2b9b3ac15" language="English" custom="readingOrder {index:1;}">
                    <Coords points="636,647 684,647 684,682 636,682"/>
                    <TextEquiv>
                        <Unicode>de</Unicode>
                    </TextEquiv>
                    <TextStyle fontFamily="Times New Roman" fontSize="9.5"/>
                </Word>
                <Word id="w_w2aab1b1b2b9b3ac21" language="English" custom="readingOrder {index:2;}">
                    <Coords points="705,655 840,655 840,692 705,692"/>
                    <TextEquiv>
                        <Unicode>guerre</Unicode>
                    </TextEquiv>
                    <TextStyle fontFamily="Times New Roman" fontSize="9.5"/>
                </Word>
                <Word id="w_w2aab1b1b2b9b3ac35" language="English" custom="readingOrder {index:3;}">
                    <Coords points="860,644 908,644 908,680 860,680"/>
                    <TextEquiv>
                        <Unicode>de</Unicode>
                    </TextEquiv>
                    <TextStyle fontFamily="Times New Roman" fontSize="9.5"/>
                </Word>
                <Word id="w_w2aab1b1b2b9b3ac41" language="English" custom="readingOrder {index:4;}">
                    <Coords points="931,641 1037,641 1037,689 931,689"/>
                    <TextEquiv>
                        <Unicode>1870.</Unicode>
                    </TextEquiv>
                    <TextStyle fontFamily="Times New Roman" fontSize="9.5"/>
                </Word>
                <Word id="w_w2aab1b1b2b9b3ac53" language="English" custom="readingOrder {index:5;}">
                    <Coords points="1062,638 1172,638 1172,675 1062,675"/>
                    <TextEquiv>
                        <Unicode>—L.</Unicode>
                    </TextEquiv>
                    <TextStyle fontFamily="Times New Roman" fontSize="9.5"/>
                </Word>
                <Word id="w_w2aab1b1b2b9b3ac61" language="English" custom="readingOrder {index:6;}">
                    <Coords points="1195,650 1224,650 1224,675 1195,675"/>
                    <TextEquiv>
                        <Unicode>s.</Unicode>
                    </TextEquiv>
                    <TextStyle fontFamily="Times New Roman" fontSize="9.5"/>
                </Word>
                <Word id="w_w2aab1b1b2b9b3ac67" language="English" custom="readingOrder {index:7;}">
                    <Coords points="1249,649 1299,649 1299,673 1249,673"/>
                    <TextEquiv>
                        <Unicode>au</Unicode>
                    </TextEquiv>
                    <TextStyle fontFamily="Times New Roman" fontSize="9.5"/>
                </Word>
                <Word id="w_w2aab1b1b2b9b3ac73" language="English" custom="readingOrder {index:8;}">
                    <Coords points="1320,633 1514,633 1514,672 1320,672"/>
                    <TextEquiv>
                        <Unicode>directeur</Unicode>
                    </TextEquiv>
                    <TextStyle fontFamily="Times New Roman" fontSize="9.5"/>
                </Word>
                <Word id="w_w2aab1b1b2b9b3b1b1" language="English" custom="readingOrder {index:9;}">
                    <Coords points="1534,632 1586,632 1586,668 1534,668"/>
                    <TextEquiv>
                        <Unicode>du</Unicode>
                    </TextEquiv>
                    <TextStyle fontFamily="Times New Roman" fontSize="9.5" italic="true"/>
                </Word>
                <Word id="w_w2aab1b1b2b9b3b1b7" language="English" custom="readingOrder {index:10;}">
                    <Coords points="1605,629 1715,629 1715,666 1605,666"/>
                    <TextEquiv>
                        <Unicode>Nou¬</Unicode>
                    </TextEquiv>
                    <TextStyle fontFamily="Times New Roman" fontSize="9.5" italic="true"/>
                </Word>
                <TextEquiv>
                    <Unicode>ration de guerre de 1870. — L. s. au directeur du Nou¬</Unicode>
                </TextEquiv>
            </TextLine>
            <TextLine id="tl_9" primaryLanguage="English" custom="readingOrder {index:2;} textStyle {offset:0; length:17;italic:true; fontSize:0.0; kerning:0;}">
                <Coords points="489,678 1714,678 1714,758 489,758"/>
                <Baseline points="489,740 627,738 690,737 748,735 863,741 1056,732 1114,732 1346,726 1476,732 1521,733 1578,723 1713,721"/>
                <Word id="w_w2aab1b1b2b9b5ab1" language="English" custom="readingOrder {index:0;}">
                    <Coords points="489,703 627,703 627,740 489,740"/>
                    <TextEquiv>
                        <Unicode>velliste</Unicode>
                    </TextEquiv>
                    <TextStyle fontFamily="Times New Roman" fontSize="9.5" italic="true"/>
                </Word>
                <Word id="w_w2aab1b1b2b9b5ac19" language="English" custom="readingOrder {index:1;}">
                    <Coords points="648,701 690,701 690,737 648,737"/>
                    <TextEquiv>
                        <Unicode>de</Unicode>
                    </TextEquiv>
                    <TextStyle fontFamily="Times New Roman" fontSize="9.5" italic="true"/>
                </Word>
                <Word id="w_w2aab1b1b2b9b5ac25" language="English" custom="readingOrder {index:2;}">
                    <Coords points="713,699 845,699 845,736 713,736"/>
                    <TextEquiv>
                        <Unicode>Rouen</Unicode>
                    </TextEquiv>
                    <TextStyle fontFamily="Times New Roman" fontSize="9.5" italic="true"/>
                </Word>
                <Word id="w_w2aab1b1b2b9b5b1b1" language="English" custom="readingOrder {index:3;}">
                    <Coords points="855,710 863,710 863,741 855,741"/>
                    <TextEquiv>
                        <Unicode>;</Unicode>
                    </TextEquiv>
                    <TextStyle fontFamily="Times New Roman" fontSize="9.5"/>
                </Word>
                <Word id="w_w2aab1b1b2b9b5b1b5" language="English" custom="readingOrder {index:4;}">
                    <Coords points="885,696 1070,696 1070,738 885,738"/>
                    <TextEquiv>
                        <Unicode>Londres,</Unicode>
                    </TextEquiv>
                    <TextStyle fontFamily="Times New Roman" fontSize="9.5"/>
                </Word>
                <Word id="w_w2aab1b1b2b9b5b2b1" language="English" custom="readingOrder {index:5;}">
                    <Coords points="1089,705 1114,705 1114,732 1089,732"/>
                    <TextEquiv>
                        <Unicode>2</Unicode>
                    </TextEquiv>
                    <TextStyle fontFamily="Times New Roman" fontSize="9.5" italic="true"/>
                </Word>
                <Word id="w_w2aab1b1b2b9b5b3b3" language="English" custom="readingOrder {index:6;}">
                    <Coords points="1133,692 1346,692 1346,730 1133,730"/>
                    <TextEquiv>
                        <Unicode>novembre</Unicode>
                    </TextEquiv>
                    <TextStyle fontFamily="Times New Roman" fontSize="9.5"/>
                </Word>
                <Word id="w_w2aab1b1b2b9b5b3c21" language="English" custom="readingOrder {index:7;}">
                    <Coords points="1368,689 1476,689 1476,736 1368,736"/>
                    <TextEquiv>
                        <Unicode>1870,</Unicode>
                    </TextEquiv>
                    <TextStyle fontFamily="Times New Roman" fontSize="9.5"/>
                </Word>
                <Word id="w_w2aab1b1b2b9b5b3c33" language="English" custom="readingOrder {index:8;}">
                    <Coords points="1498,698 1521,698 1521,733 1498,733"/>
                    <TextEquiv>
                        <Unicode>3</Unicode>
                    </TextEquiv>
                    <TextStyle fontFamily="Times New Roman" fontSize="9.5"/>
                </Word>
                <Word id="w_w2aab1b1b2b9b5b3c37" language="English" custom="readingOrder {index:9;}">
                    <Coords points="1540,699 1578,699 1578,734 1540,734"/>
                    <TextEquiv>
                        <Unicode>p.</Unicode>
                    </TextEquiv>
                    <TextStyle fontFamily="Times New Roman" fontSize="9.5"/>
                </Word>
                <Word id="w_w2aab1b1b2b9b5b3c43" language="English" custom="readingOrder {index:10;}">
                    <Coords points="1601,684 1713,684 1713,721 1601,721"/>
                    <TextEquiv>
                        <Unicode>in-8°.</Unicode>
                    </TextEquiv>
                    <TextStyle fontFamily="Times New Roman" fontSize="9.5"/>
                </Word>
                <TextEquiv>
                    <Unicode>velliste de Rouen; Londres, 2 novembre 1870, 3 p. in-8°.</Unicode>
                </TextEquiv>
            </TextLine>
            <TextEquiv>
                <Unicode>ministre des Affaires étrangères au moment de la décla¬
ration de guerre de 1870. — L. s. au directeur du Nou¬
velliste de Rouen; Londres, 2 novembre 1870, 3 p. in-8°.</Unicode>
            </TextEquiv>
        </TextRegion>
        <TextRegion type="paragraph" id="r_1_6" custom="readingOrder {index:6;}">
            <Coords points="1590,748 1717,748 1717,778 1590,778"/>
            <TextLine id="tl_10" primaryLanguage="English" custom="readingOrder {index:0;}">
                <Coords points="1591,749 1716,749 1716,777 1591,777"/>
                <Baseline points="1591,777 1639,777 1716,772"/>
                <Word id="w_w2aab1b1b2c11b1ab1" language="English" custom="readingOrder {index:0;}">
                    <Coords points="1591,751 1639,751 1639,777 1591,777"/>
                    <TextEquiv>
                        <Unicode>20</Unicode>
                    </TextEquiv>
                    <TextStyle fontFamily="Times New Roman" fontSize="9.5"/>
                </Word>
                <Word id="w_w2aab1b1b2c11b1ab7" language="English" custom="readingOrder {index:1;}">
                    <Coords points="1700,752 1716,752 1716,772 1700,772"/>
                    <TextEquiv>
                        <Unicode>»</Unicode>
                    </TextEquiv>
                    <TextStyle fontFamily="Times New Roman" fontSize="9.5"/>
                </Word>
                <TextEquiv>
                    <Unicode>20 »</Unicode>
                </TextEquiv>
                <TextStyle fontFamily="Times New Roman" fontSize="9.5"/>
            </TextLine>
            <TextEquiv>
                <Unicode>20 »</Unicode>
            </TextEquiv>
        </TextRegion>
        <TextRegion type="paragraph" id="r_1_7" custom="readingOrder {index:7;}">
            <Coords points="413,792 1721,792 1721,983 413,983"/>
            <TextLine id="tl_11" primaryLanguage="English" custom="readingOrder {index:0;}">
                <Coords points="458,793 1718,793 1718,860 458,860"/>
                <Baseline points="458,847 563,846 753,843 899,840 935,839 982,837 1213,835 1273,834 1398,832 1454,831 1718,832"/>
                <Word id="w_w2aab1b1b2c13b1ab1" language="English" custom="readingOrder {index:0;}">
                    <Coords points="458,821 563,821 563,847 458,847"/>
                    <TextEquiv>
                        <Unicode>Lettre</Unicode>
                    </TextEquiv>
                    <TextStyle fontFamily="Times New Roman" fontSize="7.5"/>
                </Word>
                <Word id="w_w2aab1b1b2c13b1ac15" language="English" custom="readingOrder {index:1;}">
                    <Coords points="580,816 753,816 753,851 580,851"/>
                    <TextEquiv>
                        <Unicode>historique</Unicode>
                    </TextEquiv>
                    <TextStyle fontFamily="Times New Roman" fontSize="7.5"/>
                </Word>
                <Word id="w_w2aab1b1b2c13b1ac37" language="English" custom="readingOrder {index:2;}">
                    <Coords points="769,813 899,813 899,842 769,842"/>
                    <TextEquiv>
                        <Unicode>relative</Unicode>
                    </TextEquiv>
                    <TextStyle fontFamily="Times New Roman" fontSize="7.5"/>
                </Word>
                <Word id="w_w2aab1b1b2c13b1ac55" language="English" custom="readingOrder {index:3;}">
                    <Coords points="917,813 935,813 935,839 917,839"/>
                    <TextEquiv>
                        <Unicode>à</Unicode>
                    </TextEquiv>
                    <TextStyle fontFamily="Times New Roman" fontSize="7.5"/>
                </Word>
                <Word id="w_w2aab1b1b2c13b1ac59" language="English" custom="readingOrder {index:4;}">
                    <Coords points="953,812 982,812 982,839 953,839"/>
                    <TextEquiv>
                        <Unicode>la</Unicode>
                    </TextEquiv>
                    <TextStyle fontFamily="Times New Roman" fontSize="7.5"/>
                </Word>
                <Word id="w_w2aab1b1b2c13b1ac65" language="English" custom="readingOrder {index:5;}">
                    <Coords points="998,809 1213,809 1213,838 998,838"/>
                    <TextEquiv>
                        <Unicode>renonciation</Unicode>
                    </TextEquiv>
                    <TextStyle fontFamily="Times New Roman" fontSize="7.5"/>
                </Word>
                <Word id="w_w2aab1b1b2c13b1ac91" language="English" custom="readingOrder {index:6;}">
                    <Coords points="1231,808 1273,808 1273,834 1231,834"/>
                    <TextEquiv>
                        <Unicode>du</Unicode>
                    </TextEquiv>
                    <TextStyle fontFamily="Times New Roman" fontSize="7.5"/>
                </Word>
                <Word id="w_w2aab1b1b2c13b1ac97" language="English" custom="readingOrder {index:7;}">
                    <Coords points="1291,806 1398,806 1398,841 1291,841"/>
                    <TextEquiv>
                        <Unicode>prince</Unicode>
                    </TextEquiv>
                    <TextStyle fontFamily="Times New Roman" fontSize="7.5"/>
                </Word>
                <Word id="w_w2aab1b1b2c13b1ad111" language="English" custom="readingOrder {index:8;}">
                    <Coords points="1415,804 1454,804 1454,831 1415,831"/>
                    <TextEquiv>
                        <Unicode>de</Unicode>
                    </TextEquiv>
                    <TextStyle fontFamily="Times New Roman" fontSize="7.5"/>
                </Word>
                <Word id="w_w2aab1b1b2c13b1ad117" language="English" custom="readingOrder {index:9;}">
                    <Coords points="1473,800 1718,800 1718,832 1473,832"/>
                    <TextEquiv>
                        <Unicode>Hohenzollern;</Unicode>
                    </TextEquiv>
                    <TextStyle fontFamily="Times New Roman" fontSize="7.5"/>
                </Word>
                <TextEquiv>
                    <Unicode>Lettre historique relative à la renonciation du prince de Hohenzollern;</Unicode>
                </TextEquiv>
                <TextStyle fontFamily="Times New Roman" fontSize="7.5"/>
            </TextLine>
            <TextLine id="tl_12" primaryLanguage="English" custom="readingOrder {index:1;}">
                <Coords points="416,837 1720,837 1720,905 416,905"/>
                <Baseline points="416,893 434,892 585,889 833,886 908,884 1049,882 1131,881 1221,879 1347,876 1456,874 1657,871 1720,870"/>
                <Word id="w_w2aab1b1b2c13b3ab1" language="English" custom="readingOrder {index:0;}">
                    <Coords points="416,866 434,866 434,893 416,893"/>
                    <TextEquiv>
                        <Unicode>il</Unicode>
                    </TextEquiv>
                    <TextStyle fontFamily="Times New Roman" fontSize="7.5"/>
                </Word>
                <Word id="w_w2aab1b1b2c13b3ab7" language="English" custom="readingOrder {index:1;}">
                    <Coords points="458,864 585,864 585,892 458,892"/>
                    <TextEquiv>
                        <Unicode>dément</Unicode>
                    </TextEquiv>
                    <TextStyle fontFamily="Times New Roman" fontSize="7.5"/>
                </Word>
                <Word id="w_w2aab1b1b2c13b3ac21" language="English" custom="readingOrder {index:2;}">
                    <Coords points="607,859 833,859 833,888 607,888"/>
                    <TextEquiv>
                        <Unicode>l’information</Unicode>
                    </TextEquiv>
                    <TextStyle fontFamily="Times New Roman" fontSize="7.5"/>
                </Word>
                <Word id="w_w2aab1b1b2c13b3ac49" language="English" custom="readingOrder {index:3;}">
                    <Coords points="855,858 908,858 908,892 855,892"/>
                    <TextEquiv>
                        <Unicode>qui</Unicode>
                    </TextEquiv>
                    <TextStyle fontFamily="Times New Roman" fontSize="7.5"/>
                </Word>
                <Word id="w_w2aab1b1b2c13b3ac57" language="English" custom="readingOrder {index:4;}">
                    <Coords points="930,856 1049,856 1049,884 930,884"/>
                    <TextEquiv>
                        <Unicode>affirme</Unicode>
                    </TextEquiv>
                    <TextStyle fontFamily="Times New Roman" fontSize="7.5"/>
                </Word>
                <Word id="w_w2aab1b1b2c13b3ac73" language="English" custom="readingOrder {index:5;}">
                    <Coords points="1072,862 1131,862 1131,889 1072,889"/>
                    <TextEquiv>
                        <Unicode>que</Unicode>
                    </TextEquiv>
                    <TextStyle fontFamily="Times New Roman" fontSize="7.5"/>
                </Word>
                <Word id="w_w2aab1b1b2c13b3ac81" language="English" custom="readingOrder {index:6;}">
                    <Coords points="1153,852 1221,852 1221,880 1153,880"/>
                    <TextEquiv>
                        <Unicode>lord</Unicode>
                    </TextEquiv>
                    <TextStyle fontFamily="Times New Roman" fontSize="7.5"/>
                </Word>
                <Word id="w_w2aab1b1b2c13b3ac91" language="English" custom="readingOrder {index:7;}">
                    <Coords points="1242,851 1347,851 1347,886 1242,886"/>
                    <TextEquiv>
                        <Unicode>Lyons</Unicode>
                    </TextEquiv>
                    <TextStyle fontFamily="Times New Roman" fontSize="7.5"/>
                </Word>
                <Word id="w_w2aab1b1b2c13b3ad103" language="English" custom="readingOrder {index:8;}">
                    <Coords points="1368,849 1456,849 1456,875 1368,875"/>
                    <TextEquiv>
                        <Unicode>avait</Unicode>
                    </TextEquiv>
                    <TextStyle fontFamily="Times New Roman" fontSize="7.5"/>
                </Word>
                <Word id="w_w2aab1b1b2c13b3ad115" language="English" custom="readingOrder {index:9;}">
                    <Coords points="1479,845 1657,845 1657,874 1479,874"/>
                    <TextEquiv>
                        <Unicode>l’intention</Unicode>
                    </TextEquiv>
                    <TextStyle fontFamily="Times New Roman" fontSize="7.5"/>
                </Word>
                <Word id="w_w2aab1b1b2c13b3ad139" language="English" custom="readingOrder {index:10;}">
                    <Coords points="1680,842 1720,842 1720,870 1680,870"/>
                    <TextEquiv>
                        <Unicode>de</Unicode>
                    </TextEquiv>
                    <TextStyle fontFamily="Times New Roman" fontSize="7.5"/>
                </Word>
                <TextEquiv>
                    <Unicode>il dément l’information qui affirme que lord Lyons avait l’intention de</Unicode>
                </TextEquiv>
                <TextStyle fontFamily="Times New Roman" fontSize="7.5"/>
            </TextLine>
            <TextLine id="tl_13" primaryLanguage="English" custom="readingOrder {index:2;}">
                <Coords points="414,880 1720,880 1720,948 414,948"/>
                <Baseline points="414,937 647,933 748,931 792,930 917,929 963,927 1007,926 1139,925 1184,923 1275,922 1334,921 1451,920 1549,918 1719,905"/>
                <Word id="w_w2aab1b1b2c13b5ab1" language="English" custom="readingOrder {index:0;}">
                    <Coords points="414,905 647,905 647,937 414,937"/>
                    <TextEquiv>
                        <Unicode>s’entremettre</Unicode>
                    </TextEquiv>
                    <TextStyle fontFamily="Times New Roman" fontSize="7.5"/>
                </Word>
                <Word id="w_w2aab1b1b2c13b5ac29" language="English" custom="readingOrder {index:1;}">
                    <Coords points="661,907 748,907 748,933 661,933"/>
                    <TextEquiv>
                        <Unicode>entre</Unicode>
                    </TextEquiv>
                    <TextStyle fontFamily="Times New Roman" fontSize="7.5"/>
                </Word>
                <Word id="w_w2aab1b1b2c13b5ac41" language="English" custom="readingOrder {index:2;}">
                    <Coords points="762,903 792,903 792,930 762,930"/>
                    <TextEquiv>
                        <Unicode>la</Unicode>
                    </TextEquiv>
                    <TextStyle fontFamily="Times New Roman" fontSize="7.5"/>
                </Word>
                <Word id="w_w2aab1b1b2c13b5ac47" language="English" custom="readingOrder {index:3;}">
                    <Coords points="808,902 917,902 917,930 808,930"/>
                    <TextEquiv>
                        <Unicode>Prusse</Unicode>
                    </TextEquiv>
                    <TextStyle fontFamily="Times New Roman" fontSize="7.5"/>
                </Word>
                <Word id="w_w2aab1b1b2c13b5ac61" language="English" custom="readingOrder {index:4;}">
                    <Coords points="931,902 963,902 963,928 931,928"/>
                    <TextEquiv>
                        <Unicode>et</Unicode>
                    </TextEquiv>
                    <TextStyle fontFamily="Times New Roman" fontSize="7.5"/>
                </Word>
                <Word id="w_w2aab1b1b2c13b5ac67" language="English" custom="readingOrder {index:5;}">
                    <Coords points="977,900 1007,900 1007,927 977,927"/>
                    <TextEquiv>
                        <Unicode>la</Unicode>
                    </TextEquiv>
                    <TextStyle fontFamily="Times New Roman" fontSize="7.5"/>
                </Word>
                <Word id="w_w2aab1b1b2c13b5ac73" language="English" custom="readingOrder {index:6;}">
                    <Coords points="1022,900 1139,900 1139,926 1022,926"/>
                    <TextEquiv>
                        <Unicode>France</Unicode>
                    </TextEquiv>
                    <TextStyle fontFamily="Times New Roman" fontSize="7.5"/>
                </Word>
                <Word id="w_w2aab1b1b2c13b5ac87" language="English" custom="readingOrder {index:7;}">
                    <Coords points="1153,900 1184,900 1184,924 1153,924"/>
                    <TextEquiv>
                        <Unicode>et</Unicode>
                    </TextEquiv>
                    <TextStyle fontFamily="Times New Roman" fontSize="7.5"/>
                </Word>
                <Word id="w_w2aab1b1b2c13b5ac93" language="English" custom="readingOrder {index:8;}">
                    <Coords points="1200,895 1275,895 1275,930 1200,930"/>
                    <TextEquiv>
                        <Unicode>qu’il</Unicode>
                    </TextEquiv>
                    <TextStyle fontFamily="Times New Roman" fontSize="7.5"/>
                </Word>
                <Word id="w_w2aab1b1b2c13b5ad105" language="English" custom="readingOrder {index:9;}">
                    <Coords points="1289,895 1334,895 1334,922 1289,922"/>
                    <TextEquiv>
                        <Unicode>ait</Unicode>
                    </TextEquiv>
                    <TextStyle fontFamily="Times New Roman" fontSize="7.5"/>
                </Word>
                <Word id="w_w2aab1b1b2c13b5ad113" language="English" custom="readingOrder {index:10;}">
                    <Coords points="1349,892 1451,892 1451,920 1349,920"/>
                    <TextEquiv>
                        <Unicode>refusé</Unicode>
                    </TextEquiv>
                    <TextStyle fontFamily="Times New Roman" fontSize="7.5"/>
                </Word>
                <Word id="w_w2aab1b1b2c13b5ad127" language="English" custom="readingOrder {index:11;}">
                    <Coords points="1465,894 1549,894 1549,919 1465,919"/>
                    <TextEquiv>
                        <Unicode>cette</Unicode>
                    </TextEquiv>
                    <TextStyle fontFamily="Times New Roman" fontSize="7.5"/>
                </Word>
                <Word id="w_w2aab1b1b2c13b5ad139" language="English" custom="readingOrder {index:12;}">
                    <Coords points="1563,890 1719,890 1719,917 1563,917"/>
                    <TextEquiv>
                        <Unicode>interven¬</Unicode>
                    </TextEquiv>
                    <TextStyle fontFamily="Times New Roman" fontSize="7.5"/>
                </Word>
                <TextEquiv>
                    <Unicode>s’entremettre entre la Prusse et la France et qu’il ait refusé cette interven¬</Unicode>
                </TextEquiv>
                <TextStyle fontFamily="Times New Roman" fontSize="7.5"/>
            </TextLine>
            <TextLine id="tl_14" primaryLanguage="English" custom="readingOrder {index:3;}">
                <Coords points="415,953 492,953 492,982 415,982"/>
                <Baseline points="415,981 492,980"/>
                <Word id="w_w2aab1b1b2c13b7ab1" language="English" custom="readingOrder {index:0;}">
                    <Coords points="415,954 492,954 492,981 415,981"/>
                    <TextEquiv>
                        <Unicode>tion.</Unicode>
                    </TextEquiv>
                    <TextStyle fontFamily="Times New Roman" fontSize="7.5"/>
                </Word>
                <TextEquiv>
                    <Unicode>tion.</Unicode>
                </TextEquiv>
                <TextStyle fontFamily="Times New Roman" fontSize="7.5"/>
            </TextLine>
            <TextEquiv>
                <Unicode>Lettre historique relative à la renonciation du prince de Hohenzollern;
il dément l’information qui affirme que lord Lyons avait l’intention de
s’entremettre entre la Prusse et la France et qu’il ait refusé cette interven¬
tion.</Unicode>
            </TextEquiv>
        </TextRegion>
        <TextRegion type="paragraph" id="r_1_8" custom="readingOrder {index:8;}">
            <Coords points="264,990 1725,990 1725,1075 264,1075"/>
            <TextLine id="tl_15" primaryLanguage="English" custom="readingOrder {index:0;} textStyle {offset:0; length:5;fontSize:0.0; kerning:0; bold:true;}">
                <Coords points="265,991 1724,991 1724,1074 265,1074"/>
                <Baseline points="265,1062 290,1062 603,1053 766,1051 1098,1053 1271,1041 1540,1036 1603,1036 1724,1022"/>
                <Word id="w_w2aab1b1b2c15b1ab1" language="English" custom="readingOrder {index:0;}">
                    <Coords points="265,1021 391,1021 391,1062 265,1062"/>
                    <TextEquiv>
                        <Unicode>88112</Unicode>
                    </TextEquiv>
                    <TextStyle fontFamily="Times New Roman" fontSize="9.5" bold="true"/>
                </Word>
                <Word id="w_w2aab1b1b2c15b1b1b3" language="English" custom="readingOrder {index:1;}">
                    <Coords points="416,1018 603,1018 603,1058 416,1058"/>
                    <TextEquiv>
                        <Unicode>GRAND</Unicode>
                    </TextEquiv>
                    <TextStyle fontFamily="Times New Roman" fontSize="9.5"/>
                </Word>
                <Word id="w_w2aab1b1b2c15b1b1c15" language="English" custom="readingOrder {index:2;}">
                    <Coords points="608,1015 766,1015 766,1053 608,1053"/>
                    <TextEquiv>
                        <Unicode>VILLE</Unicode>
                    </TextEquiv>
                    <TextStyle fontFamily="Times New Roman" fontSize="9.5"/>
                </Word>
                <Word id="w_w2aab1b1b2c15b1b1c27" language="English" custom="readingOrder {index:3;}">
                    <Coords points="795,1010 1098,1010 1098,1061 795,1061"/>
                    <TextEquiv>
                        <Unicode>(Jean-Ignace),</Unicode>
                    </TextEquiv>
                    <TextStyle fontFamily="Times New Roman" fontSize="9.5"/>
                </Word>
                <Word id="w_w2aab1b1b2c15b1b1c57" language="English" custom="readingOrder {index:4;}">
                    <Coords points="1123,1007 1271,1007 1271,1044 1123,1044"/>
                    <TextEquiv>
                        <Unicode>célèbre</Unicode>
                    </TextEquiv>
                    <TextStyle fontFamily="Times New Roman" fontSize="9.5"/>
                </Word>
                <Word id="w_w2aab1b1b2c15b1b1c73" language="English" custom="readingOrder {index:5;}">
                    <Coords points="1296,1003 1540,1003 1540,1041 1296,1041"/>
                    <TextEquiv>
                        <Unicode>dessinateur</Unicode>
                    </TextEquiv>
                    <TextStyle fontFamily="Times New Roman" fontSize="9.5"/>
                </Word>
                <Word id="w_w2aab1b1b2c15b1b1c97" language="English" custom="readingOrder {index:6;}">
                    <Coords points="1563,1003 1603,1003 1603,1036 1563,1036"/>
                    <TextEquiv>
                        <Unicode>et</Unicode>
                    </TextEquiv>
                    <TextStyle fontFamily="Times New Roman" fontSize="9.5"/>
                </Word>
                <Word id="w_w2aab1b1b2c15b1b1d103" language="English" custom="readingOrder {index:7;}">
                    <Coords points="1626,998 1724,998 1724,1035 1626,1035"/>
                    <TextEquiv>
                        <Unicode>cari¬</Unicode>
                    </TextEquiv>
                    <TextStyle fontFamily="Times New Roman" fontSize="9.5"/>
                </Word>
                <TextEquiv>
                    <Unicode>88112 GRANDVILLE (Jean-Ignace), célèbre dessinateur et cari¬</Unicode>
                </TextEquiv>
            </TextLine>
            <TextEquiv>
                <Unicode>88112 GRANDVILLE (Jean-Ignace), célèbre dessinateur et cari¬</Unicode>
            </TextEquiv>
        </TextRegion>
        <TextRegion type="paragraph" id="r_1_9" custom="readingOrder {index:9;}">
            <Coords points="492,1047 1730,1047 1730,1181 492,1181"/>
            <TextLine id="tl_16" primaryLanguage="English" custom="readingOrder {index:0;}">
                <Coords points="493,1048 1725,1048 1725,1124 493,1124"/>
                <Baseline points="493,1111 695,1115 775,1106 828,1105 1007,1103 1090,1091 1159,1100 1226,1099 1287,1098 1370,1095 1565,1091 1725,1095"/>
                <Word id="w_w2aab1b1b2c17b1ab1" language="English" custom="readingOrder {index:0;}">
                    <Coords points="493,1073 695,1073 695,1115 493,1115"/>
                    <TextEquiv>
                        <Unicode>caturiste,</Unicode>
                    </TextEquiv>
                    <TextStyle fontFamily="Times New Roman" fontSize="9.5"/>
                </Word>
                <Word id="w_w2aab1b1b2c17b1ac23" language="English" custom="readingOrder {index:1;}">
                    <Coords points="725,1071 775,1071 775,1106 725,1106"/>
                    <TextEquiv>
                        <Unicode>né</Unicode>
                    </TextEquiv>
                    <TextStyle fontFamily="Times New Roman" fontSize="9.5"/>
                </Word>
                <Word id="w_w2aab1b1b2c17b1ac29" language="English" custom="readingOrder {index:2;}">
                    <Coords points="805,1070 828,1070 828,1105 805,1105"/>
                    <TextEquiv>
                        <Unicode>à</Unicode>
                    </TextEquiv>
                    <TextStyle fontFamily="Times New Roman" fontSize="9.5"/>
                </Word>
                <Word id="w_w2aab1b1b2c17b1ac33" language="English" custom="readingOrder {index:3;}">
                    <Coords points="856,1068 1007,1068 1007,1113 856,1113"/>
                    <TextEquiv>
                        <Unicode>Nancy.</Unicode>
                    </TextEquiv>
                    <TextStyle fontFamily="Times New Roman" fontSize="9.5"/>
                </Word>
                <Word id="w_w2aab1b1b2c17b1ac47" language="English" custom="readingOrder {index:4;}">
                    <Coords points="1040,1086 1090,1086 1090,1091 1040,1091"/>
                    <TextEquiv>
                        <Unicode>—</Unicode>
                    </TextEquiv>
                    <TextStyle fontFamily="Times New Roman" fontSize="9.5"/>
                </Word>
                <Word id="w_w2aab1b1b2c17b1ac51" language="English" custom="readingOrder {index:5;}">
                    <Coords points="1118,1063 1159,1063 1159,1100 1118,1100"/>
                    <TextEquiv>
                        <Unicode>L.</Unicode>
                    </TextEquiv>
                    <TextStyle fontFamily="Times New Roman" fontSize="9.5"/>
                </Word>
                <Word id="w_w2aab1b1b2c17b1ac57" language="English" custom="readingOrder {index:6;}">
                    <Coords points="1193,1075 1226,1075 1226,1099 1193,1099"/>
                    <TextEquiv>
                        <Unicode>a.</Unicode>
                    </TextEquiv>
                    <TextStyle fontFamily="Times New Roman" fontSize="9.5"/>
                </Word>
                <Word id="w_w2aab1b1b2c17b1ac63" language="English" custom="readingOrder {index:7;}">
                    <Coords points="1258,1074 1287,1074 1287,1098 1258,1098"/>
                    <TextEquiv>
                        <Unicode>s.</Unicode>
                    </TextEquiv>
                    <TextStyle fontFamily="Times New Roman" fontSize="9.5"/>
                </Word>
                <Word id="w_w2aab1b1b2c17b1ac69" language="English" custom="readingOrder {index:8;}">
                    <Coords points="1320,1071 1370,1071 1370,1097 1320,1097"/>
                    <TextEquiv>
                        <Unicode>au</Unicode>
                    </TextEquiv>
                    <TextStyle fontFamily="Times New Roman" fontSize="9.5"/>
                </Word>
                <Word id="w_w2aab1b1b2c17b1ac75" language="English" custom="readingOrder {index:9;}">
                    <Coords points="1401,1058 1565,1058 1565,1094 1401,1094"/>
                    <TextEquiv>
                        <Unicode>docteur</Unicode>
                    </TextEquiv>
                    <TextStyle fontFamily="Times New Roman" fontSize="9.5"/>
                </Word>
                <Word id="w_w2aab1b1b2c17b1ac91" language="English" custom="readingOrder {index:10;}">
                    <Coords points="1593,1053 1725,1053 1725,1095 1593,1095"/>
                    <TextEquiv>
                        <Unicode>Marx;</Unicode>
                    </TextEquiv>
                    <TextStyle fontFamily="Times New Roman" fontSize="9.5"/>
                </Word>
                <TextEquiv>
                    <Unicode>caturiste, né à Nancy. — L. a. s. au docteur Marx;</Unicode>
                </TextEquiv>
                <TextStyle fontFamily="Times New Roman" fontSize="9.5"/>
            </TextLine>
            <TextLine id="tl_17" primaryLanguage="English" custom="readingOrder {index:1;} textStyle {offset:22; length:10;italic:true; fontSize:0.0; kerning:0;}">
                <Coords points="496,1103 1729,1103 1729,1180 496,1180"/>
                <Baseline points="496,1166 622,1163 700,1171 740,1163 786,1174 827,1161 1029,1158 1063,1157 1649,1155 1729,1140"/>
                <Word id="w_w2aab1b1b2c17b3ab1" language="English" custom="readingOrder {index:0;}">
                    <Coords points="496,1128 622,1128 622,1166 496,1166"/>
                    <TextEquiv>
                        <Unicode>mardi</Unicode>
                    </TextEquiv>
                    <TextStyle fontFamily="Times New Roman" fontSize="9.5"/>
                </Word>
                <Word id="w_w2aab1b1b2c17b3ac13" language="English" custom="readingOrder {index:1;}">
                    <Coords points="641,1138 700,1138 700,1175 641,1175"/>
                    <TextEquiv>
                        <Unicode>19,</Unicode>
                    </TextEquiv>
                    <TextStyle fontFamily="Times New Roman" fontSize="9.5"/>
                </Word>
                <Word id="w_w2aab1b1b2c17b3ac21" language="English" custom="readingOrder {index:2;}">
                    <Coords points="721,1137 740,1137 740,1174 721,1174"/>
                    <TextEquiv>
                        <Unicode>1</Unicode>
                    </TextEquiv>
                    <TextStyle fontFamily="Times New Roman" fontSize="9.5"/>
                </Word>
                <Word id="w_w2aab1b1b2c17b3b1b1" language="English" custom="readingOrder {index:3;}">
                    <Coords points="758,1125 797,1125 797,1174 758,1174"/>
                    <TextEquiv>
                        <Unicode>p.</Unicode>
                    </TextEquiv>
                    <TextStyle fontFamily="Times New Roman" fontSize="9.0"/>
                </Word>
                <Word id="w_w2aab1b1b2c17b3b2b1" language="English" custom="readingOrder {index:4;}">
                    <Coords points="817,1123 925,1123 925,1161 817,1161"/>
                    <TextEquiv>
                        <Unicode>in-8°.</Unicode>
                    </TextEquiv>
                    <TextStyle fontFamily="Times New Roman" fontSize="9.5"/>
                </Word>
                <Word id="w_w2aab1b1b2c17b3b3b1" language="English" custom="readingOrder {index:5;}">
                    <Coords points="945,1122 1029,1122 1029,1158 945,1158"/>
                    <TextEquiv>
                        <Unicode>Peu</Unicode>
                    </TextEquiv>
                    <TextStyle fontFamily="Times New Roman" fontSize="9.5" italic="true"/>
                </Word>
                <Word id="w_w2aab1b1b2c17b3b3b9" language="English" custom="readingOrder {index:6;}">
                    <Coords points="1046,1130 1230,1130 1230,1157 1046,1157"/>
                    <TextEquiv>
                        <Unicode>commun.</Unicode>
                    </TextEquiv>
                    <TextStyle fontFamily="Times New Roman" fontSize="9.5" italic="true"/>
                </Word>
                <Word id="w_w2aab1b1b2c17b3b4b3" language="English" custom="readingOrder {index:7;}">
                    <Coords points="1604,1119 1649,1119 1649,1155 1604,1155"/>
                    <TextEquiv>
                        <Unicode>15</Unicode>
                    </TextEquiv>
                    <TextStyle fontFamily="Times New Roman" fontSize="9.5"/>
                </Word>
                <Word id="w_w2aab1b1b2c17b3b4b9" language="English" custom="readingOrder {index:8;}">
                    <Coords points="1713,1120 1729,1120 1729,1140 1713,1140"/>
                    <TextEquiv>
                        <Unicode>»</Unicode>
                    </TextEquiv>
                    <TextStyle fontFamily="Times New Roman" fontSize="9.5"/>
                </Word>
                <TextEquiv>
                    <Unicode>mardi 19, 1 p. in-8°. Peu commun. 15 »</Unicode>
                </TextEquiv>
            </TextLine>
            <TextEquiv>
                <Unicode>caturiste, né à Nancy. — L. a. s. au docteur Marx;
mardi 19, 1 p. in-8°. Peu commun. 15 »</Unicode>
            </TextEquiv>
        </TextRegion>
        <TextRegion type="paragraph" id="r_1_10" custom="readingOrder {index:10;}">
            <Coords points="266,1190 1730,1190 1730,1276 266,1276"/>
            <TextLine id="tl_18" primaryLanguage="English" custom="readingOrder {index:0;} textStyle {offset:0; length:5;fontSize:0.0; kerning:0; bold:true;}">
                <Coords points="267,1191 1729,1191 1729,1275 267,1275"/>
                <Baseline points="267,1262 295,1262 582,1254 810,1250 864,1249 946,1248 1249,1242 1354,1246 1532,1235 1729,1231"/>
                <Word id="w_w2aab1b1b2c19b1ab1" language="English" custom="readingOrder {index:0;}">
                    <Coords points="267,1222 395,1222 395,1262 267,1262"/>
                    <TextEquiv>
                        <Unicode>88113</Unicode>
                    </TextEquiv>
                    <TextStyle fontFamily="Times New Roman" fontSize="9.5" bold="true"/>
                </Word>
                <Word id="w_w2aab1b1b2c19b1b1b3" language="English" custom="readingOrder {index:1;}">
                    <Coords points="422,1218 582,1218 582,1258 422,1258"/>
                    <TextEquiv>
                        <Unicode>GUISE</Unicode>
                    </TextEquiv>
                    <TextStyle fontFamily="Times New Roman" fontSize="9.5"/>
                </Word>
                <Word id="w_w2aab1b1b2c19b1b1c15" language="English" custom="readingOrder {index:2;}">
                    <Coords points="613,1214 810,1214 810,1264 613,1264"/>
                    <TextEquiv>
                        <Unicode>(François</Unicode>
                    </TextEquiv>
                    <TextStyle fontFamily="Times New Roman" fontSize="9.5"/>
                </Word>
                <Word id="w_w2aab1b1b2c19b1b1c35" language="English" custom="readingOrder {index:3;}">
                    <Coords points="838,1212 886,1212 886,1249 838,1249"/>
                    <TextEquiv>
                        <Unicode>de</Unicode>
                    </TextEquiv>
                    <TextStyle fontFamily="Times New Roman" fontSize="9.5"/>
                </Word>
                <Word id="w_w2aab1b1b2c19b1b2b1" language="English" custom="readingOrder {index:4;}">
                    <Coords points="914,1208 1144,1208 1144,1251 914,1251"/>
                    <TextEquiv>
                        <Unicode>Lorraine,</Unicode>
                    </TextEquiv>
                    <TextStyle fontFamily="Times New Roman" fontSize="7.5"/>
                </Word>
                <Word id="w_w2aab1b1b2c19b1b3b1" language="English" custom="readingOrder {index:5;}">
                    <Coords points="1173,1207 1249,1207 1249,1243 1173,1243"/>
                    <TextEquiv>
                        <Unicode>duc</Unicode>
                    </TextEquiv>
                    <TextStyle fontFamily="Times New Roman" fontSize="9.5"/>
                </Word>
                <Word id="w_w2aab1b1b2c19b1b3b9" language="English" custom="readingOrder {index:6;}">
                    <Coords points="1277,1203 1354,1203 1354,1250 1277,1250"/>
                    <TextEquiv>
                        <Unicode>de),</Unicode>
                    </TextEquiv>
                    <TextStyle fontFamily="Times New Roman" fontSize="9.5"/>
                </Word>
                <Word id="w_w2aab1b1b2c19b1b3c19" language="English" custom="readingOrder {index:7;}">
                    <Coords points="1382,1202 1532,1202 1532,1237 1382,1237"/>
                    <TextEquiv>
                        <Unicode>illustre</Unicode>
                    </TextEquiv>
                    <TextStyle fontFamily="Times New Roman" fontSize="9.5"/>
                </Word>
                <Word id="w_w2aab1b1b2c19b1b3c37" language="English" custom="readingOrder {index:8;}">
                    <Coords points="1558,1195 1729,1195 1729,1246 1558,1246"/>
                    <TextEquiv>
                        <Unicode>guerrier</Unicode>
                    </TextEquiv>
                    <TextStyle fontFamily="Times New Roman" fontSize="9.5"/>
                </Word>
                <TextEquiv>
                    <Unicode>88113 GUISE (François de Lorraine, duc de), illustre guerrier</Unicode>
                </TextEquiv>
            </TextLine>
            <TextEquiv>
                <Unicode>88113 GUISE (François de Lorraine, duc de), illustre guerrier</Unicode>
            </TextEquiv>
        </TextRegion>
        <TextRegion type="paragraph" id="r_1_11" custom="readingOrder {index:11;}">
            <Coords points="498,1247 1736,1247 1736,1436 498,1436"/>
            <TextLine id="tl_19" primaryLanguage="English" custom="readingOrder {index:0;}">
                <Coords points="499,1248 1730,1248 1730,1324 499,1324"/>
                <Baseline points="499,1311 553,1310 603,1309 666,1298 811,1313 1025,1301 1070,1300 1252,1296 1346,1293 1520,1290 1591,1289 1730,1294"/>
                <Word id="w_w2aab1b1b2c21b1ab1" language="English" custom="readingOrder {index:0;}">
                    <Coords points="499,1275 553,1275 553,1311 499,1311"/>
                    <TextEquiv>
                        <Unicode>du</Unicode>
                    </TextEquiv>
                    <TextStyle fontFamily="Times New Roman" fontSize="9.5"/>
                </Word>
                <Word id="w_w2aab1b1b2c21b1ab7" language="English" custom="readingOrder {index:1;}">
                    <Coords points="575,1283 647,1283 647,1309 575,1309"/>
                    <TextEquiv>
                        <Unicode>xvi</Unicode>
                    </TextEquiv>
                    <TextStyle fontFamily="Times New Roman" fontSize="9.5"/>
                </Word>
                <Word id="w_w2aab1b1b2c21b1b1b1" language="English" custom="readingOrder {index:2;}">
                    <Coords points="649,1276 666,1276 666,1298 649,1298"/>
                    <TextEquiv>
                        <Unicode>e</Unicode>
                    </TextEquiv>
                    <TextStyle fontFamily="Times New Roman" fontSize="9.5" superscript="true"/>
                </Word>
                <Word id="w_w2aab1b1b2c21b1b2b3" language="English" custom="readingOrder {index:3;}">
                    <Coords points="687,1271 811,1271 811,1313 687,1313"/>
                    <TextEquiv>
                        <Unicode>siècle,</Unicode>
                    </TextEquiv>
                    <TextStyle fontFamily="Times New Roman" fontSize="9.5"/>
                </Word>
                <Word id="w_w2aab1b1b2c21b1b2c19" language="English" custom="readingOrder {index:4;}">
                    <Coords points="834,1265 1025,1265 1025,1306 834,1306"/>
                    <TextEquiv>
                        <Unicode>assassiné</Unicode>
                    </TextEquiv>
                    <TextStyle fontFamily="Times New Roman" fontSize="9.5"/>
                </Word>
                <Word id="w_w2aab1b1b2c21b1b2c39" language="English" custom="readingOrder {index:5;}">
                    <Coords points="1047,1264 1070,1264 1070,1300 1047,1300"/>
                    <TextEquiv>
                        <Unicode>à</Unicode>
                    </TextEquiv>
                    <TextStyle fontFamily="Times New Roman" fontSize="9.5"/>
                </Word>
                <Word id="w_w2aab1b1b2c21b1b2c43" language="English" custom="readingOrder {index:6;}">
                    <Coords points="1091,1262 1252,1262 1252,1300 1091,1300"/>
                    <TextEquiv>
                        <Unicode>Orléans</Unicode>
                    </TextEquiv>
                    <TextStyle fontFamily="Times New Roman" fontSize="9.5"/>
                </Word>
                <Word id="w_w2aab1b1b2c21b1b2c59" language="English" custom="readingOrder {index:7;}">
                    <Coords points="1274,1270 1346,1270 1346,1307 1274,1307"/>
                    <TextEquiv>
                        <Unicode>par</Unicode>
                    </TextEquiv>
                    <TextStyle fontFamily="Times New Roman" fontSize="9.5"/>
                </Word>
                <Word id="w_w2aab1b1b2c21b1b2c67" language="English" custom="readingOrder {index:8;}">
                    <Coords points="1366,1257 1520,1257 1520,1293 1366,1293"/>
                    <TextEquiv>
                        <Unicode>Poltrot</Unicode>
                    </TextEquiv>
                    <TextStyle fontFamily="Times New Roman" fontSize="9.5"/>
                </Word>
                <Word id="w_w2aab1b1b2c21b1b2c83" language="English" custom="readingOrder {index:9;}">
                    <Coords points="1543,1254 1591,1254 1591,1290 1543,1290"/>
                    <TextEquiv>
                        <Unicode>de</Unicode>
                    </TextEquiv>
                    <TextStyle fontFamily="Times New Roman" fontSize="9.5"/>
                </Word>
                <Word id="w_w2aab1b1b2c21b1b2c89" language="English" custom="readingOrder {index:10;}">
                    <Coords points="1612,1251 1730,1251 1730,1294 1612,1294"/>
                    <TextEquiv>
                        <Unicode>Méré,</Unicode>
                    </TextEquiv>
                    <TextStyle fontFamily="Times New Roman" fontSize="9.5"/>
                </Word>
                <TextEquiv>
                    <Unicode>du xvie siècle, assassiné à Orléans par Poltrot de Méré,</Unicode>
                </TextEquiv>
            </TextLine>
            <TextLine id="tl_20" primaryLanguage="English" custom="readingOrder {index:1;}">
                <Coords points="500,1303 1732,1303 1732,1380 500,1380"/>
                <Baseline points="500,1367 548,1366 677,1364 752,1352 811,1362 868,1361 919,1360 966,1358 1056,1355 1299,1357 1489,1345 1564,1351 1662,1342 1732,1341"/>
                <Word id="w_w2aab1b1b2c21b3ab1" language="English" custom="readingOrder {index:0;}">
                    <Coords points="500,1342 548,1342 548,1367 500,1367"/>
                    <TextEquiv>
                        <Unicode>en</Unicode>
                    </TextEquiv>
                    <TextStyle fontFamily="Times New Roman" fontSize="9.5"/>
                </Word>
                <Word id="w_w2aab1b1b2c21b3ab7" language="English" custom="readingOrder {index:1;}">
                    <Coords points="571,1328 677,1328 677,1375 571,1375"/>
                    <TextEquiv>
                        <Unicode>1563.</Unicode>
                    </TextEquiv>
                    <TextStyle fontFamily="Times New Roman" fontSize="9.5"/>
                </Word>
                <Word id="w_w2aab1b1b2c21b3ac19" language="English" custom="readingOrder {index:2;}">
                    <Coords points="702,1346 752,1346 752,1352 702,1352"/>
                    <TextEquiv>
                        <Unicode>—</Unicode>
                    </TextEquiv>
                    <TextStyle fontFamily="Times New Roman" fontSize="9.5"/>
                </Word>
                <Word id="w_w2aab1b1b2c21b3ac23" language="English" custom="readingOrder {index:3;}">
                    <Coords points="770,1324 811,1324 811,1362 770,1362"/>
                    <TextEquiv>
                        <Unicode>L.</Unicode>
                    </TextEquiv>
                    <TextStyle fontFamily="Times New Roman" fontSize="9.5"/>
                </Word>
                <Word id="w_w2aab1b1b2c21b3ac29" language="English" custom="readingOrder {index:4;}">
                    <Coords points="835,1336 868,1336 868,1361 835,1361"/>
                    <TextEquiv>
                        <Unicode>a.</Unicode>
                    </TextEquiv>
                    <TextStyle fontFamily="Times New Roman" fontSize="9.5"/>
                </Word>
                <Word id="w_w2aab1b1b2c21b3ac35" language="English" custom="readingOrder {index:5;}">
                    <Coords points="891,1336 919,1336 919,1360 891,1360"/>
                    <TextEquiv>
                        <Unicode>s.</Unicode>
                    </TextEquiv>
                    <TextStyle fontFamily="Times New Roman" fontSize="9.5"/>
                </Word>
                <Word id="w_w2aab1b1b2c21b3ac41" language="English" custom="readingOrder {index:6;}">
                    <Coords points="944,1322 966,1322 966,1358 944,1358"/>
                    <TextEquiv>
                        <Unicode>à</Unicode>
                    </TextEquiv>
                    <TextStyle fontFamily="Times New Roman" fontSize="9.5"/>
                </Word>
                <Word id="w_w2aab1b1b2c21b3ac45" language="English" custom="readingOrder {index:7;}">
                    <Coords points="985,1331 1056,1331 1056,1357 985,1357"/>
                    <TextEquiv>
                        <Unicode>son</Unicode>
                    </TextEquiv>
                    <TextStyle fontFamily="Times New Roman" fontSize="9.5"/>
                </Word>
                <Word id="w_w2aab1b1b2c21b3ac53" language="English" custom="readingOrder {index:8;}">
                    <Coords points="1077,1316 1299,1316 1299,1364 1077,1364"/>
                    <TextEquiv>
                        <Unicode>beau-père,</Unicode>
                    </TextEquiv>
                    <TextStyle fontFamily="Times New Roman" fontSize="9.5"/>
                </Word>
                <Word id="w_w2aab1b1b2c21b3ac75" language="English" custom="readingOrder {index:9;}">
                    <Coords points="1321,1311 1489,1311 1489,1349 1321,1349"/>
                    <TextEquiv>
                        <Unicode>Hercule</Unicode>
                    </TextEquiv>
                    <TextStyle fontFamily="Times New Roman" fontSize="9.5"/>
                </Word>
                <Word id="w_w2aab1b1b2c21b3ac91" language="English" custom="readingOrder {index:10;}">
                    <Coords points="1511,1308 1564,1308 1564,1351 1511,1351"/>
                    <TextEquiv>
                        <Unicode>II,</Unicode>
                    </TextEquiv>
                    <TextStyle fontFamily="Times New Roman" fontSize="9.5"/>
                </Word>
                <Word id="w_w2aab1b1b2c21b3ac99" language="English" custom="readingOrder {index:11;}">
                    <Coords points="1587,1308 1662,1308 1662,1344 1587,1344"/>
                    <TextEquiv>
                        <Unicode>duc</Unicode>
                    </TextEquiv>
                    <TextStyle fontFamily="Times New Roman" fontSize="9.5"/>
                </Word>
                <Word id="w_w2aab1b1b2c21b3ad107" language="English" custom="readingOrder {index:12;}">
                    <Coords points="1683,1306 1732,1306 1732,1341 1683,1341"/>
                    <TextEquiv>
                        <Unicode>de</Unicode>
                    </TextEquiv>
                    <TextStyle fontFamily="Times New Roman" fontSize="9.5"/>
                </Word>
                <TextEquiv>
                    <Unicode>en 1563. — L. a. s. à son beau-père, Hercule II, duc de</Unicode>
                </TextEquiv>
                <TextStyle fontFamily="Times New Roman" fontSize="9.5"/>
            </TextLine>
            <TextLine id="tl_21" primaryLanguage="English" custom="readingOrder {index:2;}">
                <Coords points="501,1358 1735,1358 1735,1435 501,1435"/>
                <Baseline points="501,1421 679,1426 820,1424 889,1415 986,1411 1146,1416 1190,1417 1244,1407 1427,1402 1657,1398 1734,1393"/>
                <Word id="w_w2aab1b1b2c21b5ab1" language="English" custom="readingOrder {index:0;}">
                    <Coords points="501,1386 679,1386 679,1426 501,1426"/>
                    <TextEquiv>
                        <Unicode>Ferrare;</Unicode>
                    </TextEquiv>
                    <TextStyle fontFamily="Times New Roman" fontSize="9.5"/>
                </Word>
                <Word id="w_w2aab1b1b2c21b5ac19" language="English" custom="readingOrder {index:1;}">
                    <Coords points="699,1382 820,1382 820,1424 699,1424"/>
                    <TextEquiv>
                        <Unicode>Paris,</Unicode>
                    </TextEquiv>
                    <TextStyle fontFamily="Times New Roman" fontSize="9.5"/>
                </Word>
                <Word id="w_w2aab1b1b2c21b5ac33" language="English" custom="readingOrder {index:2;}">
                    <Coords points="842,1377 889,1377 889,1415 842,1415"/>
                    <TextEquiv>
                        <Unicode>16</Unicode>
                    </TextEquiv>
                    <TextStyle fontFamily="Times New Roman" fontSize="9.5"/>
                </Word>
                <Word id="w_w2aab1b1b2c21b5ac39" language="English" custom="readingOrder {index:3;}">
                    <Coords points="906,1376 986,1376 986,1414 906,1414"/>
                    <TextEquiv>
                        <Unicode>mai</Unicode>
                    </TextEquiv>
                    <TextStyle fontFamily="Times New Roman" fontSize="9.5"/>
                </Word>
                <Word id="w_w2aab1b1b2c21b5ac47" language="English" custom="readingOrder {index:4;}">
                    <Coords points="1007,1373 1146,1373 1146,1423 1007,1423"/>
                    <TextEquiv>
                        <Unicode>(1559),</Unicode>
                    </TextEquiv>
                    <TextStyle fontFamily="Times New Roman" fontSize="9.5"/>
                </Word>
                <Word id="w_w2aab1b1b2c21b5ac63" language="English" custom="readingOrder {index:5;}">
                    <Coords points="1166,1383 1190,1383 1190,1417 1166,1417"/>
                    <TextEquiv>
                        <Unicode>4</Unicode>
                    </TextEquiv>
                    <TextStyle fontFamily="Times New Roman" fontSize="9.5"/>
                </Word>
                <Word id="w_w2aab1b1b2c21b5ac67" language="English" custom="readingOrder {index:6;}">
                    <Coords points="1206,1384 1244,1384 1244,1419 1206,1419"/>
                    <TextEquiv>
                        <Unicode>p.</Unicode>
                    </TextEquiv>
                    <TextStyle fontFamily="Times New Roman" fontSize="9.5"/>
                </Word>
                <Word id="w_w2aab1b1b2c21b5ac73" language="English" custom="readingOrder {index:7;}">
                    <Coords points="1264,1367 1427,1367 1427,1406 1264,1406"/>
                    <TextEquiv>
                        <Unicode>in-folio.</Unicode>
                    </TextEquiv>
                    <TextStyle fontFamily="Times New Roman" fontSize="9.5"/>
                </Word>
                <Word id="w_w2aab1b1b2c21b5ac93" language="English" custom="readingOrder {index:8;}">
                    <Coords points="1584,1372 1657,1372 1657,1409 1584,1409"/>
                    <TextEquiv>
                        <Unicode>500</Unicode>
                    </TextEquiv>
                    <TextStyle fontFamily="Times New Roman" fontSize="9.5"/>
                </Word>
                <Word id="w_w2aab1b1b2c21b5ad101" language="English" custom="readingOrder {index:9;}">
                    <Coords points="1719,1373 1734,1373 1734,1393 1719,1393"/>
                    <TextEquiv>
                        <Unicode>»</Unicode>
                    </TextEquiv>
                    <TextStyle fontFamily="Times New Roman" fontSize="9.5"/>
                </Word>
                <TextEquiv>
                    <Unicode>Ferrare; Paris, 16 mai (1559), 4 p. in-folio. 500 »</Unicode>
                </TextEquiv>
                <TextStyle fontFamily="Times New Roman" fontSize="9.5"/>
            </TextLine>
            <TextEquiv>
                <Unicode>du xvie siècle, assassiné à Orléans par Poltrot de Méré,
en 1563. — L. a. s. à son beau-père, Hercule II, duc de
Ferrare; Paris, 16 mai (1559), 4 p. in-folio. 500 »</Unicode>
            </TextEquiv>
        </TextRegion>
        <TextRegion type="paragraph" id="r_1_12" custom="readingOrder {index:12;}">
            <Coords points="428,1423 1744,1423 1744,1713 428,1713"/>
            <TextLine id="tl_22" primaryLanguage="English" custom="readingOrder {index:0;}">
                <Coords points="470,1424 1738,1424 1738,1488 470,1488"/>
                <Baseline points="470,1480 629,1477 729,1475 823,1472 969,1469 1004,1468 1140,1465 1173,1464 1275,1462 1308,1461 1411,1460 1518,1456 1660,1454 1738,1452"/>
                <Word id="w_w2aab1b1b2c23b1ab1" language="English" custom="readingOrder {index:0;}">
                    <Coords points="470,1452 629,1452 629,1480 470,1480"/>
                    <TextEquiv>
                        <Unicode>Précieuse</Unicode>
                    </TextEquiv>
                    <TextStyle fontFamily="Times New Roman" fontSize="7.5"/>
                </Word>
                <Word id="w_w2aab1b1b2c23b1ac21" language="English" custom="readingOrder {index:1;}">
                    <Coords points="644,1448 729,1448 729,1484 644,1484"/>
                    <TextEquiv>
                        <Unicode>pièce</Unicode>
                    </TextEquiv>
                    <TextStyle fontFamily="Times New Roman" fontSize="7.5"/>
                </Word>
                <Word id="w_w2aab1b1b2c23b1ac33" language="English" custom="readingOrder {index:2;}">
                    <Coords points="744,1446 823,1446 823,1474 744,1474"/>
                    <TextEquiv>
                        <Unicode>dans</Unicode>
                    </TextEquiv>
                    <TextStyle fontFamily="Times New Roman" fontSize="7.5"/>
                </Word>
                <Word id="w_w2aab1b1b2c23b1ac43" language="English" custom="readingOrder {index:3;}">
                    <Coords points="836,1443 969,1443 969,1478 836,1478"/>
                    <TextEquiv>
                        <Unicode>laquelle</Unicode>
                    </TextEquiv>
                    <TextStyle fontFamily="Times New Roman" fontSize="7.5"/>
                </Word>
                <Word id="w_w2aab1b1b2c23b1ac61" language="English" custom="readingOrder {index:4;}">
                    <Coords points="983,1442 1004,1442 1004,1469 983,1469"/>
                    <TextEquiv>
                        <Unicode>il</Unicode>
                    </TextEquiv>
                    <TextStyle fontFamily="Times New Roman" fontSize="7.5"/>
                </Word>
                <Word id="w_w2aab1b1b2c23b1ac67" language="English" custom="readingOrder {index:5;}">
                    <Coords points="1018,1439 1140,1439 1140,1468 1018,1468"/>
                    <TextEquiv>
                        <Unicode>l’invite</Unicode>
                    </TextEquiv>
                    <TextStyle fontFamily="Times New Roman" fontSize="7.5"/>
                </Word>
                <Word id="w_w2aab1b1b2c23b1ac85" language="English" custom="readingOrder {index:6;}">
                    <Coords points="1155,1438 1173,1438 1173,1464 1155,1464"/>
                    <TextEquiv>
                        <Unicode>à</Unicode>
                    </TextEquiv>
                    <TextStyle fontFamily="Times New Roman" fontSize="7.5"/>
                </Word>
                <Word id="w_w2aab1b1b2c23b1ac89" language="English" custom="readingOrder {index:7;}">
                    <Coords points="1186,1436 1275,1436 1275,1464 1186,1464"/>
                    <TextEquiv>
                        <Unicode>venir</Unicode>
                    </TextEquiv>
                    <TextStyle fontFamily="Times New Roman" fontSize="7.5"/>
                </Word>
                <Word id="w_w2aab1b1b2c23b1ad101" language="English" custom="readingOrder {index:8;}">
                    <Coords points="1290,1435 1308,1435 1308,1461 1290,1461"/>
                    <TextEquiv>
                        <Unicode>à</Unicode>
                    </TextEquiv>
                    <TextStyle fontFamily="Times New Roman" fontSize="7.5"/>
                </Word>
                <Word id="w_w2aab1b1b2c23b1ad105" language="English" custom="readingOrder {index:9;}">
                    <Coords points="1324,1433 1411,1433 1411,1461 1324,1461"/>
                    <TextEquiv>
                        <Unicode>Paris</Unicode>
                    </TextEquiv>
                    <TextStyle fontFamily="Times New Roman" fontSize="7.5"/>
                </Word>
                <Word id="w_w2aab1b1b2c23b1ad117" language="English" custom="readingOrder {index:10;}">
                    <Coords points="1427,1431 1518,1431 1518,1465 1427,1465"/>
                    <TextEquiv>
                        <Unicode>(pour</Unicode>
                    </TextEquiv>
                    <TextStyle fontFamily="Times New Roman" fontSize="7.5"/>
                </Word>
                <Word id="w_w2aab1b1b2c23b1ad129" language="English" custom="readingOrder {index:11;}">
                    <Coords points="1533,1428 1660,1428 1660,1456 1533,1456"/>
                    <TextEquiv>
                        <Unicode>assister</Unicode>
                    </TextEquiv>
                    <TextStyle fontFamily="Times New Roman" fontSize="7.5"/>
                </Word>
                <Word id="w_w2aab1b1b2c23b1ad147" language="English" custom="readingOrder {index:12;}">
                    <Coords points="1674,1433 1738,1433 1738,1453 1674,1453"/>
                    <TextEquiv>
                        <Unicode>aux</Unicode>
                    </TextEquiv>
                    <TextStyle fontFamily="Times New Roman" fontSize="7.5"/>
                </Word>
                <TextEquiv>
                    <Unicode>Précieuse pièce dans laquelle il l’invite à venir à Paris (pour assister aux</Unicode>
                </TextEquiv>
                <TextStyle fontFamily="Times New Roman" fontSize="7.5"/>
            </TextLine>
            <TextLine id="tl_23" primaryLanguage="English" custom="readingOrder {index:1;}">
                <Coords points="429,1468 1739,1468 1739,1533 429,1533"/>
                <Baseline points="429,1526 508,1525 657,1521 687,1520 864,1515 919,1514 1068,1511 1118,1510 1272,1505 1316,1505 1405,1503 1446,1501 1518,1501 1663,1497 1721,1503 1739,1501"/>
                <Word id="w_w2aab1b1b2c23b3ab1" language="English" custom="readingOrder {index:0;}">
                    <Coords points="429,1498 508,1498 508,1526 429,1526"/>
                    <TextEquiv>
                        <Unicode>fêtes</Unicode>
                    </TextEquiv>
                    <TextStyle fontFamily="Times New Roman" fontSize="7.5"/>
                </Word>
                <Word id="w_w2aab1b1b2c23b3ac13" language="English" custom="readingOrder {index:1;}">
                    <Coords points="519,1495 657,1495 657,1524 519,1524"/>
                    <TextEquiv>
                        <Unicode>données</Unicode>
                    </TextEquiv>
                    <TextStyle fontFamily="Times New Roman" fontSize="7.5"/>
                </Word>
                <Word id="w_w2aab1b1b2c23b3ac29" language="English" custom="readingOrder {index:2;}">
                    <Coords points="669,1493 687,1493 687,1520 669,1520"/>
                    <TextEquiv>
                        <Unicode>à</Unicode>
                    </TextEquiv>
                    <TextStyle fontFamily="Times New Roman" fontSize="7.5"/>
                </Word>
                <Word id="w_w2aab1b1b2c23b3ac33" language="English" custom="readingOrder {index:3;}">
                    <Coords points="699,1490 864,1490 864,1519 699,1519"/>
                    <TextEquiv>
                        <Unicode>l’occasion</Unicode>
                    </TextEquiv>
                    <TextStyle fontFamily="Times New Roman" fontSize="7.5"/>
                </Word>
                <Word id="w_w2aab1b1b2c23b3ac55" language="English" custom="readingOrder {index:4;}">
                    <Coords points="875,1487 919,1487 919,1515 875,1515"/>
                    <TextEquiv>
                        <Unicode>du</Unicode>
                    </TextEquiv>
                    <TextStyle fontFamily="Times New Roman" fontSize="7.5"/>
                </Word>
                <Word id="w_w2aab1b1b2c23b3ac61" language="English" custom="readingOrder {index:5;}">
                    <Coords points="929,1486 1068,1486 1068,1519 929,1519"/>
                    <TextEquiv>
                        <Unicode>mariage</Unicode>
                    </TextEquiv>
                    <TextStyle fontFamily="Times New Roman" fontSize="7.5"/>
                </Word>
                <Word id="w_w2aab1b1b2c23b3ac77" language="English" custom="readingOrder {index:6;}">
                    <Coords points="1079,1484 1118,1484 1118,1510 1079,1510"/>
                    <TextEquiv>
                        <Unicode>de</Unicode>
                    </TextEquiv>
                    <TextStyle fontFamily="Times New Roman" fontSize="7.5"/>
                </Word>
                <Word id="w_w2aab1b1b2c23b3ac83" language="English" custom="readingOrder {index:7;}">
                    <Coords points="1130,1481 1272,1481 1272,1515 1130,1515"/>
                    <TextEquiv>
                        <Unicode>Philippe</Unicode>
                    </TextEquiv>
                    <TextStyle fontFamily="Times New Roman" fontSize="7.5"/>
                </Word>
                <Word id="w_w2aab1b1b2c23b3ad101" language="English" custom="readingOrder {index:8;}">
                    <Coords points="1284,1478 1316,1478 1316,1505 1284,1505"/>
                    <TextEquiv>
                        <Unicode>II</Unicode>
                    </TextEquiv>
                    <TextStyle fontFamily="Times New Roman" fontSize="7.5"/>
                </Word>
                <Word id="w_w2aab1b1b2c23b3ad107" language="English" custom="readingOrder {index:9;}">
                    <Coords points="1329,1484 1405,1484 1405,1503 1329,1503"/>
                    <TextEquiv>
                        <Unicode>avec</Unicode>
                    </TextEquiv>
                    <TextStyle fontFamily="Times New Roman" fontSize="7.5"/>
                </Word>
                <Word id="w_w2aab1b1b2c23b3ad117" language="English" custom="readingOrder {index:10;}">
                    <Coords points="1416,1476 1446,1476 1446,1501 1416,1501"/>
                    <TextEquiv>
                        <Unicode>la</Unicode>
                    </TextEquiv>
                    <TextStyle fontFamily="Times New Roman" fontSize="7.5"/>
                </Word>
                <Word id="w_w2aab1b1b2c23b3ad123" language="English" custom="readingOrder {index:11;}">
                    <Coords points="1457,1474 1518,1474 1518,1501 1457,1501"/>
                    <TextEquiv>
                        <Unicode>fille</Unicode>
                    </TextEquiv>
                    <TextStyle fontFamily="Times New Roman" fontSize="7.5"/>
                </Word>
                <Word id="w_w2aab1b1b2c23b3ad135" language="English" custom="readingOrder {index:12;}">
                    <Coords points="1529,1470 1663,1470 1663,1500 1529,1500"/>
                    <TextEquiv>
                        <Unicode>d’Henri</Unicode>
                    </TextEquiv>
                    <TextStyle fontFamily="Times New Roman" fontSize="7.5"/>
                </Word>
                <Word id="w_w2aab1b1b2c23b3ad151" language="English" custom="readingOrder {index:13;}">
                    <Coords points="1675,1469 1721,1469 1721,1503 1675,1503"/>
                    <TextEquiv>
                        <Unicode>II)</Unicode>
                    </TextEquiv>
                    <TextStyle fontFamily="Times New Roman" fontSize="7.5"/>
                </Word>
                <Word id="w_w2aab1b1b2c23b3ad159" language="English" custom="readingOrder {index:14;}">
                    <Coords points="1730,1476 1739,1476 1739,1501 1730,1501"/>
                    <TextEquiv>
                        <Unicode>;</Unicode>
                    </TextEquiv>
                    <TextStyle fontFamily="Times New Roman" fontSize="7.5"/>
                </Word>
                <TextEquiv>
                    <Unicode>fêtes données à l’occasion du mariage de Philippe II avec la fille d’Henri II) ;</Unicode>
                </TextEquiv>
                <TextStyle fontFamily="Times New Roman" fontSize="7.5"/>
            </TextLine>
            <TextLine id="tl_24" primaryLanguage="English" custom="readingOrder {index:2;}">
                <Coords points="430,1511 1741,1511 1741,1578 430,1578"/>
                <Baseline points="430,1570 450,1569 512,1567 677,1564 756,1563 831,1561 897,1558 956,1557 1064,1555 1303,1554 1377,1547 1497,1544 1534,1543 1583,1542 1683,1540 1741,1540"/>
                <Word id="w_w2aab1b1b2c23b5ab1" language="English" custom="readingOrder {index:0;}">
                    <Coords points="430,1543 450,1543 450,1570 430,1570"/>
                    <TextEquiv>
                        <Unicode>il</Unicode>
                    </TextEquiv>
                    <TextStyle fontFamily="Times New Roman" fontSize="7.5"/>
                </Word>
                <Word id="w_w2aab1b1b2c23b5ab7" language="English" custom="readingOrder {index:1;}">
                    <Coords points="469,1541 512,1541 512,1568 469,1568"/>
                    <TextEquiv>
                        <Unicode>lui</Unicode>
                    </TextEquiv>
                    <TextStyle fontFamily="Times New Roman" fontSize="7.5"/>
                </Word>
                <Word id="w_w2aab1b1b2c23b5ac15" language="English" custom="readingOrder {index:2;}">
                    <Coords points="531,1538 677,1538 677,1574 531,1574"/>
                    <TextEquiv>
                        <Unicode>explique</Unicode>
                    </TextEquiv>
                    <TextStyle fontFamily="Times New Roman" fontSize="7.5"/>
                </Word>
                <Word id="w_w2aab1b1b2c23b5ac33" language="English" custom="readingOrder {index:3;}">
                    <Coords points="696,1543 756,1543 756,1571 696,1571"/>
                    <TextEquiv>
                        <Unicode>que</Unicode>
                    </TextEquiv>
                    <TextStyle fontFamily="Times New Roman" fontSize="7.5"/>
                </Word>
                <Word id="w_w2aab1b1b2c23b5ac41" language="English" custom="readingOrder {index:4;}">
                    <Coords points="773,1542 831,1542 831,1562 773,1562"/>
                    <TextEquiv>
                        <Unicode>son</Unicode>
                    </TextEquiv>
                    <TextStyle fontFamily="Times New Roman" fontSize="7.5"/>
                </Word>
                <Word id="w_w2aab1b1b2c23b5ac49" language="English" custom="readingOrder {index:5;}">
                    <Coords points="849,1532 897,1532 897,1560 849,1560"/>
                    <TextEquiv>
                        <Unicode>fils</Unicode>
                    </TextEquiv>
                    <TextStyle fontFamily="Times New Roman" fontSize="7.5"/>
                </Word>
                <Word id="w_w2aab1b1b2c23b5ac59" language="English" custom="readingOrder {index:6;}">
                    <Coords points="917,1531 956,1531 956,1565 917,1565"/>
                    <TextEquiv>
                        <Unicode>(le</Unicode>
                    </TextEquiv>
                    <TextStyle fontFamily="Times New Roman" fontSize="7.5"/>
                </Word>
                <Word id="w_w2aab1b1b2c23b5ac67" language="English" custom="readingOrder {index:7;}">
                    <Coords points="974,1529 1064,1529 1064,1556 974,1556"/>
                    <TextEquiv>
                        <Unicode>futur</Unicode>
                    </TextEquiv>
                    <TextStyle fontFamily="Times New Roman" fontSize="7.5"/>
                </Word>
                <Word id="w_w2aab1b1b2c23b5ac79" language="English" custom="readingOrder {index:8;}">
                    <Coords points="1080,1523 1303,1523 1303,1560 1080,1560"/>
                    <TextEquiv>
                        <Unicode>Alphonse-II,</Unicode>
                    </TextEquiv>
                    <TextStyle fontFamily="Times New Roman" fontSize="7.5"/>
                </Word>
                <Word id="w_w2aab1b1b2c23b5ad105" language="English" custom="readingOrder {index:9;}">
                    <Coords points="1322,1520 1377,1520 1377,1556 1322,1556"/>
                    <TextEquiv>
                        <Unicode>qui</Unicode>
                    </TextEquiv>
                    <TextStyle fontFamily="Times New Roman" fontSize="7.5"/>
                </Word>
                <Word id="w_w2aab1b1b2c23b5ad113" language="English" custom="readingOrder {index:10;}">
                    <Coords points="1394,1518 1497,1518 1497,1546 1394,1546"/>
                    <TextEquiv>
                        <Unicode>vivait</Unicode>
                    </TextEquiv>
                    <TextStyle fontFamily="Times New Roman" fontSize="7.5"/>
                </Word>
                <Word id="w_w2aab1b1b2c23b5ad127" language="English" custom="readingOrder {index:11;}">
                    <Coords points="1516,1517 1534,1517 1534,1543 1516,1543"/>
                    <TextEquiv>
                        <Unicode>à</Unicode>
                    </TextEquiv>
                    <TextStyle fontFamily="Times New Roman" fontSize="7.5"/>
                </Word>
                <Word id="w_w2aab1b1b2c23b5ad131" language="English" custom="readingOrder {index:12;}">
                    <Coords points="1552,1516 1583,1516 1583,1542 1552,1542"/>
                    <TextEquiv>
                        <Unicode>la</Unicode>
                    </TextEquiv>
                    <TextStyle fontFamily="Times New Roman" fontSize="7.5"/>
                </Word>
                <Word id="w_w2aab1b1b2c23b5ad137" language="English" custom="readingOrder {index:13;}">
                    <Coords points="1602,1514 1683,1514 1683,1541 1602,1541"/>
                    <TextEquiv>
                        <Unicode>Cour</Unicode>
                    </TextEquiv>
                    <TextStyle fontFamily="Times New Roman" fontSize="7.5"/>
                </Word>
                <Word id="w_w2aab1b1b2c23b5ad147" language="English" custom="readingOrder {index:14;}">
                    <Coords points="1701,1512 1741,1512 1741,1540 1701,1540"/>
                    <TextEquiv>
                        <Unicode>de</Unicode>
                    </TextEquiv>
                    <TextStyle fontFamily="Times New Roman" fontSize="7.5"/>
                </Word>
                <TextEquiv>
                    <Unicode>il lui explique que son fils (le futur Alphonse II, qui vivait à la Cour de</Unicode>
                </TextEquiv>
                <TextStyle fontFamily="Times New Roman" fontSize="7.5"/>
            </TextLine>
            <TextLine id="tl_25" primaryLanguage="English" custom="readingOrder {index:3;}">
                <Coords points="431,1555 1740,1555 1740,1622 431,1622"/>
                <Baseline points="431,1614 561,1619 618,1611 709,1608 846,1605 949,1602 1115,1598 1207,1595 1295,1593 1407,1590 1503,1587 1560,1586 1617,1585 1679,1584 1739,1574"/>
                <Word id="w_w2aab1b1b2c23b7ab1" language="English" custom="readingOrder {index:0;}">
                    <Coords points="431,1585 561,1585 561,1619 431,1619"/>
                    <TextEquiv>
                        <Unicode>France)</Unicode>
                    </TextEquiv>
                    <TextStyle fontFamily="Times New Roman" fontSize="7.5"/>
                </Word>
                <Word id="w_w2aab1b1b2c23b7ac17" language="English" custom="readingOrder {index:1;}">
                    <Coords points="579,1592 618,1592 618,1611 579,1611"/>
                    <TextEquiv>
                        <Unicode>ne</Unicode>
                    </TextEquiv>
                    <TextStyle fontFamily="Times New Roman" fontSize="7.5"/>
                </Word>
                <Word id="w_w2aab1b1b2c23b7ac23" language="English" custom="readingOrder {index:2;}">
                    <Coords points="633,1584 709,1584 709,1617 633,1617"/>
                    <TextEquiv>
                        <Unicode>peut</Unicode>
                    </TextEquiv>
                    <TextStyle fontFamily="Times New Roman" fontSize="7.5"/>
                </Word>
                <Word id="w_w2aab1b1b2c23b7ac33" language="English" custom="readingOrder {index:3;}">
                    <Coords points="727,1579 846,1579 846,1614 727,1614"/>
                    <TextEquiv>
                        <Unicode>quitter</Unicode>
                    </TextEquiv>
                    <TextStyle fontFamily="Times New Roman" fontSize="7.5"/>
                </Word>
                <Word id="w_w2aab1b1b2c23b7ac49" language="English" custom="readingOrder {index:4;}">
                    <Coords points="862,1575 949,1575 949,1604 862,1604"/>
                    <TextEquiv>
                        <Unicode>Paris</Unicode>
                    </TextEquiv>
                    <TextStyle fontFamily="Times New Roman" fontSize="7.5"/>
                </Word>
                <Word id="w_w2aab1b1b2c23b7ac61" language="English" custom="readingOrder {index:5;}">
                    <Coords points="965,1570 1177,1570 1177,1609 965,1609"/>
                    <TextEquiv>
                        <Unicode>pareé-qüë'lë</Unicode>
                    </TextEquiv>
                    <TextStyle fontFamily="Times New Roman" fontSize="7.5"/>
                </Word>
                <Word id="w_w2aab1b1b2c23b7b1b1" language="English" custom="readingOrder {index:6;}">
                    <Coords points="1192,1566 1237,1566 1237,1595 1192,1595"/>
                    <TextEquiv>
                        <Unicode>roi</Unicode>
                    </TextEquiv>
                    <TextStyle fontFamily="Times New Roman" fontSize="8.5"/>
                </Word>
                <Word id="w_w2aab1b1b2c23b7b2b1" language="English" custom="readingOrder {index:7;}">
                    <Coords points="1253,1567 1295,1567 1295,1593 1253,1593"/>
                    <TextEquiv>
                        <Unicode>l’a</Unicode>
                    </TextEquiv>
                    <TextStyle fontFamily="Times New Roman" fontSize="7.5"/>
                </Word>
                <Word id="w_w2aab1b1b2c23b7b2b9" language="English" custom="readingOrder {index:8;}">
                    <Coords points="1309,1564 1407,1564 1407,1593 1309,1593"/>
                    <TextEquiv>
                        <Unicode>choisi</Unicode>
                    </TextEquiv>
                    <TextStyle fontFamily="Times New Roman" fontSize="7.5"/>
                </Word>
                <Word id="w_w2aab1b1b2c23b7b2c23" language="English" custom="readingOrder {index:9;}">
                    <Coords points="1422,1569 1503,1569 1503,1597 1422,1597"/>
                    <TextEquiv>
                        <Unicode>pour</Unicode>
                    </TextEquiv>
                    <TextStyle fontFamily="Times New Roman" fontSize="7.5"/>
                </Word>
                <Word id="w_w2aab1b1b2c23b7b2c33" language="English" custom="readingOrder {index:10;}">
                    <Coords points="1517,1567 1560,1567 1560,1586 1517,1586"/>
                    <TextEquiv>
                        <Unicode>un</Unicode>
                    </TextEquiv>
                    <TextStyle fontFamily="Times New Roman" fontSize="7.5"/>
                </Word>
                <Word id="w_w2aab1b1b2c23b7b2c39" language="English" custom="readingOrder {index:11;}">
                    <Coords points="1577,1558 1617,1558 1617,1586 1577,1586"/>
                    <TextEquiv>
                        <Unicode>de</Unicode>
                    </TextEquiv>
                    <TextStyle fontFamily="Times New Roman" fontSize="7.5"/>
                </Word>
                <Word id="w_w2aab1b1b2c23b7b2c45" language="English" custom="readingOrder {index:12;}">
                    <Coords points="1630,1565 1679,1565 1679,1585 1630,1585"/>
                    <TextEquiv>
                        <Unicode>ses</Unicode>
                    </TextEquiv>
                    <TextStyle fontFamily="Times New Roman" fontSize="7.5"/>
                </Word>
                <Word id="w_w2aab1b1b2c23b7b2c53" language="English" custom="readingOrder {index:13;}">
                    <Coords points="1695,1558 1739,1558 1739,1583 1695,1583"/>
                    <TextEquiv>
                        <Unicode>te¬</Unicode>
                    </TextEquiv>
                    <TextStyle fontFamily="Times New Roman" fontSize="7.5"/>
                </Word>
                <TextEquiv>
                    <Unicode>France) ne peut quitter Paris parce que le roi l’a choisi pour un de ses te¬</Unicode>
                </TextEquiv>
            </TextLine>
            <TextLine id="tl_26" primaryLanguage="English" custom="readingOrder {index:4;}">
                <Coords points="430,1599 1743,1599 1743,1666 430,1666"/>
                <Baseline points="431,1659 526,1658 621,1655 664,1654 817,1649 930,1646 987,1646 1094,1643 1148,1642 1199,1640 1340,1635 1509,1631 1558,1630 1624,1628 1743,1627"/>
                <Word id="w_w2aab1b1b2c23b9ab1" language="English" custom="readingOrder {index:0;}">
                    <Coords points="431,1634 526,1634 526,1659 431,1659"/>
                    <TextEquiv>
                        <Unicode>nants</Unicode>
                    </TextEquiv>
                    <TextStyle fontFamily="Times New Roman" fontSize="7.5"/>
                </Word>
                <Word id="w_w2aab1b1b2c23b9ac13" language="English" custom="readingOrder {index:1;}">
                    <Coords points="542,1629 621,1629 621,1656 542,1656"/>
                    <TextEquiv>
                        <Unicode>dans</Unicode>
                    </TextEquiv>
                    <TextStyle fontFamily="Times New Roman" fontSize="7.5"/>
                </Word>
                <Word id="w_w2aab1b1b2c23b9ac23" language="English" custom="readingOrder {index:2;}">
                    <Coords points="637,1627 664,1627 664,1654 637,1654"/>
                    <TextEquiv>
                        <Unicode>le</Unicode>
                    </TextEquiv>
                    <TextStyle fontFamily="Times New Roman" fontSize="7.5"/>
                </Word>
                <Word id="w_w2aab1b1b2c23b9ac29" language="English" custom="readingOrder {index:3;}">
                    <Coords points="680,1623 817,1623 817,1653 680,1653"/>
                    <TextEquiv>
                        <Unicode>tournoi.</Unicode>
                    </TextEquiv>
                    <TextStyle fontFamily="Times New Roman" fontSize="7.5"/>
                </Word>
                <Word id="w_w2aab1b1b2c23b9ac47" language="English" custom="readingOrder {index:4;}">
                    <Coords points="831,1621 930,1621 930,1656 831,1656"/>
                    <TextEquiv>
                        <Unicode>-(C’est</Unicode>
                    </TextEquiv>
                    <TextStyle fontFamily="Times New Roman" fontSize="7.5"/>
                </Word>
                <Word id="w_w2aab1b1b2c23b9ac63" language="English" custom="readingOrder {index:5;}">
                    <Coords points="947,1626 987,1626 987,1646 947,1646"/>
                    <TextEquiv>
                        <Unicode>au</Unicode>
                    </TextEquiv>
                    <TextStyle fontFamily="Times New Roman" fontSize="7.5"/>
                </Word>
                <Word id="w_w2aab1b1b2c23b9ac69" language="English" custom="readingOrder {index:6;}">
                    <Coords points="1004,1624 1094,1624 1094,1646 1004,1646"/>
                    <TextEquiv>
                        <Unicode>cours</Unicode>
                    </TextEquiv>
                    <TextStyle fontFamily="Times New Roman" fontSize="7.5"/>
                </Word>
                <Word id="w_w2aab1b1b2c23b9ac81" language="English" custom="readingOrder {index:7;}">
                    <Coords points="1110,1615 1148,1615 1148,1642 1110,1642"/>
                    <TextEquiv>
                        <Unicode>de</Unicode>
                    </TextEquiv>
                    <TextStyle fontFamily="Times New Roman" fontSize="7.5"/>
                </Word>
                <Word id="w_w2aab1b1b2c23b9ac87" language="English" custom="readingOrder {index:8;}">
                    <Coords points="1164,1621 1199,1621 1199,1641 1164,1641"/>
                    <TextEquiv>
                        <Unicode>ce</Unicode>
                    </TextEquiv>
                    <TextStyle fontFamily="Times New Roman" fontSize="7.5"/>
                </Word>
                <Word id="w_w2aab1b1b2c23b9ac93" language="English" custom="readingOrder {index:9;}">
                    <Coords points="1214,1609 1340,1609 1340,1638 1214,1638"/>
                    <TextEquiv>
                        <Unicode>tournoi</Unicode>
                    </TextEquiv>
                    <TextStyle fontFamily="Times New Roman" fontSize="7.5"/>
                </Word>
                <Word id="w_w2aab1b1b2c23b9ad109" language="English" custom="readingOrder {index:10;}">
                    <Coords points="1356,1604 1509,1604 1509,1642 1356,1642"/>
                    <TextEquiv>
                        <Unicode>qu’Henri</Unicode>
                    </TextEquiv>
                    <TextStyle fontFamily="Times New Roman" fontSize="7.5"/>
                </Word>
                <Word id="w_w2aab1b1b2c23b9ad127" language="English" custom="readingOrder {index:11;}">
                    <Coords points="1526,1603 1558,1603 1558,1631 1526,1631"/>
                    <TextEquiv>
                        <Unicode>II</Unicode>
                    </TextEquiv>
                    <TextStyle fontFamily="Times New Roman" fontSize="7.5"/>
                </Word>
                <Word id="w_w2aab1b1b2c23b9ad133" language="English" custom="readingOrder {index:12;}">
                    <Coords points="1576,1603 1624,1603 1624,1630 1576,1630"/>
                    <TextEquiv>
                        <Unicode>fut</Unicode>
                    </TextEquiv>
                    <TextStyle fontFamily="Times New Roman" fontSize="7.5"/>
                </Word>
                <Word id="w_w2aab1b1b2c23b9ad141" language="English" custom="readingOrder {index:13;}">
                    <Coords points="1640,1599 1743,1599 1743,1628 1640,1628"/>
                    <TextEquiv>
                        <Unicode>blessé</Unicode>
                    </TextEquiv>
                    <TextStyle fontFamily="Times New Roman" fontSize="7.5"/>
                </Word>
                <TextEquiv>
                    <Unicode>nants dans le tournoi. -(C’est au cours de ce tournoi qu’Henri II fut blessé</Unicode>
                </TextEquiv>
                <TextStyle fontFamily="Times New Roman" fontSize="7.5"/>
            </TextLine>
            <TextLine id="tl_27" primaryLanguage="English" custom="readingOrder {index:5;}">
                <Coords points="430,1662 1037,1662 1037,1712 430,1712"/>
                <Baseline points="431,1705 662,1698 741,1696 1037,1688"/>
                <Word id="w_w2aab1b1b2c23c11ab1" language="English" custom="readingOrder {index:0;}">
                    <Coords points="431,1673 662,1673 662,1705 431,1705"/>
                    <TextEquiv>
                        <Unicode>mortellement</Unicode>
                    </TextEquiv>
                    <TextStyle fontFamily="Times New Roman" fontSize="7.5"/>
                </Word>
                <Word id="w_w2aab1b1b2c23c11ac27" language="English" custom="readingOrder {index:1;}">
                    <Coords points="684,1677 741,1677 741,1706 684,1706"/>
                    <TextEquiv>
                        <Unicode>par</Unicode>
                    </TextEquiv>
                    <TextStyle fontFamily="Times New Roman" fontSize="7.5"/>
                </Word>
                <Word id="w_w2aab1b1b2c23c11ac35" language="English" custom="readingOrder {index:2;}">
                    <Coords points="762,1662 1037,1662 1037,1701 762,1701"/>
                    <TextEquiv>
                        <Unicode>Montgommery).</Unicode>
                    </TextEquiv>
                    <TextStyle fontFamily="Times New Roman" fontSize="7.5"/>
                </Word>
                <TextEquiv>
                    <Unicode>mortellement par Montgommery).</Unicode>
                </TextEquiv>
                <TextStyle fontFamily="Times New Roman" fontSize="7.5"/>
            </TextLine>
            <TextEquiv>
                <Unicode>Précieuse pièce dans laquelle il l’invite à venir à Paris (pour assister aux
fêtes données à l’occasion du mariage de Philippe II avec la fille d’Henri II) ;
il lui explique que son fils (le futur Alphonse II, qui vivait à la Cour de
France) ne peut quitter Paris parce que le roi l’a choisi pour un de ses te¬
nants dans le tournoi. -(C’est au cours de ce tournoi qu’Henri II fut blessé
mortellement par Montgommery).</Unicode>
            </TextEquiv>
        </TextRegion>
        <TextRegion type="paragraph" id="r_1_13" custom="readingOrder {index:13;}">
            <Coords points="281,1714 1746,1714 1746,1801 281,1801"/>
            <TextLine id="tl_28" primaryLanguage="English" custom="readingOrder {index:0;} textStyle {offset:0; length:5;fontSize:0.0; kerning:0; bold:true;} textStyle {offset:48; length:7;italic:true; fontSize:0.0; kerning:0;}">
                <Coords points="282,1715 1745,1715 1745,1800 282,1800"/>
                <Baseline points="282,1789 306,1789 593,1782 755,1777 801,1776 874,1773 1172,1765 1269,1770 1349,1760 1381,1760 1462,1757 1744,1741"/>
                <Word id="w_w2aab1b1b2c25b1ab1" language="English" custom="readingOrder {index:0;}">
                    <Coords points="282,1750 407,1750 407,1789 282,1789"/>
                    <TextEquiv>
                        <Unicode>88114</Unicode>
                    </TextEquiv>
                    <TextStyle fontFamily="Times New Roman" fontSize="9.5" bold="true"/>
                </Word>
                <Word id="w_w2aab1b1b2c25b1b1b3" language="English" custom="readingOrder {index:1;}">
                    <Coords points="433,1746 593,1746 593,1786 433,1786"/>
                    <TextEquiv>
                        <Unicode>GUISE</Unicode>
                    </TextEquiv>
                    <TextStyle fontFamily="Times New Roman" fontSize="9.5"/>
                </Word>
                <Word id="w_w2aab1b1b2c25b1b1c15" language="English" custom="readingOrder {index:2;}">
                    <Coords points="618,1741 755,1741 755,1792 618,1792"/>
                    <TextEquiv>
                        <Unicode>(Henri</Unicode>
                    </TextEquiv>
                    <TextStyle fontFamily="Times New Roman" fontSize="9.5"/>
                </Word>
                <Word id="w_w2aab1b1b2c25b1b1c29" language="English" custom="readingOrder {index:3;}">
                    <Coords points="775,1735 823,1735 823,1776 775,1776"/>
                    <TextEquiv>
                        <Unicode>de</Unicode>
                    </TextEquiv>
                    <TextStyle fontFamily="Times New Roman" fontSize="9.5"/>
                </Word>
                <Word id="w_w2aab1b1b2c25b1b2b1" language="English" custom="readingOrder {index:4;}">
                    <Coords points="844,1733 1074,1733 1074,1775 844,1775"/>
                    <TextEquiv>
                        <Unicode>Lorraine,</Unicode>
                    </TextEquiv>
                    <TextStyle fontFamily="Times New Roman" fontSize="7.5"/>
                </Word>
                <Word id="w_w2aab1b1b2c25b1b3b1" language="English" custom="readingOrder {index:5;}">
                    <Coords points="1097,1732 1172,1732 1172,1768 1097,1768"/>
                    <TextEquiv>
                        <Unicode>duc</Unicode>
                    </TextEquiv>
                    <TextStyle fontFamily="Times New Roman" fontSize="9.5"/>
                </Word>
                <Word id="w_w2aab1b1b2c25b1b3b9" language="English" custom="readingOrder {index:6;}">
                    <Coords points="1193,1727 1269,1727 1269,1774 1193,1774"/>
                    <TextEquiv>
                        <Unicode>de),</Unicode>
                    </TextEquiv>
                    <TextStyle fontFamily="Times New Roman" fontSize="9.5"/>
                </Word>
                <Word id="w_w2aab1b1b2c25b1b3c19" language="English" custom="readingOrder {index:7;}">
                    <Coords points="1292,1724 1349,1724 1349,1762 1292,1762"/>
                    <TextEquiv>
                        <Unicode>dit</Unicode>
                    </TextEquiv>
                    <TextStyle fontFamily="Times New Roman" fontSize="9.5"/>
                </Word>
                <Word id="w_w2aab1b1b2c25b1b3c27" language="English" custom="readingOrder {index:8;}">
                    <Coords points="1370,1722 1404,1722 1404,1760 1370,1760"/>
                    <TextEquiv>
                        <Unicode>le</Unicode>
                    </TextEquiv>
                    <TextStyle fontFamily="Times New Roman" fontSize="9.5"/>
                </Word>
                <Word id="w_w2aab1b1b2c25b1b4b1" language="English" custom="readingOrder {index:9;}">
                    <Coords points="1428,1719 1595,1719 1595,1766 1428,1766"/>
                    <TextEquiv>
                        <Unicode>Balafré,</Unicode>
                    </TextEquiv>
                    <TextStyle fontFamily="Times New Roman" fontSize="9.5" italic="true"/>
                </Word>
                <Word id="w_w2aab1b1b2c25b1b5b3" language="English" custom="readingOrder {index:10;}">
                    <Coords points="1617,1727 1744,1727 1744,1754 1617,1754"/>
                    <TextEquiv>
                        <Unicode>assas¬</Unicode>
                    </TextEquiv>
                    <TextStyle fontFamily="Times New Roman" fontSize="9.5"/>
                </Word>
                <TextEquiv>
                    <Unicode>88114 GUISE (Henri de Lorraine, duc de), dit le Balafré, assas¬</Unicode>
                </TextEquiv>
            </TextLine>
            <TextEquiv>
                <Unicode>88114 GUISE (Henri de Lorraine, duc de), dit le Balafré, assas¬</Unicode>
            </TextEquiv>
        </TextRegion>
        <TextRegion type="paragraph" id="r_1_14" custom="readingOrder {index:14;}">
            <Coords points="508,1769 1745,1769 1745,1963 508,1963"/>
            <TextLine id="tl_29" primaryLanguage="English" custom="readingOrder {index:0;}">
                <Coords points="509,1770 1742,1770 1742,1847 509,1847"/>
                <Baseline points="510,1840 593,1837 638,1836 764,1833 833,1830 963,1828 1039,1814 1099,1824 1220,1826 1372,1815 1442,1812 1532,1810 1742,1813"/>
                <Word id="w_w2aab1b1b2c27b1ab1" language="English" custom="readingOrder {index:0;}">
                    <Coords points="510,1802 593,1802 593,1840 510,1840"/>
                    <TextEquiv>
                        <Unicode>siné</Unicode>
                    </TextEquiv>
                    <TextStyle fontFamily="Times New Roman" fontSize="9.5"/>
                </Word>
                <Word id="w_w2aab1b1b2c27b1ac11" language="English" custom="readingOrder {index:1;}">
                    <Coords points="614,1801 638,1801 638,1836 614,1836"/>
                    <TextEquiv>
                        <Unicode>à</Unicode>
                    </TextEquiv>
                    <TextStyle fontFamily="Times New Roman" fontSize="9.5"/>
                </Word>
                <Word id="w_w2aab1b1b2c27b1ac15" language="English" custom="readingOrder {index:2;}">
                    <Coords points="658,1797 764,1797 764,1835 658,1835"/>
                    <TextEquiv>
                        <Unicode>Blois</Unicode>
                    </TextEquiv>
                    <TextStyle fontFamily="Times New Roman" fontSize="9.5"/>
                </Word>
                <Word id="w_w2aab1b1b2c27b1ac27" language="English" custom="readingOrder {index:3;}">
                    <Coords points="786,1806 833,1806 833,1831 786,1831"/>
                    <TextEquiv>
                        <Unicode>en</Unicode>
                    </TextEquiv>
                    <TextStyle fontFamily="Times New Roman" fontSize="9.5"/>
                </Word>
                <Word id="w_w2aab1b1b2c27b1ac33" language="English" custom="readingOrder {index:4;}">
                    <Coords points="856,1791 963,1791 963,1839 856,1839"/>
                    <TextEquiv>
                        <Unicode>1588.</Unicode>
                    </TextEquiv>
                    <TextStyle fontFamily="Times New Roman" fontSize="9.5"/>
                </Word>
                <Word id="w_w2aab1b1b2c27b1ac45" language="English" custom="readingOrder {index:5;}">
                    <Coords points="989,1810 1039,1810 1039,1814 989,1814"/>
                    <TextEquiv>
                        <Unicode>—</Unicode>
                    </TextEquiv>
                    <TextStyle fontFamily="Times New Roman" fontSize="9.5"/>
                </Word>
                <Word id="w_w2aab1b1b2c27b1ac49" language="English" custom="readingOrder {index:6;}">
                    <Coords points="1058,1787 1099,1787 1099,1824 1058,1824"/>
                    <TextEquiv>
                        <Unicode>L.</Unicode>
                    </TextEquiv>
                    <TextStyle fontFamily="Times New Roman" fontSize="9.5"/>
                </Word>
                <Word id="w_w2aab1b1b2c27b1ac55" language="English" custom="readingOrder {index:7;}">
                    <Coords points="1124,1789 1220,1789 1220,1826 1124,1826"/>
                    <TextEquiv>
                        <Unicode>aut.,</Unicode>
                    </TextEquiv>
                    <TextStyle fontFamily="Times New Roman" fontSize="9.5"/>
                </Word>
                <Word id="w_w2aab1b1b2c27b1ac67" language="English" custom="readingOrder {index:8;}">
                    <Coords points="1242,1780 1372,1780 1372,1829 1242,1829"/>
                    <TextEquiv>
                        <Unicode>signée</Unicode>
                    </TextEquiv>
                    <TextStyle fontFamily="Times New Roman" fontSize="9.5"/>
                </Word>
                <Word id="w_w2aab1b1b2c27b1ac81" language="English" custom="readingOrder {index:9;}">
                    <Coords points="1394,1777 1442,1777 1442,1814 1394,1814"/>
                    <TextEquiv>
                        <Unicode>de</Unicode>
                    </TextEquiv>
                    <TextStyle fontFamily="Times New Roman" fontSize="9.5"/>
                </Word>
                <Word id="w_w2aab1b1b2c27b1ac87" language="English" custom="readingOrder {index:10;}">
                    <Coords points="1461,1787 1532,1787 1532,1813 1461,1813"/>
                    <TextEquiv>
                        <Unicode>son</Unicode>
                    </TextEquiv>
                    <TextStyle fontFamily="Times New Roman" fontSize="9.5"/>
                </Word>
                <Word id="w_w2aab1b1b2c27b1ac95" language="English" custom="readingOrder {index:11;}">
                    <Coords points="1552,1771 1742,1771 1742,1821 1552,1821"/>
                    <TextEquiv>
                        <Unicode>paraphe,</Unicode>
                    </TextEquiv>
                    <TextStyle fontFamily="Times New Roman" fontSize="9.5"/>
                </Word>
                <TextEquiv>
                    <Unicode>siné à Blois en 1588. — L. aut., signée de son paraphe,</Unicode>
                </TextEquiv>
                <TextStyle fontFamily="Times New Roman" fontSize="9.5"/>
            </TextLine>
            <TextLine id="tl_30" primaryLanguage="English" custom="readingOrder {index:1;}">
                <Coords points="512,1824 1744,1824 1744,1904 512,1904"/>
                <Baseline points="512,1894 535,1894 610,1893 927,1890 1197,1875 1274,1873 1426,1869 1673,1869 1744,1861"/>
                <Word id="w_w2aab1b1b2c27b3ab1" language="English" custom="readingOrder {index:0;}">
                    <Coords points="512,1858 535,1858 535,1894 512,1894"/>
                    <TextEquiv>
                        <Unicode>à</Unicode>
                    </TextEquiv>
                    <TextStyle fontFamily="Times New Roman" fontSize="9.5"/>
                </Word>
                <Word id="w_w2aab1b1b2c27b3ab5" language="English" custom="readingOrder {index:1;}">
                    <Coords points="560,1856 610,1856 610,1893 560,1893"/>
                    <TextEquiv>
                        <Unicode>M.</Unicode>
                    </TextEquiv>
                    <TextStyle fontFamily="Times New Roman" fontSize="9.5"/>
                </Word>
                <Word id="w_w2aab1b1b2c27b3ac11" language="English" custom="readingOrder {index:2;}">
                    <Coords points="639,1850 927,1850 927,1897 639,1897"/>
                    <TextEquiv>
                        <Unicode>d’Entraigues,</Unicode>
                    </TextEquiv>
                    <TextStyle fontFamily="Times New Roman" fontSize="9.5"/>
                </Word>
                <Word id="w_w2aab1b1b2c27b3ac39" language="English" custom="readingOrder {index:3;}">
                    <Coords points="953,1851 1197,1851 1197,1893 953,1893"/>
                    <TextEquiv>
                        <Unicode>gouverneur</Unicode>
                    </TextEquiv>
                    <TextStyle fontFamily="Times New Roman" fontSize="9.5"/>
                </Word>
                <Word id="w_w2aab1b1b2c27b3ac61" language="English" custom="readingOrder {index:4;}">
                    <Coords points="1222,1838 1274,1838 1274,1874 1222,1874"/>
                    <TextEquiv>
                        <Unicode>du</Unicode>
                    </TextEquiv>
                    <TextStyle fontFamily="Times New Roman" fontSize="9.5"/>
                </Word>
                <Word id="w_w2aab1b1b2c27b3ac67" language="English" custom="readingOrder {index:5;}">
                    <Coords points="1300,1833 1426,1833 1426,1872 1300,1872"/>
                    <TextEquiv>
                        <Unicode>duché</Unicode>
                    </TextEquiv>
                    <TextStyle fontFamily="Times New Roman" fontSize="9.5"/>
                </Word>
                <Word id="w_w2aab1b1b2c27b3ac79" language="English" custom="readingOrder {index:6;}">
                    <Coords points="1450,1829 1673,1829 1673,1869 1450,1869"/>
                    <TextEquiv>
                        <Unicode>d’Orléans;</Unicode>
                    </TextEquiv>
                    <TextStyle fontFamily="Times New Roman" fontSize="9.5"/>
                </Word>
                <Word id="w_w2aab1b1b2c27b3ad101" language="English" custom="readingOrder {index:7;}">
                    <Coords points="1700,1836 1744,1836 1744,1861 1700,1861"/>
                    <TextEquiv>
                        <Unicode>ce</Unicode>
                    </TextEquiv>
                    <TextStyle fontFamily="Times New Roman" fontSize="9.5"/>
                </Word>
                <TextEquiv>
                    <Unicode>à M. d’Entraigues, gouverneur du duché d’Orléans; ce</Unicode>
                </TextEquiv>
                <TextStyle fontFamily="Times New Roman" fontSize="9.5"/>
            </TextLine>
            <TextLine id="tl_31" primaryLanguage="English" custom="readingOrder {index:2;}">
                <Coords points="513,1880 1742,1880 1742,1962 513,1962"/>
                <Baseline points="513,1950 644,1955 683,1945 733,1945 819,1953 994,1943 1156,1932 1268,1929 1331,1927 1424,1932 1583,1920 1742,1916"/>
                <Word id="w_w2aab1b1b2c27b5ab1" language="English" custom="readingOrder {index:0;}">
                    <Coords points="513,1912 644,1912 644,1955 513,1955"/>
                    <TextEquiv>
                        <Unicode>treize,</Unicode>
                    </TextEquiv>
                    <TextStyle fontFamily="Times New Roman" fontSize="9.5"/>
                </Word>
                <Word id="w_w2aab1b1b2c27b5ac17" language="English" custom="readingOrder {index:1;}">
                    <Coords points="662,1920 683,1920 683,1945 662,1945"/>
                    <TextEquiv>
                        <Unicode>2</Unicode>
                    </TextEquiv>
                    <TextStyle fontFamily="Times New Roman" fontSize="9.5"/>
                </Word>
                <Word id="w_w2aab1b1b2c27b5ac21" language="English" custom="readingOrder {index:2;}">
                    <Coords points="698,1921 733,1921 733,1958 698,1958"/>
                    <TextEquiv>
                        <Unicode>p.</Unicode>
                    </TextEquiv>
                    <TextStyle fontFamily="Times New Roman" fontSize="9.5"/>
                </Word>
                <Word id="w_w2aab1b1b2c27b5ac27" language="English" custom="readingOrder {index:3;}">
                    <Coords points="755,1908 819,1908 819,1953 755,1953"/>
                    <TextEquiv>
                        <Unicode>r/4</Unicode>
                    </TextEquiv>
                    <TextStyle fontFamily="Times New Roman" fontSize="9.5"/>
                </Word>
                <Word id="w_w2aab1b1b2c27b5ac35" language="English" custom="readingOrder {index:4;}">
                    <Coords points="831,1902 994,1902 994,1943 831,1943"/>
                    <TextEquiv>
                        <Unicode>in-folio,</Unicode>
                    </TextEquiv>
                    <TextStyle fontFamily="Times New Roman" fontSize="9.5"/>
                </Word>
                <Word id="w_w2aab1b1b2c27b5ac55" language="English" custom="readingOrder {index:5;}">
                    <Coords points="1010,1897 1156,1897 1156,1945 1010,1945"/>
                    <TextEquiv>
                        <Unicode>coupée</Unicode>
                    </TextEquiv>
                    <TextStyle fontFamily="Times New Roman" fontSize="9.5"/>
                </Word>
                <Word id="w_w2aab1b1b2c27b5ac69" language="English" custom="readingOrder {index:6;}">
                    <Coords points="1171,1896 1268,1896 1268,1931 1171,1931"/>
                    <TextEquiv>
                        <Unicode>dans</Unicode>
                    </TextEquiv>
                    <TextStyle fontFamily="Times New Roman" fontSize="9.5"/>
                </Word>
                <Word id="w_w2aab1b1b2c27b5ac79" language="English" custom="readingOrder {index:7;}">
                    <Coords points="1277,1892 1331,1892 1331,1928 1277,1928"/>
                    <TextEquiv>
                        <Unicode>les</Unicode>
                    </TextEquiv>
                    <TextStyle fontFamily="Times New Roman" fontSize="9.5"/>
                </Word>
                <Word id="w_w2aab1b1b2c27b5ac87" language="English" custom="readingOrder {index:8;}">
                    <Coords points="1339,1889 1424,1889 1424,1937 1339,1937"/>
                    <TextEquiv>
                        <Unicode>plis,</Unicode>
                    </TextEquiv>
                    <TextStyle fontFamily="Times New Roman" fontSize="9.5"/>
                </Word>
                <Word id="w_w2aab1b1b2c27b5ac99" language="English" custom="readingOrder {index:9;}">
                    <Coords points="1439,1886 1583,1886 1583,1933 1439,1933"/>
                    <TextEquiv>
                        <Unicode>légères</Unicode>
                    </TextEquiv>
                    <TextStyle fontFamily="Times New Roman" fontSize="9.5"/>
                </Word>
                <Word id="w_w2aab1b1b2c27b5ad115" language="English" custom="readingOrder {index:10;}">
                    <Coords points="1597,1881 1742,1881 1742,1919 1597,1919"/>
                    <TextEquiv>
                        <Unicode>taches.</Unicode>
                    </TextEquiv>
                    <TextStyle fontFamily="Times New Roman" fontSize="9.5"/>
                </Word>
                <TextEquiv>
                    <Unicode>treize, 2 p. 1/4 in-folio, coupée dans les plis, légères taches.</Unicode>
                </TextEquiv>
                <TextStyle fontFamily="Times New Roman" fontSize="9.5"/>
            </TextLine>
            <TextEquiv>
                <Unicode>siné à Blois en 1588. — L. aut., signée de son paraphe,
à M. d’Entraigues, gouverneur du duché d’Orléans; ce
treize, 2 p. 1/4 in-folio, coupée dans les plis, légères taches.</Unicode>
            </TextEquiv>
        </TextRegion>
        <TextRegion type="paragraph" id="r_1_15" custom="readingOrder {index:15;}">
            <Coords points="1598,1944 1748,1944 1748,1984 1598,1984"/>
            <TextLine id="tl_32" primaryLanguage="English" custom="readingOrder {index:0;}">
                <Coords points="1599,1945 1747,1945 1747,1983 1599,1983"/>
                <Baseline points="1599,1974 1671,1973 1747,1968"/>
                <Word id="w_w2aab1b1b2c29b1ab1" language="English" custom="readingOrder {index:0;}">
                    <Coords points="1599,1948 1671,1948 1671,1983 1599,1983"/>
                    <TextEquiv>
                        <Unicode>250</Unicode>
                    </TextEquiv>
                    <TextStyle fontFamily="Times New Roman" fontSize="9.5"/>
                </Word>
                <Word id="w_w2aab1b1b2c29b1ab9" language="English" custom="readingOrder {index:1;}">
                    <Coords points="1732,1949 1747,1949 1747,1968 1732,1968"/>
                    <TextEquiv>
                        <Unicode>»</Unicode>
                    </TextEquiv>
                    <TextStyle fontFamily="Times New Roman" fontSize="9.5"/>
                </Word>
                <TextEquiv>
                    <Unicode>250 »</Unicode>
                </TextEquiv>
                <TextStyle fontFamily="Times New Roman" fontSize="9.5"/>
            </TextLine>
            <TextEquiv>
                <Unicode>250 »</Unicode>
            </TextEquiv>
        </TextRegion>
        <TextRegion type="paragraph" id="r_1_16" custom="readingOrder {index:16;}">
            <Coords points="441,1993 1756,1993 1756,2510 441,2510"/>
            <TextLine id="tl_33" primaryLanguage="English" custom="readingOrder {index:0;}">
                <Coords points="482,1994 1750,1994 1750,2060 482,2060"/>
                <Baseline points="482,2058 628,2055 747,2051 792,2049 852,2047 945,2045 1015,2043 1186,2037 1272,2035 1332,2032 1434,2030 1490,2028 1536,2026 1670,2024 1749,2022"/>
                <Word id="w_w2aab1b1b2c31b1ab1" language="English" custom="readingOrder {index:0;}">
                    <Coords points="482,2029 628,2029 628,2058 482,2058"/>
                    <TextEquiv>
                        <Unicode>Curieuse</Unicode>
                    </TextEquiv>
                    <TextStyle fontFamily="Times New Roman" fontSize="7.5"/>
                </Word>
                <Word id="w_w2aab1b1b2c31b1ac19" language="English" custom="readingOrder {index:1;}">
                    <Coords points="644,2027 747,2027 747,2054 644,2054"/>
                    <TextEquiv>
                        <Unicode>lettre.</Unicode>
                    </TextEquiv>
                    <TextStyle fontFamily="Times New Roman" fontSize="7.5"/>
                </Word>
                <Word id="w_w2aab1b1b2c31b1ac35" language="English" custom="readingOrder {index:2;}">
                    <Coords points="767,2023 792,2023 792,2049 767,2049"/>
                    <TextEquiv>
                        <Unicode>Il</Unicode>
                    </TextEquiv>
                    <TextStyle fontFamily="Times New Roman" fontSize="7.5"/>
                </Word>
                <Word id="w_w2aab1b1b2c31b1ac41" language="English" custom="readingOrder {index:3;}">
                    <Coords points="809,2021 852,2021 852,2048 809,2048"/>
                    <TextEquiv>
                        <Unicode>lui</Unicode>
                    </TextEquiv>
                    <TextStyle fontFamily="Times New Roman" fontSize="7.5"/>
                </Word>
                <Word id="w_w2aab1b1b2c31b1ac49" language="English" custom="readingOrder {index:4;}">
                    <Coords points="868,2019 945,2019 945,2046 868,2046"/>
                    <TextEquiv>
                        <Unicode>offre</Unicode>
                    </TextEquiv>
                    <TextStyle fontFamily="Times New Roman" fontSize="7.5"/>
                </Word>
                <Word id="w_w2aab1b1b2c31b1ac61" language="English" custom="readingOrder {index:5;}">
                    <Coords points="961,2016 1015,2016 1015,2044 961,2044"/>
                    <TextEquiv>
                        <Unicode>des</Unicode>
                    </TextEquiv>
                    <TextStyle fontFamily="Times New Roman" fontSize="7.5"/>
                </Word>
                <Word id="w_w2aab1b1b2c31b1ac69" language="English" custom="readingOrder {index:6;}">
                    <Coords points="1032,2012 1186,2012 1186,2041 1032,2041"/>
                    <TextEquiv>
                        <Unicode>tiercelets</Unicode>
                    </TextEquiv>
                    <TextStyle fontFamily="Times New Roman" fontSize="7.5"/>
                </Word>
                <Word id="w_w2aab1b1b2c31b1ac91" language="English" custom="readingOrder {index:7;}">
                    <Coords points="1202,2008 1272,2008 1272,2043 1202,2043"/>
                    <TextEquiv>
                        <Unicode>puis</Unicode>
                    </TextEquiv>
                    <TextStyle fontFamily="Times New Roman" fontSize="7.5"/>
                </Word>
                <Word id="w_w2aab1b1b2c31b1ad101" language="English" custom="readingOrder {index:8;}">
                    <Coords points="1289,2005 1332,2005 1332,2033 1289,2033"/>
                    <TextEquiv>
                        <Unicode>lui</Unicode>
                    </TextEquiv>
                    <TextStyle fontFamily="Times New Roman" fontSize="7.5"/>
                </Word>
                <Word id="w_w2aab1b1b2c31b1ad109" language="English" custom="readingOrder {index:9;}">
                    <Coords points="1348,2004 1434,2004 1434,2039 1348,2039"/>
                    <TextEquiv>
                        <Unicode>parle</Unicode>
                    </TextEquiv>
                    <TextStyle fontFamily="Times New Roman" fontSize="7.5"/>
                </Word>
                <Word id="w_w2aab1b1b2c31b1ad121" language="English" custom="readingOrder {index:10;}">
                    <Coords points="1450,2002 1490,2002 1490,2029 1450,2029"/>
                    <TextEquiv>
                        <Unicode>de</Unicode>
                    </TextEquiv>
                    <TextStyle fontFamily="Times New Roman" fontSize="7.5"/>
                </Word>
                <Word id="w_w2aab1b1b2c31b1ad127" language="English" custom="readingOrder {index:11;}">
                    <Coords points="1507,2000 1536,2000 1536,2028 1507,2028"/>
                    <TextEquiv>
                        <Unicode>la</Unicode>
                    </TextEquiv>
                    <TextStyle fontFamily="Times New Roman" fontSize="7.5"/>
                </Word>
                <Word id="w_w2aab1b1b2c31b1ad133" language="English" custom="readingOrder {index:12;}">
                    <Coords points="1553,2005 1670,2005 1670,2034 1553,2034"/>
                    <TextEquiv>
                        <Unicode>guerre.</Unicode>
                    </TextEquiv>
                    <TextStyle fontFamily="Times New Roman" fontSize="7.5"/>
                </Word>
                <Word id="w_w2aab1b1b2c31b1ad149" language="English" custom="readingOrder {index:13;}">
                    <Coords points="1690,1995 1749,1995 1749,2022 1690,2022"/>
                    <TextEquiv>
                        <Unicode>Les</Unicode>
                    </TextEquiv>
                    <TextStyle fontFamily="Times New Roman" fontSize="7.5"/>
                </Word>
                <TextEquiv>
                    <Unicode>Curieuse lettre. Il lui offre des tiercelets puis lui parle de la guerre. Les</Unicode>
                </TextEquiv>
                <TextStyle fontFamily="Times New Roman" fontSize="7.5"/>
            </TextLine>
            <TextLine id="tl_34" primaryLanguage="English" custom="readingOrder {index:1;}">
                <Coords points="442,2038 1748,2038 1748,2111 442,2111"/>
                <Baseline points="442,2102 586,2100 811,2094 867,2091 997,2087 1064,2086 1128,2083 1257,2079 1309,2077 1509,2080 1524,2078 1571,2070 1671,2067 1747,2066"/>
                <Word id="w_w2aab1b1b2c31b3ab1" language="English" custom="readingOrder {index:0;}">
                    <Coords points="442,2076 586,2076 586,2110 442,2110"/>
                    <TextEquiv>
                        <Unicode>ivrognes</Unicode>
                    </TextEquiv>
                    <TextStyle fontFamily="Times New Roman" fontSize="7.5"/>
                </Word>
                <Word id="w_w2aab1b1b2c31b3ac19" language="English" custom="readingOrder {index:1;}">
                    <Coords points="596,2070 811,2070 811,2102 596,2102"/>
                    <TextEquiv>
                        <Unicode>d’Allemagne</Unicode>
                    </TextEquiv>
                    <TextStyle fontFamily="Times New Roman" fontSize="7.5"/>
                </Word>
                <Word id="w_w2aab1b1b2c31b3ac43" language="English" custom="readingOrder {index:2;}">
                    <Coords points="828,2073 867,2073 867,2093 828,2093"/>
                    <TextEquiv>
                        <Unicode>ne</Unicode>
                    </TextEquiv>
                    <TextStyle fontFamily="Times New Roman" fontSize="7.5"/>
                </Word>
                <Word id="w_w2aab1b1b2c31b3ac49" language="English" custom="readingOrder {index:3;}">
                    <Coords points="876,2063 997,2063 997,2092 876,2092"/>
                    <TextEquiv>
                        <Unicode>sortent</Unicode>
                    </TextEquiv>
                    <TextStyle fontFamily="Times New Roman" fontSize="7.5"/>
                </Word>
                <Word id="w_w2aab1b1b2c31b3ac65" language="English" custom="readingOrder {index:4;}">
                    <Coords points="1009,2068 1064,2068 1064,2095 1009,2095"/>
                    <TextEquiv>
                        <Unicode>pas</Unicode>
                    </TextEquiv>
                    <TextStyle fontFamily="Times New Roman" fontSize="7.5"/>
                </Word>
                <Word id="w_w2aab1b1b2c31b3ac73" language="English" custom="readingOrder {index:5;}">
                    <Coords points="1073,2058 1128,2058 1128,2085 1073,2085"/>
                    <TextEquiv>
                        <Unicode>des</Unicode>
                    </TextEquiv>
                    <TextStyle fontFamily="Times New Roman" fontSize="7.5"/>
                </Word>
                <Word id="w_w2aab1b1b2c31b3ac81" language="English" custom="readingOrder {index:6;}">
                    <Coords points="1138,2053 1257,2053 1257,2084 1138,2084"/>
                    <TextEquiv>
                        <Unicode>étables</Unicode>
                    </TextEquiv>
                    <TextStyle fontFamily="Times New Roman" fontSize="7.5"/>
                </Word>
                <Word id="w_w2aab1b1b2c31b3ac97" language="English" custom="readingOrder {index:7;}">
                    <Coords points="1270,2051 1309,2051 1309,2078 1270,2078"/>
                    <TextEquiv>
                        <Unicode>de</Unicode>
                    </TextEquiv>
                    <TextStyle fontFamily="Times New Roman" fontSize="7.5"/>
                </Word>
                <Word id="w_w2aab1b1b2c31b3ad103" language="English" custom="readingOrder {index:8;}">
                    <Coords points="1319,2048 1509,2048 1509,2080 1319,2080"/>
                    <TextEquiv>
                        <Unicode>Strasbourg</Unicode>
                    </TextEquiv>
                    <TextStyle fontFamily="Times New Roman" fontSize="7.5"/>
                </Word>
                <Word id="w_w2aab1b1b2c31b3ad125" language="English" custom="readingOrder {index:9;}">
                    <Coords points="1517,2053 1524,2053 1524,2078 1517,2078"/>
                    <TextEquiv>
                        <Unicode>;</Unicode>
                    </TextEquiv>
                    <TextStyle fontFamily="Times New Roman" fontSize="7.5"/>
                </Word>
                <Word id="w_w2aab1b1b2c31b3ad129" language="English" custom="readingOrder {index:10;}">
                    <Coords points="1535,2043 1571,2043 1571,2071 1535,2071"/>
                    <TextEquiv>
                        <Unicode>ils</Unicode>
                    </TextEquiv>
                    <TextStyle fontFamily="Times New Roman" fontSize="7.5"/>
                </Word>
                <Word id="w_w2aab1b1b2c31b3ad137" language="English" custom="readingOrder {index:11;}">
                    <Coords points="1581,2043 1671,2043 1671,2070 1581,2070"/>
                    <TextEquiv>
                        <Unicode>n’ont</Unicode>
                    </TextEquiv>
                    <TextStyle fontFamily="Times New Roman" fontSize="7.5"/>
                </Word>
                <Word id="w_w2aab1b1b2c31b3ad149" language="English" custom="readingOrder {index:12;}">
                    <Coords points="1681,2039 1747,2039 1747,2067 1681,2067"/>
                    <TextEquiv>
                        <Unicode>rien</Unicode>
                    </TextEquiv>
                    <TextStyle fontFamily="Times New Roman" fontSize="7.5"/>
                </Word>
                <TextEquiv>
                    <Unicode>ivrognes d’Allemagne ne sortent pas des étables de Strasbourg ; ils n’ont rien</Unicode>
                </TextEquiv>
                <TextStyle fontFamily="Times New Roman" fontSize="7.5"/>
            </TextLine>
            <TextLine id="tl_35" primaryLanguage="English" custom="readingOrder {index:2;}">
                <Coords points="443,2083 1750,2083 1750,2154 443,2154"/>
                <Baseline points="443,2147 538,2146 647,2142 724,2140 871,2135 1102,2128 1265,2123 1327,2122 1449,2118 1504,2116 1633,2113 1668,2111 1749,2109"/>
                <Word id="w_w2aab1b1b2c31b5ab1" language="English" custom="readingOrder {index:0;}">
                    <Coords points="443,2118 538,2118 538,2147 443,2147"/>
                    <TextEquiv>
                        <Unicode>traité</Unicode>
                    </TextEquiv>
                    <TextStyle fontFamily="Times New Roman" fontSize="7.5"/>
                </Word>
                <Word id="w_w2aab1b1b2c31b5ac15" language="English" custom="readingOrder {index:1;}">
                    <Coords points="553,2124 647,2124 647,2152 553,2152"/>
                    <TextEquiv>
                        <Unicode>parce</Unicode>
                    </TextEquiv>
                    <TextStyle fontFamily="Times New Roman" fontSize="7.5"/>
                </Word>
                <Word id="w_w2aab1b1b2c31b5ac27" language="English" custom="readingOrder {index:2;}">
                    <Coords points="664,2122 724,2122 724,2148 664,2148"/>
                    <TextEquiv>
                        <Unicode>que</Unicode>
                    </TextEquiv>
                    <TextStyle fontFamily="Times New Roman" fontSize="7.5"/>
                </Word>
                <Word id="w_w2aab1b1b2c31b5ac35" language="English" custom="readingOrder {index:3;}">
                    <Coords points="741,2112 871,2112 871,2145 741,2145"/>
                    <TextEquiv>
                        <Unicode>l’argent</Unicode>
                    </TextEquiv>
                    <TextStyle fontFamily="Times New Roman" fontSize="7.5"/>
                </Word>
                <Word id="w_w2aab1b1b2c31b5ac53" language="English" custom="readingOrder {index:4;}">
                    <Coords points="889,2105 1102,2105 1102,2141 889,2141"/>
                    <TextEquiv>
                        <Unicode>d’Angleterre</Unicode>
                    </TextEquiv>
                    <TextStyle fontFamily="Times New Roman" fontSize="7.5"/>
                </Word>
                <Word id="w_w2aab1b1b2c31b5ac79" language="English" custom="readingOrder {index:5;}">
                    <Coords points="1118,2105 1265,2105 1265,2133 1118,2133"/>
                    <TextEquiv>
                        <Unicode>manque.</Unicode>
                    </TextEquiv>
                    <TextStyle fontFamily="Times New Roman" fontSize="7.5"/>
                </Word>
                <Word id="w_w2aab1b1b2c31b5ac95" language="English" custom="readingOrder {index:6;}">
                    <Coords points="1285,2096 1327,2096 1327,2122 1285,2122"/>
                    <TextEquiv>
                        <Unicode>Le</Unicode>
                    </TextEquiv>
                    <TextStyle fontFamily="Times New Roman" fontSize="7.5"/>
                </Word>
                <Word id="w_w2aab1b1b2c31b5ad101" language="English" custom="readingOrder {index:7;}">
                    <Coords points="1343,2093 1449,2093 1449,2128 1343,2128"/>
                    <TextEquiv>
                        <Unicode>prince</Unicode>
                    </TextEquiv>
                    <TextStyle fontFamily="Times New Roman" fontSize="7.5"/>
                </Word>
                <Word id="w_w2aab1b1b2c31b5ad115" language="English" custom="readingOrder {index:8;}">
                    <Coords points="1466,2090 1504,2090 1504,2116 1466,2116"/>
                    <TextEquiv>
                        <Unicode>de</Unicode>
                    </TextEquiv>
                    <TextStyle fontFamily="Times New Roman" fontSize="7.5"/>
                </Word>
                <Word id="w_w2aab1b1b2c31b5ad121" language="English" custom="readingOrder {index:9;}">
                    <Coords points="1523,2088 1633,2088 1633,2115 1523,2115"/>
                    <TextEquiv>
                        <Unicode>Parme</Unicode>
                    </TextEquiv>
                    <TextStyle fontFamily="Times New Roman" fontSize="7.5"/>
                </Word>
                <Word id="w_w2aab1b1b2c31b5ad133" language="English" custom="readingOrder {index:10;}">
                    <Coords points="1651,2093 1668,2093 1668,2111 1651,2111"/>
                    <TextEquiv>
                        <Unicode>a</Unicode>
                    </TextEquiv>
                    <TextStyle fontFamily="Times New Roman" fontSize="7.5"/>
                </Word>
                <Word id="w_w2aab1b1b2c31b5ad137" language="English" custom="readingOrder {index:11;}">
                    <Coords points="1685,2084 1749,2084 1749,2119 1685,2119"/>
                    <TextEquiv>
                        <Unicode>pris</Unicode>
                    </TextEquiv>
                    <TextStyle fontFamily="Times New Roman" fontSize="7.5"/>
                </Word>
                <TextEquiv>
                    <Unicode>traité parce que l’argent d’Angleterre manque. Le prince de Parme a pris</Unicode>
                </TextEquiv>
                <TextStyle fontFamily="Times New Roman" fontSize="7.5"/>
            </TextLine>
            <TextLine id="tl_36" primaryLanguage="English" custom="readingOrder {index:3;}">
                <Coords points="444,2127 1752,2127 1752,2196 444,2196"/>
                <Baseline points="444,2191 521,2190 623,2188 675,2186 823,2182 867,2180 901,2179 1005,2176 1046,2175 1144,2171 1237,2168 1382,2164 1429,2163 1496,2159 1591,2158 1693,2156 1751,2154"/>
                <Word id="w_w2aab1b1b2c31b7ab1" language="English" custom="readingOrder {index:0;}">
                    <Coords points="444,2164 521,2164 521,2191 444,2191"/>
                    <TextEquiv>
                        <Unicode>trois</Unicode>
                    </TextEquiv>
                    <TextStyle fontFamily="Times New Roman" fontSize="7.5"/>
                </Word>
                <Word id="w_w2aab1b1b2c31b7ac13" language="English" custom="readingOrder {index:1;}">
                    <Coords points="535,2162 623,2162 623,2189 535,2189"/>
                    <TextEquiv>
                        <Unicode>villes</Unicode>
                    </TextEquiv>
                    <TextStyle fontFamily="Times New Roman" fontSize="7.5"/>
                </Word>
                <Word id="w_w2aab1b1b2c31b7ac27" language="English" custom="readingOrder {index:2;}">
                    <Coords points="637,2167 675,2167 675,2187 637,2187"/>
                    <TextEquiv>
                        <Unicode>en</Unicode>
                    </TextEquiv>
                    <TextStyle fontFamily="Times New Roman" fontSize="7.5"/>
                </Word>
                <Word id="w_w2aab1b1b2c31b7ac33" language="English" custom="readingOrder {index:3;}">
                    <Coords points="689,2156 823,2156 823,2186 689,2186"/>
                    <TextEquiv>
                        <Unicode>Gueldre</Unicode>
                    </TextEquiv>
                    <TextStyle fontFamily="Times New Roman" fontSize="7.5"/>
                </Word>
                <Word id="w_w2aab1b1b2c31b7ac49" language="English" custom="readingOrder {index:4;}">
                    <Coords points="836,2156 867,2156 867,2181 836,2181"/>
                    <TextEquiv>
                        <Unicode>et</Unicode>
                    </TextEquiv>
                    <TextStyle fontFamily="Times New Roman" fontSize="7.5"/>
                </Word>
                <Word id="w_w2aab1b1b2c31b7ac55" language="English" custom="readingOrder {index:5;}">
                    <Coords points="882,2153 901,2153 901,2180 882,2180"/>
                    <TextEquiv>
                        <Unicode>il</Unicode>
                    </TextEquiv>
                    <TextStyle fontFamily="Times New Roman" fontSize="7.5"/>
                </Word>
                <Word id="w_w2aab1b1b2c31b7ac61" language="English" custom="readingOrder {index:6;}">
                    <Coords points="915,2157 1005,2157 1005,2186 915,2186"/>
                    <TextEquiv>
                        <Unicode>passe</Unicode>
                    </TextEquiv>
                    <TextStyle fontFamily="Times New Roman" fontSize="7.5"/>
                </Word>
                <Word id="w_w2aab1b1b2c31b7ac73" language="English" custom="readingOrder {index:7;}">
                    <Coords points="1018,2148 1046,2148 1046,2175 1018,2175"/>
                    <TextEquiv>
                        <Unicode>le</Unicode>
                    </TextEquiv>
                    <TextStyle fontFamily="Times New Roman" fontSize="7.5"/>
                </Word>
                <Word id="w_w2aab1b1b2c31b7ac79" language="English" custom="readingOrder {index:8;}">
                    <Coords points="1061,2145 1144,2145 1144,2174 1061,2174"/>
                    <TextEquiv>
                        <Unicode>Rhin</Unicode>
                    </TextEquiv>
                    <TextStyle fontFamily="Times New Roman" fontSize="7.5"/>
                </Word>
                <Word id="w_w2aab1b1b2c31b7ac89" language="English" custom="readingOrder {index:9;}">
                    <Coords points="1156,2150 1237,2150 1237,2178 1156,2178"/>
                    <TextEquiv>
                        <Unicode>pour</Unicode>
                    </TextEquiv>
                    <TextStyle fontFamily="Times New Roman" fontSize="7.5"/>
                </Word>
                <Word id="w_w2aab1b1b2c31b7ac99" language="English" custom="readingOrder {index:10;}">
                    <Coords points="1250,2140 1382,2140 1382,2173 1250,2173"/>
                    <TextEquiv>
                        <Unicode>assiéger</Unicode>
                    </TextEquiv>
                    <TextStyle fontFamily="Times New Roman" fontSize="7.5"/>
                </Word>
                <Word id="w_w2aab1b1b2c31b7ad117" language="English" custom="readingOrder {index:11;}">
                    <Coords points="1395,2144 1429,2144 1429,2164 1395,2164"/>
                    <TextEquiv>
                        <Unicode>ce</Unicode>
                    </TextEquiv>
                    <TextStyle fontFamily="Times New Roman" fontSize="7.5"/>
                </Word>
                <Word id="w_w2aab1b1b2c31b7ad123" language="English" custom="readingOrder {index:12;}">
                    <Coords points="1443,2133 1496,2133 1496,2169 1443,2169"/>
                    <TextEquiv>
                        <Unicode>qui</Unicode>
                    </TextEquiv>
                    <TextStyle fontFamily="Times New Roman" fontSize="7.5"/>
                </Word>
                <Word id="w_w2aab1b1b2c31b7ad131" language="English" custom="readingOrder {index:13;}">
                    <Coords points="1510,2134 1591,2134 1591,2160 1510,2160"/>
                    <TextEquiv>
                        <Unicode>reste</Unicode>
                    </TextEquiv>
                    <TextStyle fontFamily="Times New Roman" fontSize="7.5"/>
                </Word>
                <Word id="w_w2aab1b1b2c31b7ad143" language="English" custom="readingOrder {index:14;}">
                    <Coords points="1605,2132 1693,2132 1693,2157 1605,2157"/>
                    <TextEquiv>
                        <Unicode>entre</Unicode>
                    </TextEquiv>
                    <TextStyle fontFamily="Times New Roman" fontSize="7.5"/>
                </Word>
                <Word id="w_w2aab1b1b2c31b7ad155" language="English" custom="readingOrder {index:15;}">
                    <Coords points="1707,2128 1751,2128 1751,2155 1707,2155"/>
                    <TextEquiv>
                        <Unicode>les</Unicode>
                    </TextEquiv>
                    <TextStyle fontFamily="Times New Roman" fontSize="7.5"/>
                </Word>
                <TextEquiv>
                    <Unicode>trois villes en Gueldre et il passe le Rhin pour assiéger ce qui reste entre les</Unicode>
                </TextEquiv>
                <TextStyle fontFamily="Times New Roman" fontSize="7.5"/>
            </TextLine>
            <TextLine id="tl_37" primaryLanguage="English" custom="readingOrder {index:4;}">
                <Coords points="445,2167 1752,2167 1752,2242 445,2242"/>
                <Baseline points="445,2235 546,2233 618,2232 811,2227 907,2224 1059,2218 1114,2217 1275,2218 1311,2209 1356,2209 1468,2206 1540,2203 1751,2198"/>
                <Word id="w_w2aab1b1b2c31b9ab1" language="English" custom="readingOrder {index:0;}">
                    <Coords points="445,2208 546,2208 546,2235 445,2235"/>
                    <TextEquiv>
                        <Unicode>mains</Unicode>
                    </TextEquiv>
                    <TextStyle fontFamily="Times New Roman" fontSize="7.5"/>
                </Word>
                <Word id="w_w2aab1b1b2c31b9ac13" language="English" custom="readingOrder {index:1;}">
                    <Coords points="564,2205 618,2205 618,2233 564,2233"/>
                    <TextEquiv>
                        <Unicode>des</Unicode>
                    </TextEquiv>
                    <TextStyle fontFamily="Times New Roman" fontSize="7.5"/>
                </Word>
                <Word id="w_w2aab1b1b2c31b9ac21" language="English" custom="readingOrder {index:2;}">
                    <Coords points="634,2202 811,2202 811,2236 634,2236"/>
                    <TextEquiv>
                        <Unicode>hérétiques</Unicode>
                    </TextEquiv>
                    <TextStyle fontFamily="Times New Roman" fontSize="7.5"/>
                </Word>
                <Word id="w_w2aab1b1b2c31b9ac43" language="English" custom="readingOrder {index:3;}">
                    <Coords points="828,2198 907,2198 907,2225 828,2225"/>
                    <TextEquiv>
                        <Unicode>dans</Unicode>
                    </TextEquiv>
                    <TextStyle fontFamily="Times New Roman" fontSize="7.5"/>
                </Word>
                <Word id="w_w2aab1b1b2c31b9ac53" language="English" custom="readingOrder {index:4;}">
                    <Coords points="923,2192 1059,2192 1059,2223 923,2223"/>
                    <TextEquiv>
                        <Unicode>l’évêché</Unicode>
                    </TextEquiv>
                    <TextStyle fontFamily="Times New Roman" fontSize="7.5"/>
                </Word>
                <Word id="w_w2aab1b1b2c31b9ac71" language="English" custom="readingOrder {index:5;}">
                    <Coords points="1076,2190 1114,2190 1114,2217 1076,2217"/>
                    <TextEquiv>
                        <Unicode>de</Unicode>
                    </TextEquiv>
                    <TextStyle fontFamily="Times New Roman" fontSize="7.5"/>
                </Word>
                <Word id="w_w2aab1b1b2c31b9ac77" language="English" custom="readingOrder {index:6;}">
                    <Coords points="1131,2188 1275,2188 1275,2220 1131,2220"/>
                    <TextEquiv>
                        <Unicode>Cologne,</Unicode>
                    </TextEquiv>
                    <TextStyle fontFamily="Times New Roman" fontSize="7.5"/>
                </Word>
                <Word id="w_w2aab1b1b2c31b9ac95" language="English" custom="readingOrder {index:7;}">
                    <Coords points="1293,2184 1311,2184 1311,2209 1293,2209"/>
                    <TextEquiv>
                        <Unicode>à</Unicode>
                    </TextEquiv>
                    <TextStyle fontFamily="Times New Roman" fontSize="7.5"/>
                </Word>
                <Word id="w_w2aab1b1b2c31b9ac99" language="English" custom="readingOrder {index:8;}">
                    <Coords points="1327,2183 1356,2183 1356,2209 1327,2209"/>
                    <TextEquiv>
                        <Unicode>la</Unicode>
                    </TextEquiv>
                    <TextStyle fontFamily="Times New Roman" fontSize="7.5"/>
                </Word>
                <Word id="w_w2aab1b1b2c31b9ad105" language="English" custom="readingOrder {index:9;}">
                    <Coords points="1372,2180 1468,2180 1468,2209 1372,2209"/>
                    <TextEquiv>
                        <Unicode>barbe</Unicode>
                    </TextEquiv>
                    <TextStyle fontFamily="Times New Roman" fontSize="7.5"/>
                </Word>
                <Word id="w_w2aab1b1b2c31b9ad117" language="English" custom="readingOrder {index:10;}">
                    <Coords points="1487,2178 1540,2178 1540,2205 1487,2205"/>
                    <TextEquiv>
                        <Unicode>des</Unicode>
                    </TextEquiv>
                    <TextStyle fontFamily="Times New Roman" fontSize="7.5"/>
                </Word>
                <Word id="w_w2aab1b1b2c31b9ad125" language="English" custom="readingOrder {index:11;}">
                    <Coords points="1558,2168 1751,2168 1751,2202 1558,2202"/>
                    <TextEquiv>
                        <Unicode>Allemands.</Unicode>
                    </TextEquiv>
                    <TextStyle fontFamily="Times New Roman" fontSize="7.5"/>
                </Word>
                <TextEquiv>
                    <Unicode>mains des hérétiques dans l’évêché de Cologne, à la barbe des Allemands.</Unicode>
                </TextEquiv>
                <TextStyle fontFamily="Times New Roman" fontSize="7.5"/>
            </TextLine>
            <TextLine id="tl_38" primaryLanguage="English" custom="readingOrder {index:5;}">
                <Coords points="447,2216 1753,2216 1753,2287 447,2287"/>
                <Baseline points="448,2277 458,2277 501,2280 635,2277 721,2274 896,2274 966,2266 1067,2263 1206,2258 1254,2256 1361,2253 1455,2250 1526,2249 1628,2245 1665,2244 1752,2242"/>
                <Word id="w_w2aab1b1b2c31c11ab1" language="English" custom="readingOrder {index:0;}">
                    <Coords points="448,2265 458,2265 458,2277 448,2277"/>
                    <TextEquiv>
                        <Unicode>„</Unicode>
                    </TextEquiv>
                    <TextStyle fontFamily="Times New Roman" fontSize="7.5"/>
                </Word>
                <Word id="w_w2aab1b1b2c31c11ab5" language="English" custom="readingOrder {index:1;}">
                    <Coords points="476,2253 501,2253 501,2280 476,2280"/>
                    <TextEquiv>
                        <Unicode>H</Unicode>
                    </TextEquiv>
                    <TextStyle fontFamily="Times New Roman" fontSize="7.5"/>
                </Word>
                <Word id="w_w2aab1b1b2c31c11ab9" language="English" custom="readingOrder {index:2;}">
                    <Coords points="518,2250 635,2250 635,2284 518,2284"/>
                    <TextEquiv>
                        <Unicode>assiège</Unicode>
                    </TextEquiv>
                    <TextStyle fontFamily="Times New Roman" fontSize="7.5"/>
                </Word>
                <Word id="w_w2aab1b1b2c31c11ac25" language="English" custom="readingOrder {index:3;}">
                    <Coords points="652,2248 721,2248 721,2275 652,2275"/>
                    <TextEquiv>
                        <Unicode>Nuz</Unicode>
                    </TextEquiv>
                    <TextStyle fontFamily="Times New Roman" fontSize="7.5"/>
                </Word>
                <Word id="w_w2aab1b1b2c31c11ac33" language="English" custom="readingOrder {index:4;}">
                    <Coords points="740,2242 896,2242 896,2280 740,2280"/>
                    <TextEquiv>
                        <Unicode>(Neuss?),</Unicode>
                    </TextEquiv>
                    <TextStyle fontFamily="Times New Roman" fontSize="7.5"/>
                </Word>
                <Word id="w_w2aab1b1b2c31c11ac53" language="English" custom="readingOrder {index:5;}">
                    <Coords points="913,2240 966,2240 966,2274 913,2274"/>
                    <TextEquiv>
                        <Unicode>qui</Unicode>
                    </TextEquiv>
                    <TextStyle fontFamily="Times New Roman" fontSize="7.5"/>
                </Word>
                <Word id="w_w2aab1b1b2c31c11ac61" language="English" custom="readingOrder {index:6;}">
                    <Coords points="982,2237 1067,2237 1067,2264 982,2264"/>
                    <TextEquiv>
                        <Unicode>seule</Unicode>
                    </TextEquiv>
                    <TextStyle fontFamily="Times New Roman" fontSize="7.5"/>
                </Word>
                <Word id="w_w2aab1b1b2c31c11ac73" language="English" custom="readingOrder {index:7;}">
                    <Coords points="1083,2232 1206,2232 1206,2261 1083,2261"/>
                    <TextEquiv>
                        <Unicode>tiendra</Unicode>
                    </TextEquiv>
                    <TextStyle fontFamily="Times New Roman" fontSize="7.5"/>
                </Word>
                <Word id="w_w2aab1b1b2c31c11ac89" language="English" custom="readingOrder {index:8;}">
                    <Coords points="1223,2232 1254,2232 1254,2257 1223,2257"/>
                    <TextEquiv>
                        <Unicode>et</Unicode>
                    </TextEquiv>
                    <TextStyle fontFamily="Times New Roman" fontSize="7.5"/>
                </Word>
                <Word id="w_w2aab1b1b2c31c11ac95" language="English" custom="readingOrder {index:9;}">
                    <Coords points="1271,2234 1361,2234 1361,2262 1271,2262"/>
                    <TextEquiv>
                        <Unicode>croys</Unicode>
                    </TextEquiv>
                    <TextStyle fontFamily="Times New Roman" fontSize="7.5"/>
                </Word>
                <Word id="w_w2aab1b1b2c31c11ad107" language="English" custom="readingOrder {index:10;}">
                    <Coords points="1378,2225 1455,2225 1455,2253 1378,2253"/>
                    <TextEquiv>
                        <Unicode>dans</Unicode>
                    </TextEquiv>
                    <TextStyle fontFamily="Times New Roman" fontSize="7.5"/>
                </Word>
                <Word id="w_w2aab1b1b2c31c11ad117" language="English" custom="readingOrder {index:11;}">
                    <Coords points="1473,2222 1526,2222 1526,2249 1473,2249"/>
                    <TextEquiv>
                        <Unicode>dix</Unicode>
                    </TextEquiv>
                    <TextStyle fontFamily="Times New Roman" fontSize="7.5"/>
                </Word>
                <Word id="w_w2aab1b1b2c31c11ad125" language="English" custom="readingOrder {index:12;}">
                    <Coords points="1543,2221 1628,2221 1628,2254 1543,2254"/>
                    <TextEquiv>
                        <Unicode>jours</Unicode>
                    </TextEquiv>
                    <TextStyle fontFamily="Times New Roman" fontSize="7.5"/>
                </Word>
                <Word id="w_w2aab1b1b2c31c11ad137" language="English" custom="readingOrder {index:13;}">
                    <Coords points="1646,2218 1665,2218 1665,2244 1646,2244"/>
                    <TextEquiv>
                        <Unicode>il</Unicode>
                    </TextEquiv>
                    <TextStyle fontFamily="Times New Roman" fontSize="7.5"/>
                </Word>
                <Word id="w_w2aab1b1b2c31c11ad143" language="English" custom="readingOrder {index:14;}">
                    <Coords points="1682,2222 1752,2222 1752,2244 1682,2244"/>
                    <TextEquiv>
                        <Unicode>sera</Unicode>
                    </TextEquiv>
                    <TextStyle fontFamily="Times New Roman" fontSize="7.5"/>
                </Word>
                <TextEquiv>
                    <Unicode>« Il assiège Nuz (Neuss?), qui seule tiendra et croys dans dix jours il sera</Unicode>
                </TextEquiv>
                <TextStyle fontFamily="Times New Roman" fontSize="7.5"/>
            </TextLine>
            <TextLine id="tl_39" primaryLanguage="English" custom="readingOrder {index:6;}">
                <Coords points="447,2261 1753,2261 1753,2330 447,2330"/>
                <Baseline points="447,2324 576,2322 650,2320 835,2314 994,2315 1154,2305 1212,2303 1286,2299 1442,2301 1571,2291 1752,2277"/>
                <Word id="w_w2aab1b1b2c31c13ab1" language="English" custom="readingOrder {index:0;}">
                    <Coords points="447,2297 576,2297 576,2324 447,2324"/>
                    <TextEquiv>
                        <Unicode>dedans.</Unicode>
                    </TextEquiv>
                    <TextStyle fontFamily="Times New Roman" fontSize="7.5"/>
                </Word>
                <Word id="w_w2aab1b1b2c31c13ac17" language="English" custom="readingOrder {index:1;}">
                    <Coords points="601,2294 650,2294 650,2321 601,2321"/>
                    <TextEquiv>
                        <Unicode>Un</Unicode>
                    </TextEquiv>
                    <TextStyle fontFamily="Times New Roman" fontSize="7.5"/>
                </Word>
                <Word id="w_w2aab1b1b2c31c13ac23" language="English" custom="readingOrder {index:2;}">
                    <Coords points="671,2292 835,2292 835,2324 671,2324"/>
                    <TextEquiv>
                        <Unicode>servyteur</Unicode>
                    </TextEquiv>
                    <TextStyle fontFamily="Times New Roman" fontSize="7.5"/>
                </Word>
                <Word id="w_w2aab1b1b2c31c13ac43" language="English" custom="readingOrder {index:3;}">
                    <Coords points="854,2284 994,2284 994,2320 854,2320"/>
                    <TextEquiv>
                        <Unicode>capable,</Unicode>
                    </TextEquiv>
                    <TextStyle fontFamily="Times New Roman" fontSize="7.5"/>
                </Word>
                <Word id="w_w2aab1b1b2c31c13ac61" language="English" custom="readingOrder {index:4;}">
                    <Coords points="1016,2277 1154,2277 1154,2308 1016,2308"/>
                    <TextEquiv>
                        <Unicode>autorizé</Unicode>
                    </TextEquiv>
                    <TextStyle fontFamily="Times New Roman" fontSize="7.5"/>
                </Word>
                <Word id="w_w2aab1b1b2c31c13ac79" language="English" custom="readingOrder {index:5;}">
                    <Coords points="1173,2276 1212,2276 1212,2303 1173,2303"/>
                    <TextEquiv>
                        <Unicode>de</Unicode>
                    </TextEquiv>
                    <TextStyle fontFamily="Times New Roman" fontSize="7.5"/>
                </Word>
                <Word id="w_w2aab1b1b2c31c13ac85" language="English" custom="readingOrder {index:6;}">
                    <Coords points="1231,2281 1286,2281 1286,2301 1231,2301"/>
                    <TextEquiv>
                        <Unicode>son</Unicode>
                    </TextEquiv>
                    <TextStyle fontFamily="Times New Roman" fontSize="7.5"/>
                </Word>
                <Word id="w_w2aab1b1b2c31c13ac93" language="English" custom="readingOrder {index:7;}">
                    <Coords points="1307,2271 1442,2271 1442,2305 1307,2305"/>
                    <TextEquiv>
                        <Unicode>maytre,</Unicode>
                    </TextEquiv>
                    <TextStyle fontFamily="Times New Roman" fontSize="7.5"/>
                </Word>
                <Word id="w_w2aab1b1b2c31c13ad109" language="English" custom="readingOrder {index:8;}">
                    <Coords points="1463,2266 1571,2266 1571,2294 1463,2294"/>
                    <TextEquiv>
                        <Unicode>absolu</Unicode>
                    </TextEquiv>
                    <TextStyle fontFamily="Times New Roman" fontSize="7.5"/>
                </Word>
                <Word id="w_w2aab1b1b2c31c13ad123" language="English" custom="readingOrder {index:9;}">
                    <Coords points="1593,2266 1752,2266 1752,2290 1593,2290"/>
                    <TextEquiv>
                        <Unicode>comman¬</Unicode>
                    </TextEquiv>
                    <TextStyle fontFamily="Times New Roman" fontSize="7.5"/>
                </Word>
                <TextEquiv>
                    <Unicode>dedans. Un servyteur capable, autorizé de son maytre, absolu comman¬</Unicode>
                </TextEquiv>
                <TextStyle fontFamily="Times New Roman" fontSize="7.5"/>
            </TextLine>
            <TextLine id="tl_40" primaryLanguage="English" custom="readingOrder {index:7;}">
                <Coords points="448,2304 1755,2304 1755,2375 448,2375"/>
                <Baseline points="448,2369 536,2374 622,2365 725,2363 846,2358 878,2357 981,2355 1133,2355 1325,2343 1369,2341 1554,2342 1643,2333 1754,2321"/>
                <Word id="w_w2aab1b1b2c31c15ab1" language="English" custom="readingOrder {index:0;}">
                    <Coords points="448,2342 536,2342 536,2374 448,2374"/>
                    <TextEquiv>
                        <Unicode>deur,</Unicode>
                    </TextEquiv>
                    <TextStyle fontFamily="Times New Roman" fontSize="7.5"/>
                </Word>
                <Word id="w_w2aab1b1b2c31c15ac13" language="English" custom="readingOrder {index:1;}">
                    <Coords points="549,2346 622,2346 622,2367 549,2367"/>
                    <TextEquiv>
                        <Unicode>sans</Unicode>
                    </TextEquiv>
                    <TextStyle fontFamily="Times New Roman" fontSize="7.5"/>
                </Word>
                <Word id="w_w2aab1b1b2c31c15ac23" language="English" custom="readingOrder {index:2;}">
                    <Coords points="636,2336 725,2336 725,2364 636,2364"/>
                    <TextEquiv>
                        <Unicode>avoir</Unicode>
                    </TextEquiv>
                    <TextStyle fontFamily="Times New Roman" fontSize="7.5"/>
                </Word>
                <Word id="w_w2aab1b1b2c31c15ac35" language="English" custom="readingOrder {index:3;}">
                    <Coords points="738,2333 846,2333 846,2361 738,2361"/>
                    <TextEquiv>
                        <Unicode>affaire</Unicode>
                    </TextEquiv>
                    <TextStyle fontFamily="Times New Roman" fontSize="7.5"/>
                </Word>
                <Word id="w_w2aab1b1b2c31c15ac51" language="English" custom="readingOrder {index:4;}">
                    <Coords points="860,2331 878,2331 878,2357 860,2357"/>
                    <TextEquiv>
                        <Unicode>à</Unicode>
                    </TextEquiv>
                    <TextStyle fontFamily="Times New Roman" fontSize="7.5"/>
                </Word>
                <Word id="w_w2aab1b1b2c31c15ac55" language="English" custom="readingOrder {index:5;}">
                    <Coords points="890,2329 981,2329 981,2356 890,2356"/>
                    <TextEquiv>
                        <Unicode>robes</Unicode>
                    </TextEquiv>
                    <TextStyle fontFamily="Times New Roman" fontSize="7.5"/>
                </Word>
                <Word id="w_w2aab1b1b2c31c15ac67" language="English" custom="readingOrder {index:6;}">
                    <Coords points="995,2327 1133,2327 1133,2359 995,2359"/>
                    <TextEquiv>
                        <Unicode>longues,</Unicode>
                    </TextEquiv>
                    <TextStyle fontFamily="Times New Roman" fontSize="7.5"/>
                </Word>
                <Word id="w_w2aab1b1b2c31c15ac85" language="English" custom="readingOrder {index:7;}">
                    <Coords points="1146,2318 1325,2318 1325,2349 1146,2349"/>
                    <TextEquiv>
                        <Unicode>secrétaires</Unicode>
                    </TextEquiv>
                    <TextStyle fontFamily="Times New Roman" fontSize="7.5"/>
                </Word>
                <Word id="w_w2aab1b1b2c31c15ad109" language="English" custom="readingOrder {index:8;}">
                    <Coords points="1339,2318 1369,2318 1369,2342 1339,2342"/>
                    <TextEquiv>
                        <Unicode>et</Unicode>
                    </TextEquiv>
                    <TextStyle fontFamily="Times New Roman" fontSize="7.5"/>
                </Word>
                <Word id="w_w2aab1b1b2c31c15ad115" language="English" custom="readingOrder {index:9;}">
                    <Coords points="1385,2311 1554,2311 1554,2342 1385,2342"/>
                    <TextEquiv>
                        <Unicode>trésoriers,</Unicode>
                    </TextEquiv>
                    <TextStyle fontFamily="Times New Roman" fontSize="7.5"/>
                </Word>
                <Word id="w_w2aab1b1b2c31c15ad139" language="English" custom="readingOrder {index:10;}">
                    <Coords points="1569,2310 1643,2310 1643,2342 1569,2342"/>
                    <TextEquiv>
                        <Unicode>peut</Unicode>
                    </TextEquiv>
                    <TextStyle fontFamily="Times New Roman" fontSize="7.5"/>
                </Word>
                <Word id="w_w2aab1b1b2c31c15ad149" language="English" custom="readingOrder {index:11;}">
                    <Coords points="1659,2306 1754,2306 1754,2332 1659,2332"/>
                    <TextEquiv>
                        <Unicode>beau¬</Unicode>
                    </TextEquiv>
                    <TextStyle fontFamily="Times New Roman" fontSize="7.5"/>
                </Word>
                <TextEquiv>
                    <Unicode>deur, sans avoir affaire à robes longues, secrétaires et trésoriers, peut beau¬</Unicode>
                </TextEquiv>
                <TextStyle fontFamily="Times New Roman" fontSize="7.5"/>
            </TextLine>
            <TextLine id="tl_41" primaryLanguage="English" custom="readingOrder {index:8;}">
                <Coords points="448,2348 1755,2348 1755,2421 448,2421"/>
                <Baseline points="448,2414 530,2420 769,2406 813,2403 983,2399 1073,2395 1105,2395 1201,2390 1252,2389 1400,2384 1485,2390 1569,2380 1638,2377 1754,2374"/>
                <Word id="w_w2aab1b1b2c31c17ab1" language="English" custom="readingOrder {index:0;}">
                    <Coords points="448,2394 530,2394 530,2420 448,2420"/>
                    <TextEquiv>
                        <Unicode>coup</Unicode>
                    </TextEquiv>
                    <TextStyle fontFamily="Times New Roman" fontSize="7.5"/>
                </Word>
                <Word id="w_w2aab1b1b2c31c17ac11" language="English" custom="readingOrder {index:1;}">
                    <Coords points="544,2379 769,2379 769,2417 544,2417"/>
                    <TextEquiv>
                        <Unicode>antreprendre</Unicode>
                    </TextEquiv>
                    <TextStyle fontFamily="Times New Roman" fontSize="7.5"/>
                </Word>
                <Word id="w_w2aab1b1b2c31c17ac37" language="English" custom="readingOrder {index:2;}">
                    <Coords points="782,2381 813,2381 813,2405 782,2405"/>
                    <TextEquiv>
                        <Unicode>et</Unicode>
                    </TextEquiv>
                    <TextStyle fontFamily="Times New Roman" fontSize="7.5"/>
                </Word>
                <Word id="w_w2aab1b1b2c31c17ac43" language="English" custom="readingOrder {index:3;}">
                    <Coords points="828,2375 983,2375 983,2403 828,2403"/>
                    <TextEquiv>
                        <Unicode>exécuter.</Unicode>
                    </TextEquiv>
                    <TextStyle fontFamily="Times New Roman" fontSize="7.5"/>
                </Word>
                <Word id="w_w2aab1b1b2c31c17ac63" language="English" custom="readingOrder {index:4;}">
                    <Coords points="1001,2370 1073,2370 1073,2397 1001,2397"/>
                    <TextEquiv>
                        <Unicode>Plut</Unicode>
                    </TextEquiv>
                    <TextStyle fontFamily="Times New Roman" fontSize="7.5"/>
                </Word>
                <Word id="w_w2aab1b1b2c31c17ac73" language="English" custom="readingOrder {index:5;}">
                    <Coords points="1088,2368 1105,2368 1105,2395 1088,2395"/>
                    <TextEquiv>
                        <Unicode>à</Unicode>
                    </TextEquiv>
                    <TextStyle fontFamily="Times New Roman" fontSize="7.5"/>
                </Word>
                <Word id="w_w2aab1b1b2c31c17ac77" language="English" custom="readingOrder {index:6;}">
                    <Coords points="1120,2365 1201,2365 1201,2393 1120,2393"/>
                    <TextEquiv>
                        <Unicode>Dieu</Unicode>
                    </TextEquiv>
                    <TextStyle fontFamily="Times New Roman" fontSize="7.5"/>
                </Word>
                <Word id="w_w2aab1b1b2c31c17ac87" language="English" custom="readingOrder {index:7;}">
                    <Coords points="1214,2370 1252,2370 1252,2390 1214,2390"/>
                    <TextEquiv>
                        <Unicode>en</Unicode>
                    </TextEquiv>
                    <TextStyle fontFamily="Times New Roman" fontSize="7.5"/>
                </Word>
                <Word id="w_w2aab1b1b2c31c17ac93" language="English" custom="readingOrder {index:8;}">
                    <Coords points="1266,2359 1400,2359 1400,2388 1266,2388"/>
                    <TextEquiv>
                        <Unicode>fussions</Unicode>
                    </TextEquiv>
                    <TextStyle fontFamily="Times New Roman" fontSize="7.5"/>
                </Word>
                <Word id="w_w2aab1b1b2c31c17ad111" language="English" custom="readingOrder {index:9;}">
                    <Coords points="1414,2358 1485,2358 1485,2390 1414,2390"/>
                    <TextEquiv>
                        <Unicode>insy</Unicode>
                    </TextEquiv>
                    <TextStyle fontFamily="Times New Roman" fontSize="7.5"/>
                </Word>
                <Word id="w_w2aab1b1b2c31c17ad121" language="English" custom="readingOrder {index:10;}">
                    <Coords points="1498,2354 1569,2354 1569,2381 1498,2381"/>
                    <TextEquiv>
                        <Unicode>hors</Unicode>
                    </TextEquiv>
                    <TextStyle fontFamily="Times New Roman" fontSize="7.5"/>
                </Word>
                <Word id="w_w2aab1b1b2c31c17ad131" language="English" custom="readingOrder {index:11;}">
                    <Coords points="1585,2351 1638,2351 1638,2378 1585,2378"/>
                    <TextEquiv>
                        <Unicode>des</Unicode>
                    </TextEquiv>
                    <TextStyle fontFamily="Times New Roman" fontSize="7.5"/>
                </Word>
                <Word id="w_w2aab1b1b2c31c17ad139" language="English" custom="readingOrder {index:12;}">
                    <Coords points="1651,2349 1754,2349 1754,2377 1651,2377"/>
                    <TextEquiv>
                        <Unicode>mains</Unicode>
                    </TextEquiv>
                    <TextStyle fontFamily="Times New Roman" fontSize="7.5"/>
                </Word>
                <TextEquiv>
                    <Unicode>coup antreprendre et exécuter. Plut à Dieu en fussions insy hors des mains</Unicode>
                </TextEquiv>
                <TextStyle fontFamily="Times New Roman" fontSize="7.5"/>
            </TextLine>
            <TextLine id="tl_42" primaryLanguage="English" custom="readingOrder {index:9;}">
                <Coords points="450,2392 1755,2392 1755,2464 450,2464"/>
                <Baseline points="450,2458 489,2458 592,2454 711,2452 757,2449 843,2448 966,2443 1112,2438 1314,2439 1496,2425 1568,2424 1699,2420 1754,2419"/>
                <Word id="w_w2aab1b1b2c31c19ab1" language="English" custom="readingOrder {index:0;}">
                    <Coords points="450,2431 489,2431 489,2458 450,2458"/>
                    <TextEquiv>
                        <Unicode>de</Unicode>
                    </TextEquiv>
                    <TextStyle fontFamily="Times New Roman" fontSize="7.5"/>
                </Word>
                <Word id="w_w2aab1b1b2c31c19ab7" language="English" custom="readingOrder {index:1;}">
                    <Coords points="504,2429 592,2429 592,2456 504,2456"/>
                    <TextEquiv>
                        <Unicode>telles</Unicode>
                    </TextEquiv>
                    <TextStyle fontFamily="Times New Roman" fontSize="7.5"/>
                </Word>
                <Word id="w_w2aab1b1b2c31c19ac21" language="English" custom="readingOrder {index:2;}">
                    <Coords points="607,2428 711,2428 711,2461 607,2461"/>
                    <TextEquiv>
                        <Unicode>pestes</Unicode>
                    </TextEquiv>
                    <TextStyle fontFamily="Times New Roman" fontSize="7.5"/>
                </Word>
                <Word id="w_w2aab1b1b2c31c19ac35" language="English" custom="readingOrder {index:3;}">
                    <Coords points="726,2426 757,2426 757,2450 726,2450"/>
                    <TextEquiv>
                        <Unicode>et</Unicode>
                    </TextEquiv>
                    <TextStyle fontFamily="Times New Roman" fontSize="7.5"/>
                </Word>
                <Word id="w_w2aab1b1b2c31c19ac41" language="English" custom="readingOrder {index:4;}">
                    <Coords points="773,2420 843,2420 843,2456 773,2456"/>
                    <TextEquiv>
                        <Unicode>près</Unicode>
                    </TextEquiv>
                    <TextStyle fontFamily="Times New Roman" fontSize="7.5"/>
                </Word>
                <Word id="w_w2aab1b1b2c31c19ac51" language="English" custom="readingOrder {index:5;}">
                    <Coords points="858,2418 966,2418 966,2445 858,2445"/>
                    <TextEquiv>
                        <Unicode>d’aller</Unicode>
                    </TextEquiv>
                    <TextStyle fontFamily="Times New Roman" fontSize="7.5"/>
                </Word>
                <Word id="w_w2aab1b1b2c31c19ac67" language="English" custom="readingOrder {index:6;}">
                    <Coords points="980,2414 1112,2414 1112,2448 980,2448"/>
                    <TextEquiv>
                        <Unicode>assiéger</Unicode>
                    </TextEquiv>
                    <TextStyle fontFamily="Times New Roman" fontSize="7.5"/>
                </Word>
                <Word id="w_w2aab1b1b2c31c19ac85" language="English" custom="readingOrder {index:7;}">
                    <Coords points="1127,2408 1314,2408 1314,2439 1127,2439"/>
                    <TextEquiv>
                        <Unicode>Strasbourg</Unicode>
                    </TextEquiv>
                    <TextStyle fontFamily="Times New Roman" fontSize="7.5"/>
                </Word>
                <Word id="w_w2aab1b1b2c31c19ad107" language="English" custom="readingOrder {index:8;}">
                    <Coords points="1328,2400 1496,2400 1496,2430 1328,2430"/>
                    <TextEquiv>
                        <Unicode>estandant</Unicode>
                    </TextEquiv>
                    <TextStyle fontFamily="Times New Roman" fontSize="7.5"/>
                </Word>
                <Word id="w_w2aab1b1b2c31c19ad127" language="English" custom="readingOrder {index:9;}">
                    <Coords points="1512,2404 1568,2404 1568,2425 1512,2425"/>
                    <TextEquiv>
                        <Unicode>nos</Unicode>
                    </TextEquiv>
                    <TextStyle fontFamily="Times New Roman" fontSize="7.5"/>
                </Word>
                <Word id="w_w2aab1b1b2c31c19ad135" language="English" custom="readingOrder {index:10;}">
                    <Coords points="1584,2395 1699,2395 1699,2423 1584,2423"/>
                    <TextEquiv>
                        <Unicode>limites</Unicode>
                    </TextEquiv>
                    <TextStyle fontFamily="Times New Roman" fontSize="7.5"/>
                </Word>
                <Word id="w_w2aab1b1b2c31c19ad151" language="English" custom="readingOrder {index:11;}">
                    <Coords points="1715,2399 1754,2399 1754,2419 1715,2419"/>
                    <TextEquiv>
                        <Unicode>au</Unicode>
                    </TextEquiv>
                    <TextStyle fontFamily="Times New Roman" fontSize="7.5"/>
                </Word>
                <TextEquiv>
                    <Unicode>de telles pestes et près d’aller assiéger Strasbourg estandant nos limites au</Unicode>
                </TextEquiv>
                <TextStyle fontFamily="Times New Roman" fontSize="7.5"/>
            </TextLine>
            <TextLine id="tl_43" primaryLanguage="English" custom="readingOrder {index:10;}">
                <Coords points="452,2474 571,2474 571,2509 452,2509"/>
                <Baseline points="452,2501 533,2501 571,2497"/>
                <Word id="w_w2aab1b1b2c31c21ab1" language="English" custom="readingOrder {index:0;}">
                    <Coords points="452,2476 533,2476 533,2509 452,2509"/>
                    <TextEquiv>
                        <Unicode>Ryn.</Unicode>
                    </TextEquiv>
                    <TextStyle fontFamily="Times New Roman" fontSize="7.5"/>
                </Word>
                <Word id="w_w2aab1b1b2c31c21ac11" language="English" custom="readingOrder {index:1;}">
                    <Coords points="558,2482 571,2482 571,2497 558,2497"/>
                    <TextEquiv>
                        <Unicode>»</Unicode>
                    </TextEquiv>
                    <TextStyle fontFamily="Times New Roman" fontSize="7.5"/>
                </Word>
                <TextEquiv>
                    <Unicode>Ryn. »</Unicode>
                </TextEquiv>
                <TextStyle fontFamily="Times New Roman" fontSize="7.5"/>
            </TextLine>
            <TextEquiv>
                <Unicode>Curieuse lettre. Il lui offre des tiercelets puis lui parle de la guerre. Les
ivrognes d’Allemagne ne sortent pas des étables de Strasbourg ; ils n’ont rien
traité parce que l’argent d’Angleterre manque. Le prince de Parme a pris
trois villes en Gueldre et il passe le Rhin pour assiéger ce qui reste entre les
mains des hérétiques dans l’évêché de Cologne, à la barbe des Allemands.
« Il assiège Nuz (Neuss?), qui seule tiendra et croys dans dix jours il sera
dedans. Un servyteur capable, autorizé de son maytre, absolu comman¬
deur, sans avoir affaire à robes longues, secrétaires et trésoriers, peut beau¬
coup antreprendre et exécuter. Plut à Dieu en fussions insy hors des mains
de telles pestes et près d’aller assiéger Strasbourg estandant nos limites au
Ryn. »</Unicode>
            </TextEquiv>
        </TextRegion>
        <TextRegion type="paragraph" id="r_1_17" custom="readingOrder {index:17;}">
            <Coords points="298,2508 1762,2508 1762,2598 298,2598"/>
            <TextLine id="tl_44" primaryLanguage="English" custom="readingOrder {index:0;} textStyle {offset:0; length:5;fontSize:0.0; kerning:0; bold:true;}">
                <Coords points="299,2509 1761,2509 1761,2597 299,2597"/>
                <Baseline points="299,2590 325,2590 801,2575 1029,2576 1222,2562 1454,2562 1687,2547 1760,2544"/>
                <Word id="w_w2aab1b1b2c33b1ab1" language="English" custom="readingOrder {index:0;}">
                    <Coords points="299,2549 424,2549 424,2590 299,2590"/>
                    <TextEquiv>
                        <Unicode>88115</Unicode>
                    </TextEquiv>
                    <TextStyle fontFamily="Times New Roman" fontSize="9.5" bold="true"/>
                </Word>
                <Word id="w_w2aab1b1b2c33b1b1b3" language="English" custom="readingOrder {index:1;}">
                    <Coords points="451,2539 801,2539 801,2584 451,2584"/>
                    <TextEquiv>
                        <Unicode>HAHNEMANN</Unicode>
                    </TextEquiv>
                    <TextStyle fontFamily="Times New Roman" fontSize="9.5"/>
                </Word>
                <Word id="w_w2aab1b1b2c33b1b1c23" language="English" custom="readingOrder {index:2;}">
                    <Coords points="830,2531 1029,2531 1029,2585 830,2585"/>
                    <TextEquiv>
                        <Unicode>(Samuel),</Unicode>
                    </TextEquiv>
                    <TextStyle fontFamily="Times New Roman" fontSize="9.5"/>
                </Word>
                <Word id="w_w2aab1b1b2c33b1b1c43" language="English" custom="readingOrder {index:3;}">
                    <Coords points="1047,2526 1222,2526 1222,2566 1047,2566"/>
                    <TextEquiv>
                        <Unicode>médecin</Unicode>
                    </TextEquiv>
                    <TextStyle fontFamily="Times New Roman" fontSize="9.5"/>
                </Word>
                <Word id="w_w2aab1b1b2c33b1b1c59" language="English" custom="readingOrder {index:4;}">
                    <Coords points="1247,2519 1454,2519 1454,2562 1247,2562"/>
                    <TextEquiv>
                        <Unicode>allemand,</Unicode>
                    </TextEquiv>
                    <TextStyle fontFamily="Times New Roman" fontSize="9.5"/>
                </Word>
                <Word id="w_w2aab1b1b2c33b1b1c79" language="English" custom="readingOrder {index:5;}">
                    <Coords points="1475,2513 1687,2513 1687,2553 1475,2553"/>
                    <TextEquiv>
                        <Unicode>fondateur</Unicode>
                    </TextEquiv>
                    <TextStyle fontFamily="Times New Roman" fontSize="9.5"/>
                </Word>
                <Word id="w_w2aab1b1b2c33b1b1c99" language="English" custom="readingOrder {index:6;}">
                    <Coords points="1710,2510 1760,2510 1760,2547 1710,2547"/>
                    <TextEquiv>
                        <Unicode>de</Unicode>
                    </TextEquiv>
                    <TextStyle fontFamily="Times New Roman" fontSize="9.5"/>
                </Word>
                <TextEquiv>
                    <Unicode>88115 HAHNEMANN (Samuel), médecin allemand, fondateur de</Unicode>
                </TextEquiv>
            </TextLine>
            <TextEquiv>
                <Unicode>88115 HAHNEMANN (Samuel), médecin allemand, fondateur de</Unicode>
            </TextEquiv>
        </TextRegion>
    </Page>
</PcGts>
