1850 2972
928 112 167 37 - 2 -

329 208 1412 53 Cependant, depuis une quinzaine d’années qu’il collectionnait, il

279 258 1465 53 avait rassemblé beaucoup de lettres autographes originales. Les séries

281 308 1464 51 auxquelles il s’était le plus attaché étaient celles des membres de

282 358 1464 50 l’Académie française, des artistes, et des hommes célèbres de la Révolu¬

282 408 1458 62 tion et del’Empire, conventionnels, généraux, maréchaux, ministres, etc.

336 448 1409 61 Pressé par le temps, et obligé de tout faire entrer dans une seule

282 508 1463 52 vacation, nous avons dû grouper beaucoup de pièces. Nous citerons les

282 559 1172 51 noms suivants parmi ceux qui ont été catalogués à part :

333 608 1413 50 Les rois de France Charles VIII et Charles IX. François Ier, Louis XI

281 657 1463 50 et Louis XVI ; Charles XII, le grand roi de Suède; Frédéric II, roi de

282 696 1464 61 Prusse; le roi Louis-Philippe; la reine Marie-Amélie; le duc d’Orléans

282 757 1464 52 et la princesse Hélène; la reine des Belges ; Napoléon Ier; Joséphine et

284 806 1460 52 Marie-Louise; le cardinal Fesch; Murat; — Barnave; Robespierre;

282 856 1466 52 Fouquier-Tinville; — Duplessis-Mornav ; Richelieu et Mazarin; — Les

282 906 1461 52 généraux de la république, Cusline, Dumouriez, Dampierre, Houchard,

285 957 1458 49 Desaix, Hoche et Moreau; — Les membres de l’Académie française :

282 1006 1462 52 Surian, Voltaire. Florian , Bernardin de Saint-Pierre, Parny, Nodier,

283 1056 1464 50 Millevove, Chateaubriand, Lacordaire, Lamartine, etc; Béranger et

284 1106 1465 51 Rouget de Lisle ; — Les artistes Soufflot, Gros et Gérard ; Charlet et

282 1156 1466 51 Gavarni ; Meyerbeer, Halévy , Berlioz et Gounod; Talma , Mlles Mars

284 1206 1465 51 et Rachel ; — la princesse des Ursins; Mme de Maintenon; la princesse

283 1255 1465 49 de Lamballe et son mari ; Marie-Antoinette ; Mmes de Staël, de Genlis

284 1305 1460 52 et l'ai lien ; Mme Saqui. — A la fin du catalogue sont des lots de por¬

285 1355 1466 52 traits gravés ou lithographiés, des fac-similé, des lithographies de

288 1405 1040 52 Raffet, Carle et Horace Vernet. Hip. Bellangé, etc.

661 1623 708 47 VARIÉTÉS RÉTROSPECTIVES.

340 1730 1415 52 Les autographes de la collection de feu M. Gegner, qui vont être

289 1779 1467 52 dispersés le 9 avril par le marteau du commissaire-priseur, auraient

293 1830 1462 51 pu nous fournir une ample moisson pour ces variétés ; mais nous de¬

294 1880 1462 50 vons nous contenter des quelques extraits ci-après, qui suffiront pour

292 1929 1467 52 donner une idée de l'intérêt de curiosité qu'offre cette petite col¬

297 1981 167 38 lection :

348 2029 1412 51 Le maréchal Bugeaud avait remporté, le 14 août 1844, la victoire

295 2079 1465 52 d’Isly, et, le 11 septembre suivant, il en appréciait ainsi les consé¬

296 2128 1464 52 quences probables, dans une lettre intime à un ami qui le comblait

299 2180 186 47 d’éloges :

351 2228 1410 53 « J’ai la confiance que la victoire d’Isly a consolidé la soumission de

300 2278 1462 51 l’Algérie. L’impression en a été grande et l’effet en sera durable sur

303 2328 1459 51 les esprits des Arabes. J’appelle de tous mes vœux les conclusions de

302 2378 1462 52 nos différends avec le Maroc; mais cet empire a perdu son prestige, et

300 2427 1464 52 ne peut redevenir dangereux que s’il est soutenu par les conseils et les

300 2477 1468 52 secours d’une puissance européenne. Il y a lieu d’espérer que la diplo¬

302 2527 1462 52 matie nous épargnera cette nouvelle complication, et que nous n’at¬

302 2577 1462 52 tendrons pas longtemps un arrangement conforme à nos intérêts et à
