1793 3007
714 204 166 39 - 3 -

70 297 1458 59 et Cosimo, en deux lignes reliées par une accolade, au milieu et à côté

70 346 1459 56 de laquelle est d; Mèdicis. En l'absence de l’accolade, il devient

70 397 1457 63 difficile de se prononcer, si l'on n’a pas de pièces de comparaison.

72 448 1456 60 Ainsi, la lettre de Côme Ier de Médicis, du n° 224, est sans accolade,

72 500 1456 57 et nous ne saurions dire si elle est écrite, oui on non, de sa main.

73 547 1461 60 Nous éprouvons le même doute sur les lettres cataloguées sous les

73 599 515 53 n° 128, 283, 257 et 298.

126 655 1410 61 Pour en revenir à la lettre de Laurent-le-Magnifique, nous avons

77 705 1458 60 tout lieu de la croire authentique et nous la garantissons comme telle.

80 755 1458 62 L’écriture de cette pièce ne ressemble en rien à la belle calligraphie de

78 804 1461 60 la lettre de l'Isographie, qui est évidemment de la main d’un secré¬

77 855 103 40 taire.

129 912 1410 59 Nous appelons, sur cette curieuse question, l’attention des amateurs

77 961 1368 61 d’autographes qui possèdent des lettres d’anciens princes italiens.

365 1233 880 43 ENCORE DES FAUX AUTOGRAPHES !

133 1366 1411 57 Dernièrement, les journaux ont fait grand bruit de l’arrestation d’une

81 1415 1463 58 femme et de son fils, à propos de faux autographes. Voici le fait, réduit

80 1467 589 53 à sa plus simple expression :

132 1522 1410 56 Un jeune homme, nommé H., se présentait, il y a quelque temps,

80 1570 1465 52 dans la librairie de M. Claudin, et offrait au commis un lot d’auto¬

82 1621 1463 58 graphes modernes. L’était très-peu de chose : on en choisit dans le

82 1671 1462 57 nombre pour une sixaine de francs. Revenu une seconde fois, avec un

81 1721 1465 68 autre paquet, il ne put en vendre que pour trois francs. Un peu désap¬

85 1772 1463 57 pointé, il demanda à l’acheteur quels étaient donc les autographes mo¬

82 1821 1462 59 dernes qui avaient de la valeur. On lui cita quelques noms au hasard,

83 1872 1343 57 et sans se douter de l’usage qu’il pensait faire de ces indications.

136 1928 1410 57 Les lauriers de Lucas, le mystificateur de M. Chasles, l’empêchaient,

85 1978 1461 57 paraît-il, de dormir. Il se disait sans doute que si l’on avait pu tromper

85 2029 1462 55 aussi facilement un membre de l’Institut, il y aurait plus beau jeu avec

85 2078 1463 56 de simples marchands. Voilà où était l’erreur, car le faussaire Lucas

85 2129 1462 55 eût échoué du premier coup s’il se fût adressé aux personnes qui s’oc¬

86 2178 1464 59 cupent spécialement de ce genre de curiosité. Il s’est bien gardé des

86 2229 1459 57 experts, et c’est grâce à cette prudence, et en se bornant à un seul

86 2279 1308 57 client, qu’il a pu continuer sa petite industrie pendant six ans.

140 2334 1407 57 Le jeune H. se mil donc à fabriquer des autographes sous les noms

87 2383 1461 59 qu’il avait saisis au vol dans la conversation, espérant en tirer meilleur

89 2434 1459 58 parti que de ceux, très-authentiques, mais insignifiants , qu’il avait

90 2483 1457 58 vendus. Il les fit présenter par sa mère, chez le même libraire. Le

88 2533 1454 58 commis n’était plus le même : C’était M. René Muffat, ancien libraire.

92 2583 1456 60 Il y avait environ vingt-cinq lettres. Il en offrit vingt francs. On le

92 2633 1457 58 prit au mot. Il demanda à celle femme son adresse. Elle dit s’appeler
