1850 2972
943 192 195 38 - 18 -

428 289 1351 41 qu’on ne le croit sur Ia théologie scolastique. « Quand j’estois, dit-il, de 14 à 15

428 329 1351 39 ans, et avois encore Aristote en teste, je ne lisois pas seulement les cours de

430 367 1349 40 philosophie, mais je poussois jusqu’aux théologiens de l’école. Je parcourus

428 407 1351 38 même l’abrégé de la Somme de S. Thomas, fait par un certain Ludovicus de Car¬

428 446 1349 38 bone, et feuilletois la Somme même et quelques commentateurs tant de la Somme

430 485 1347 39 que du Maistre des Sentences, et depuis je n’ay point regreté le temps employé à

428 518 1228 44 acquérir quelque connoissance des termes et doctrines de ces Messieurs. »

310 562 1467 46 4438 Lelewel (Joachim), célèbre historien et patriote polonais, un

421 606 1353 46 des principaux promoteurs du soulèvement de 1830. — L. a.

423 650 1353 46 s. au doct. Flügel, consul des Etats-Unis à Leipzig; Bruxelles,

423 694 1354 46 5 déc. 1848, 1 p. 1/2 in-8. 4 »

469 739 1305 39 Il regrette de ne pouvoir lui envoyer des autographes. « Je suis depuis long¬

430 778 1350 39 temps, dit-il, retiré du bruit de ce monde ; je n’ai plus de communications epis¬

430 817 1350 38 tolaires avec mes anciennes connaissances et mes vieux amis, qui viennent me

430 857 876 38 voir seulement quand ils passent par Bruxelles... »

313 894 1468 52 4439 Lespès (Léo), dit Timothée Trim, célèbre romancier, rédacteur

425 929 1353 54 du Petit journal, né à Bouchain (Nord). — L. a. s. à M. Dor¬

426 983 1352 45 moys, 1844, 1 p. in-8. 2 »

312 1026 1467 46 4440 Leverrier (N.-J.-Jos.), célèbre astronome, directeur de l’Ob¬

427 1071 1351 45 servatoire. — L. a. s. à Ach. Comte, 1847, 1 p. in-8. 2 »

316 1115 1462 46 4441 Liebig (Justus), le célèbre chimiste allemand. — L. a. s.,

431 1160 1346 45 1847, 1/2 p. in-4. 2 »

316 1203 1463 47 4442 Liszt (F.), le célèbre pianiste. — L. a. s. à Ricordi; Rome,

431 1247 1347 54 18 mai 1839, 3 p. in-8. 6 »

474 1293 1308 38 Curieuse épître, lestement tournée, dans laquelle il parle de son buste par

436 1331 932 39 Bartolini, de Beethoven, de Mercadante et de Schubert.

316 1369 1463 46 4443 Louis XV, roi de France. — Lettre de cachet, 1735, 1/2 p.

429 1412 1351 45 in-f. Légère déchirure. 2 »

317 1458 1468 44 4444 Louis XVI, roi des Français. — Lettre de cachet, 1783, 1/2

429 1495 1355 50 p. in-f. 2 50

321 1546 1461 47 4445 Le même. — Belle pièce sig. avec le mot bon autog. ; Ver¬

432 1590 1349 47 sailles, 4 sept. 1774, lp. in-f. 6 »

478 1635 1307 40 Ordre de payer 191,018 liv. aux maîtres des postes qui ont fait le service

441 1675 1342 39 sur les routes de Paris à Compiègne et à Fontainebleau pour les voyages de Sa

441 1714 278 37 Majesté en 1773.

324 1752 1458 46 4446 Louise-Marie de France, fille de Louis XV, religieuse car¬

436 1795 1346 54 mélite, dont l’abbé Proyart a écrit la vie. — L. a. s. au

435 1841 1348 48 comte de Vergennes, 26 juil. 1780, 2 p. 1/2 in-4. 3 »

323 1885 1462 47 4447 Malesherbes (Lamoignon de), ministre et défenseur de

436 1928 1350 48 Louis XVI. — L. s. à M. de Saint-Paul; Paris, 8 janv. 1788,

440 1974 1345 54 1 p. 1/4 in-4. 5 »

480 2018 1308 40 Il demande l’expédition du brevet de capitaine de dragons pour le comte de

441 2056 1347 42 Châteaubriand, son petit-fils (frère de l’illustre écrivain), et l’entretient d’un

440 2096 1349 39 mémoire du chevalier de Châteaubriand de la Guérande (sans doute le célèbre

440 2135 425 38 Châteaubriand lui-même).

323 2172 1464 49 4448 Mallefille (Félicien), célèbre auteur dramat., auteur des

436 2219 1354 46 Sceptiques. — L. a. s. à Verteuil, 1/2 p. in-4. 2 50

325 2271 1467 50 4449 Manin (Daniel), le promoteur de l’unité italienne. — Billet

439 2316 1349 52 de 4 lignes aut. sig., en français; 4 juil. 1856, 1/2 p. in-18. 9 »

326 2373 1466 48 4450 Marie-Antoinette, reine des Français. — L. a. s., (1792?),

441 2412 1350 50 1 p. in-18. 100 »

492 2468 1302 40 Elle donne à Diet, qui remplit depuis deux ans la survivance de garçon de la

444 2507 1350 41 Chambre, la place de Campan, dont il a fait le service. Elle ajoute : « Et je veux

445 2546 1351 40 qu'il n’en soit plus parlé. » (Campan, secrétaire intime de la reine, mari de

446 2586 811 38 Mme Campan, était malade et accablé de dettes.)

332 2628 1464 51 4451 Marie-Amélie, reine des Français. — L. a. s., en italien, à
