1841 2972
865 144 195 38 — 24 -

326 242 1373 47 Constantine, 1864, 1 p. in-8, enveloppe, et cachet représentant

329 288 1371 36 un lion. 3 50

238 331 1461 47 225 Govi (Gilbert), savant astronome italien, correspondant de

327 376 1371 46 l’Institut de France, adversaire de M. Chasles dans la question

327 423 1372 44 de la cécité de Galilée. — L. a. s. en franç.; Turin, 1863, 4 p.

328 469 1370 35 in-8. 4 »

362 513 816 40 Très-curieuse épître scientifique et philosophique.

287 601 1368 96 DICTIONNAIRE FRANÇAIS

723 698 495 36 Par TRONQUIER

379 754 1179 43 Manuscrit inédit, formant la matière d’environ 3 volumes in-f.

767 814 405 43 PRIX : 500 FR.

283 911 1418 46 Ce Dictionnaire, composé au commencement de ce siècle, est à

239 956 1460 46 la fois étymologique et grammatical. Il annonce une science

239 1000 1460 55 profonde du mécanisme de notre langue, et pourrait servir de base

239 1046 1461 47 a un grand travail lexicographique. Il est entièrement terminé,

240 1090 1460 46 mais la mort a surpris l’auteur au moment où il allait le livrer à

239 1136 1460 47 l’impression. L’abbé Sicard, à qui il a été communiqué, regarde

239 1181 1460 47 ce manuscrit, dans une lettre autographe qui y est jointe, à la date

240 1226 1457 47 de 1817, comme un ouvrage précieux, dont on peut tirer un grand

240 1271 119 45 parti.

804 1360 324 48 PRIME

291 1423 1359 36 exclusivement réservée aux Abonnés de la REVUE

690 1468 557 36 DES AUTOGRAPHES

561 1559 824 68 CORRESPONDANCE

924 1651 96 23 ENTRE

261 1705 1416 92 BOILEAU ET BROSSETTE

911 1819 123 30 PUBLIÉE

495 1861 958 41 SUR LES MANUSCRITS ORIGINAUX EN PARTIE INÉDITS

942 1922 55 21 PAR

733 1963 482 36 Auguste LAVERDET

899 2027 152 24 AVEC UNE

568 2075 821 49 INTRODUCTION DE JULES JANIN.

335 2203 1364 50 Un volume in-8° de 640 pages, imprimé en 1858 par M. Claye,

244 2248 1457 47 sur papier carré vélin, choisi par l’éditeur lui-même, avec 6 fac-

245 2293 1203 50 similé exécutés avec soin, et la généalogie de Boileau.

334 2338 1368 49 Ce magnifique volume de bibliothèque est le complément in¬

246 2382 1453 56 dispensable de toutes les éditions de Boileau, même de celles qui

246 2419 1453 58 se publieront à l’avenir, tous droits étant réservés pour Ia partie inédite.

571 2487 804 41 Au lieu de 10 fr........ UN franc.

361 2528 1226 62 Franco, par la Poste : France, 1 fr. 80; Etranger, 2 fr. 50.

252 2582 1443 33 -—-'.s -

493 2620 972 34 Rouen, J. Leecrf, imprimeur et de la Cour impériale et de la Mairie.
