1793 3007
181 162 126 40 No 21

1103 163 418 35 Mars-Avril 1869.

609 330 468 70 REVUE

810 466 67 25 DES

126 558 1448 184 AUTOGRAPHES

293 805 1106 58 DES CURIOSITÉS DE L'HISTOIRE & DE LA BIOGRAPHIE

145 929 1401 36 PARAISSANT CHAQUE MOIS, SOUS LA DIRECTION DE

563 1024 576 43 GABRIEL CHARAVAY

228 1171 477 39 ABONNEMENTS:

152 1237 648 39 France, un an (12 Numéros) 3 fr.

157 1284 575 44 Étranger .................. 4

1061 1176 317 29 BUREAUX:

891 1242 653 33 50, rue Saint-André-des-Arts,

1128 1292 170 29 à Paris.

508 1365 680 42 UN NUMÉRO : 25 CENTIMES

127 1514 1452 44 Sommaire : 1. Collection Gegner. — 2. Variétés rétrospectives. — 3. Faits

213 1559 1275 43 divers. — 4. Autographes à prix marqués. — 5. Prime.

476 1729 747 44 COLLECTION GEGNER.

176 1830 1401 53 Le 9 avril, doit avoir lieu par le ministère de Me Daupeley, et sous

125 1879 1452 54 notre direction, la vente d’une collection de lettres autographes peu

125 1930 1452 50 nombreuse, mais très-intéressante. M. Gegner, qui l’avait réunie, est

128 1979 1448 53 mort récemment des suites d’une affection de poitrine, dont il avait

125 2029 1450 52 rapporté le germe de Crimée. Il avait fait toute cette campagne en

125 2079 1452 56 qualité d’employé du Trésor C’était un homme d'une grande douceur

124 2129 1450 41 et d’une timidité extrême. Son état de souffrance le rendait même un

128 2179 1448 51 peu taciturne, aussi est-il peu connu de ses collègues les amateurs

123 2227 293 52 d’autographes.

176 2278 1397 53 M. Gegner assistait lui-même aux ventes d’autographes, quand son

125 2328 1449 52 état de santé le lui permettait, mais il n’y faisait pas de folies : quand

126 2378 1445 51 une pièce montait trop haut, il la lâchait, suivant un terme du métier.

126 2427 1449 52 Il se contentait, pour les autographes d’un grand prix, de mettre dans

127 2478 1449 51 la chemise, comme pièce d’attente, un fac-similé ou un portrait. C’est

125 2528 1450 51 ainsi que nous avons trouvé dans sa collection les noms les plus écla¬

127 2578 1449 50 tants représentés par des feuilles de l'Isographie, au nombre de plus de

126 2628 690 50 trois cents, et autant de portraits.
