1841 2972
810 127 192 52 - 22 -

289 233 1350 44 surnommée la Sapho moderne, née au Havre. — L. a. s. à Char¬

289 268 1352 56 pentier (de l'Académie); (1663), 2 p. 1 /4 in-4. Léger raccom¬

291 321 1349 46 modage. 80. »

335 372 1309 40 Charmante épître, comme elle savait les écrire, relative à l'Eglogue que vient

298 411 1345 38 de lui envoyer Charpentier. « Elle est, dit-elle, assurément très-belle et bien

296 450 1352 40 digne de vous et de son sujet. » (Cette pièce a pour titre: Louis, églogue royale.)

178 504 1462 46 4487 Simon (Jules), célèbre philosophe et publiciste, député de

289 548 1354 46 Paris, né à Lorient. — L. a. s. (à M. Gromier); Paris, 23 mai

292 593 1351 46 1868, 3 p. in-8. 6 »

336 638 1310 32 Belle et intéressante lettre toute relative a la marche à suivre dans les élec¬

295 677 1348 38 tions de 1869. Son opinion se résume ainsi : exclusion radicale de toute candida¬

296 716 1350 39 ture officielle; multiplication des candidatures au premier tour de scrutin, devoir

293 755 1347 39 strict, au second tour, de se rallier à l’opposant qui a eu le plus de voix ; ins¬

294 793 1348 39 truction primaire gratuite et obligatoire; transformation libérale des lois sur la

297 833 558 38 presse, l'armée, les réunions, etc.

178 887 1468 49 4488 Staël (Mme de), la grande prosatrice française. — L. a. s. à

290 926 1353 52 Emmery, député ; (Paris), 29 prairial, 2 p/in-8. 16 »

336 977 1306 38 Son père étant compris dans le travail dont Emmery est chargé sur les Lois

276 1015 1367 39 révolutionnaires, elle te prie de lui accorder un entretien avant de faire son

276 1054 1370 40 rapport. Sans répondre a son motif d’éloignement de ce qu’il appelle les belles

277 1093 1367 40 dames, elle ajoute: « Je vous prie de considérer qu’accouchée depuis huit jours,

275 1133 1369 39 je ne puis me rendre chez vous, et que j'ai le plus instant besoin de vous expli¬

280 1171 1260 39 quer l’affaire dont dépend la fortune de mon père et celle de mes enfants. »

182 1225 1467 46 4489 Sully, le grand ministre de Henri IV. — L. s., avec la sous-

292 1270 1356 46 cript. aut., aux trésoriers généraux de France ; Fontai¬

294 1313 1354 47 nebleau, 7 nov. 1604, 1 p. in-f. 9 »

344 1359 1305 39 Ordre d’envoyer dans quinze jours un état des condamnations, amendes et

283 1398 1171 39 confiscations, particulièrement en ce qui doit revenir au roi (Henri IV).

186 1451 1466 47 4490 Talma (F.-J.), l’illustre tragédien. — Joli billet aut. sig. à

296 1497 1352 45 Mme Laya, 1 p. in-18. 6 »

186 1556 1462 53 4491 Thiers (A.), illustre historien et homme d’Etat, de l’Acad.

299 1601 1350 46 franc., né a Marseille. —L. a. sig. A. Thiers, député de la Seine,

297 1640 1353 51 (à M.J M.-A. Gromier); Paris, 31 mars 1868, 4 p. pi. in-8. 10 »

346 1696 1306 38 Epître très-intéressante sur les élections de 1869. Des électeurs de l’Ain, dont

286 1735 1364 38 il cite les noms, lui ont offert la candidature dans ce département. Il accepte,

286 1774 1365 38 mais en se réservant sa liberté d’option en cas d’élections multiples. « C’est avec

287 1813 1361 38 regret, ajoute-t-il, que je suis rentré, à mon âge, dans la vie publique ; c'est à

286 1851 1365 39 mon corps défendant que j'y reste ; et si les électeurs de Paris ou d’ailleurs me

286 1890 1366 38 rendaient au repos, ils me causeraient un vrai soulagement et me laisseraient à des

285 1929 1365 39 travaux scientifiques que je préfère aux travaux politiques. Je ne suis soutenu

288 1967 1365 41 que par l’amour des libertés nécessaires, que je défends indépendamment de

287 2007 421 38 tout intérêt de parti...»

190 2061 1462 45 4492 Thorwaldsen (Albert), le grand sculpteur danois. — L. s.,

301 2105 1348 46 en italien; Rome, 3 janv. 1835, 1 p. in-f. 12 »

348 2150 1303 40 Belle pièce relative à son admission comme associé correspondant d’une aca¬

309 2189 230 32 démie d’Italie.

192 2242 1463 47 4493 Traviès (C.-J.), peintre et caricaturiste original, créateur

304 2286 1347 51 du type de Mayeux. — L. a. s. à Ach. Comte, 1 p. in-8. 3 »

350 2333 1302 31 Invitation à assister chez lui à une séance de J. Journet sur la théorie socié¬

311 2371 86 31 taire.

193 2425 1462 46 4494 Volney (le comte de), célèbre écrivain philosophe, né à

304 2468 1348 47 Craon. — L. a. s. au docteur Haworth, à Philadelphie; New-

305 2512 1348 46 York, 3 déc. 1796, 1 p. in-4. 6 »

349 2558 1165 38 Curieuse épître relative à la publication de ses Ruines aux Etats-Unis.
