<?xml version="1.0" encoding="utf-8"?>
<alto xmlns="http://www.loc.gov/standards/alto/ns-v4#" xmlns:xsi="http://www.w3.org/2001/XMLSchema-instance" xsi:schemaLocation="http://www.loc.gov/standards/alto/ns-v4# https://gitlab.inria.fr/scripta/escriptorium/-/raw/develop/app/escriptorium/static/alto-4-1-baselines.xsd">
<Description>
<MeasurementUnit>pixel</MeasurementUnit><sourceImageInformation><fileName>2-REV DES AUTO 1868-69 OCR-106.png</fileName></sourceImageInformation>
<OCRProcessing ID="IdOcr">
<ocrProcessingStep>
<processingDateTime>2020-10-31T11:20:41.551+01:00</processingDateTime>
<processingSoftware>
<softwareCreator>READ COOP</softwareCreator>
<softwareName>Transkribus</softwareName>
</processingSoftware>
</ocrProcessingStep>
</OCRProcessing>
</Description>
<Layout>
<Page HEIGHT="2972" ID="Page1" PHYSICAL_IMG_NR="1" WIDTH="1850">
<TopMargin HEIGHT="163" HPOS="0" VPOS="0" WIDTH="1850"/>
<LeftMargin HEIGHT="2535" HPOS="0" VPOS="163" WIDTH="245"/>
<RightMargin HEIGHT="2535" HPOS="1754" VPOS="163" WIDTH="96"/>
<BottomMargin HEIGHT="274" HPOS="0" VPOS="2698" WIDTH="1850"/>
<PrintSpace HEIGHT="2535" HPOS="245" VPOS="163" WIDTH="1509">
<TextBlock HEIGHT="42" HPOS="878" ID="r_1_1" VPOS="170" WIDTH="195">
<Shape>
<Polygon POINTS="878 170 1073 170 1073 212 878 212"/>
</Shape>
<TextLine BASELINE="879 211 1072 211" HEIGHT="40" HPOS="879" ID="tl_1" VPOS="171" WIDTH="193">
<String CONTENT="- 18 -" HEIGHT="40" HPOS="879" ID="string_tl_1" VPOS="171" WIDTH="193"/>
</TextLine>
</TextBlock>
<TextBlock HEIGHT="49" HPOS="252" ID="r_2_1" VPOS="268" WIDTH="1464">
<Shape>
<Polygon POINTS="252 268 1716 268 1716 317 252 317"/>
</Shape>
<TextLine BASELINE="253 316 1715 316" HEIGHT="47" HPOS="253" ID="tl_2" VPOS="269" WIDTH="1462">
<String CONTENT="129 Mercier (L.-Séb. ), conventionnel, littérateur, de l’Acad. fr.," HEIGHT="47" HPOS="253" ID="string_tl_2" VPOS="269" WIDTH="1462"/>
</TextLine>
</TextBlock>
<TextBlock HEIGHT="82" HPOS="334" ID="r_2_2" VPOS="314" WIDTH="1386">
<Shape>
<Polygon POINTS="334 314 1720 314 1720 396 334 396"/>
</Shape>
<TextLine BASELINE="335 361 1715 361" HEIGHT="46" HPOS="335" ID="tl_3" VPOS="315" WIDTH="1380">
<String CONTENT="auteur du Tableau de Paris. — Billet aut. sig. au lib. Buisson," HEIGHT="46" HPOS="335" ID="string_tl_3" VPOS="315" WIDTH="1380"/>
</TextLine>
<TextLine BASELINE="343 395 1719 395" HEIGHT="34" HPOS="343" ID="tl_4" VPOS="361" WIDTH="1376">
<String CONTENT="1791. 2 50" HEIGHT="34" HPOS="343" ID="string_tl_4" VPOS="361" WIDTH="1376"/>
</TextLine>
</TextBlock>
<TextBlock HEIGHT="51" HPOS="253" ID="r_2_3" VPOS="407" WIDTH="1466">
<Shape>
<Polygon POINTS="253 407 1719 407 1719 458 253 458"/>
</Shape>
<TextLine BASELINE="254 457 1718 457" HEIGHT="49" HPOS="254" ID="tl_5" VPOS="408" WIDTH="1464">
<String CONTENT="130 Meyerbeer (G.), illustre compositeur. — L. a. s., en français" HEIGHT="49" HPOS="254" ID="string_tl_5" VPOS="408" WIDTH="1464"/>
</TextLine>
</TextBlock>
<TextBlock HEIGHT="53" HPOS="337" ID="r_2_4" VPOS="453" WIDTH="1379">
<Shape>
<Polygon POINTS="337 453 1716 453 1716 506 337 506"/>
</Shape>
<TextLine BASELINE="338 505 1715 505" HEIGHT="51" HPOS="338" ID="tl_6" VPOS="454" WIDTH="1377">
<String CONTENT="à M. Gouin; Dieppe, 12 août 1835, 2 p. in-4. 6 »" HEIGHT="51" HPOS="338" ID="string_tl_6" VPOS="454" WIDTH="1377"/>
</TextLine>
</TextBlock>
<TextBlock HEIGHT="43" HPOS="378" ID="r_2_5" VPOS="499" WIDTH="854">
<Shape>
<Polygon POINTS="378 499 1232 499 1232 542 378 542"/>
</Shape>
<TextLine BASELINE="379 541 1231 541" HEIGHT="41" HPOS="379" ID="tl_7" VPOS="500" WIDTH="852">
<String CONTENT="Très-belle lettre relative à une répétition à l’Opéra." HEIGHT="41" HPOS="379" ID="string_tl_7" VPOS="500" WIDTH="852"/>
</TextLine>
</TextBlock>
<TextBlock HEIGHT="49" HPOS="255" ID="r_2_6" VPOS="543" WIDTH="1466">
<Shape>
<Polygon POINTS="255 543 1721 543 1721 592 255 592"/>
</Shape>
<TextLine BASELINE="256 591 1720 591" HEIGHT="47" HPOS="256" ID="tl_8" VPOS="544" WIDTH="1464">
<String CONTENT="131 Michel (Cl.-Et., baron), général, commandant les grenadiers" HEIGHT="47" HPOS="256" ID="string_tl_8" VPOS="544" WIDTH="1464"/>
</TextLine>
</TextBlock>
<TextBlock HEIGHT="138" HPOS="337" ID="r_2_7" VPOS="588" WIDTH="1385">
<Shape>
<Polygon POINTS="337 588 1722 588 1722 726 337 726"/>
</Shape>
<TextLine BASELINE="338 641 1720 641" HEIGHT="52" HPOS="338" ID="tl_9" VPOS="589" WIDTH="1382">
<String CONTENT="de la garde, nui aurait prononcé à Waterloo le fameux mot at¬" HEIGHT="52" HPOS="338" ID="string_tl_9" VPOS="589" WIDTH="1382"/>
</TextLine>
<TextLine BASELINE="340 685 1721 685" HEIGHT="54" HPOS="340" ID="tl_10" VPOS="631" WIDTH="1381">
<String CONTENT="tribué à Cambronne par Victor Hugo, né dans le Jura. — Apos¬" HEIGHT="54" HPOS="340" ID="string_tl_10" VPOS="631" WIDTH="1381"/>
</TextLine>
<TextLine BASELINE="340 725 1720 725" HEIGHT="46" HPOS="340" ID="tl_11" VPOS="679" WIDTH="1380">
<String CONTENT="tille autog. sig., 1 p. in-18. 3 »" HEIGHT="46" HPOS="340" ID="string_tl_11" VPOS="679" WIDTH="1380"/>
</TextLine>
</TextBlock>
<TextBlock HEIGHT="48" HPOS="257" ID="r_2_8" VPOS="728" WIDTH="1468">
<Shape>
<Polygon POINTS="257 728 1725 728 1725 776 257 776"/>
</Shape>
<TextLine BASELINE="258 775 1724 775" HEIGHT="46" HPOS="258" ID="tl_12" VPOS="729" WIDTH="1466">
<String CONTENT="132 Millin (L.), savant antiquaire, de l’Institut. — L. a. s. à" HEIGHT="46" HPOS="258" ID="string_tl_12" VPOS="729" WIDTH="1466"/>
</TextLine>
</TextBlock>
<TextBlock HEIGHT="47" HPOS="341" ID="r_2_9" VPOS="773" WIDTH="1384">
<Shape>
<Polygon POINTS="341 773 1725 773 1725 820 341 820"/>
</Shape>
<TextLine BASELINE="342 819 1724 819" HEIGHT="45" HPOS="342" ID="tl_13" VPOS="774" WIDTH="1382">
<String CONTENT="M. Fischer, (1815), 1 p. in-4. 2 50" HEIGHT="45" HPOS="342" ID="string_tl_13" VPOS="774" WIDTH="1382"/>
</TextLine>
</TextBlock>
<TextBlock HEIGHT="81" HPOS="345" ID="r_2_10" VPOS="819" WIDTH="1380">
<Shape>
<Polygon POINTS="345 819 1725 819 1725 900 345 900"/>
</Shape>
<TextLine BASELINE="385 860 1724 860" HEIGHT="40" HPOS="385" ID="tl_14" VPOS="820" WIDTH="1339">
<String CONTENT="Curieuse épitre dans laquelle il parle de l’incendie de sa précieuse bibliothèque," HEIGHT="40" HPOS="385" ID="string_tl_14" VPOS="820" WIDTH="1339"/>
</TextLine>
<TextLine BASELINE="346 899 1280 899" HEIGHT="40" HPOS="346" ID="tl_15" VPOS="859" WIDTH="934">
<String CONTENT="dont la destruction partielle lui causa un grand chagrin." HEIGHT="40" HPOS="346" ID="string_tl_15" VPOS="859" WIDTH="934"/>
</TextLine>
</TextBlock>
<TextBlock HEIGHT="93" HPOS="258" ID="r_2_11" VPOS="903" WIDTH="1467">
<Shape>
<Polygon POINTS="258 903 1725 903 1725 996 258 996"/>
</Shape>
<TextLine BASELINE="259 949 1724 949" HEIGHT="45" HPOS="259" ID="tl_16" VPOS="904" WIDTH="1465">
<String CONTENT="133 Le même. — L. a. s. à M. Guillemot, à la Rochelle; Biblio¬" HEIGHT="45" HPOS="259" ID="string_tl_16" VPOS="904" WIDTH="1465"/>
</TextLine>
<TextLine BASELINE="344 995 1724 995" HEIGHT="46" HPOS="344" ID="tl_17" VPOS="949" WIDTH="1380">
<String CONTENT="thèque du roi, 1817, 2 p. in-4. 3 »" HEIGHT="46" HPOS="344" ID="string_tl_17" VPOS="949" WIDTH="1380"/>
</TextLine>
</TextBlock>
<TextBlock HEIGHT="112" HPOS="345" ID="r_2_12" VPOS="994" WIDTH="1382">
<Shape>
<Polygon POINTS="345 994 1727 994 1727 1106 345 1106"/>
</Shape>
<TextLine BASELINE="386 1034 1726 1034" HEIGHT="39" HPOS="386" ID="tl_18" VPOS="995" WIDTH="1340">
<String CONTENT="Relative à un échange de médailles entre un particulier et le Cabinet des mé¬" HEIGHT="39" HPOS="386" ID="string_tl_18" VPOS="995" WIDTH="1340"/>
</TextLine>
<TextLine BASELINE="346 1075 1726 1075" HEIGHT="41" HPOS="346" ID="tl_19" VPOS="1034" WIDTH="1380">
<String CONTENT="dailles, dont il était conservateur. Il explique comment ces échanges ont ordinai¬" HEIGHT="41" HPOS="346" ID="string_tl_19" VPOS="1034" WIDTH="1380"/>
</TextLine>
<TextLine BASELINE="346 1105 542 1105" HEIGHT="31" HPOS="346" ID="tl_20" VPOS="1074" WIDTH="196">
<String CONTENT="rement lieu." HEIGHT="31" HPOS="346" ID="string_tl_20" VPOS="1074" WIDTH="196"/>
</TextLine>
</TextBlock>
<TextBlock HEIGHT="49" HPOS="262" ID="r_2_13" VPOS="1117" WIDTH="1467">
<Shape>
<Polygon POINTS="262 1117 1729 1117 1729 1166 262 1166"/>
</Shape>
<TextLine BASELINE="263 1165 1728 1165" HEIGHT="47" HPOS="263" ID="tl_21" VPOS="1118" WIDTH="1465">
<String CONTENT="134 Monge (Gaspard), illustre géomètre, né à Beaune. — L. a. s.," HEIGHT="47" HPOS="263" ID="string_tl_21" VPOS="1118" WIDTH="1465"/>
</TextLine>
</TextBlock>
<TextBlock HEIGHT="49" HPOS="348" ID="r_2_14" VPOS="1162" WIDTH="1382">
<Shape>
<Polygon POINTS="348 1162 1730 1162 1730 1211 348 1211"/>
</Shape>
<TextLine BASELINE="349 1210 1729 1210" HEIGHT="47" HPOS="349" ID="tl_22" VPOS="1163" WIDTH="1380">
<String CONTENT="10 mess, an II, 1 p. in-4. 7 »" HEIGHT="47" HPOS="349" ID="string_tl_22" VPOS="1163" WIDTH="1380"/>
</TextLine>
</TextBlock>
<TextBlock HEIGHT="48" HPOS="263" ID="r_2_15" VPOS="1213" WIDTH="1469">
<Shape>
<Polygon POINTS="263 1213 1732 1213 1732 1261 263 1261"/>
</Shape>
<TextLine BASELINE="264 1260 1731 1260" HEIGHT="46" HPOS="264" ID="tl_23" VPOS="1214" WIDTH="1467">
<String CONTENT="135 Montfaucon (Bernard de), illustre bénédictin, auteur de" HEIGHT="46" HPOS="264" ID="string_tl_23" VPOS="1214" WIDTH="1467"/>
</TextLine>
</TextBlock>
<TextBlock HEIGHT="93" HPOS="346" ID="r_2_16" VPOS="1258" WIDTH="1383">
<Shape>
<Polygon POINTS="346 1258 1729 1258 1729 1351 346 1351"/>
</Shape>
<TextLine BASELINE="347 1306 1728 1306" HEIGHT="47" HPOS="347" ID="tl_24" VPOS="1259" WIDTH="1381">
<String CONTENT="l'Antiquité expliquée, né près de Narbonne. — L. a. s. (au card." HEIGHT="47" HPOS="347" ID="string_tl_24" VPOS="1259" WIDTH="1381"/>
</TextLine>
<TextLine BASELINE="348 1350 1728 1350" HEIGHT="46" HPOS="348" ID="tl_25" VPOS="1304" WIDTH="1380">
<String CONTENT="de Bouillon); Paris, 21 oct. 1707, 3 p. in-4. 15 »" HEIGHT="46" HPOS="348" ID="string_tl_25" VPOS="1304" WIDTH="1380"/>
</TextLine>
</TextBlock>
<TextBlock HEIGHT="122" HPOS="349" ID="r_2_17" VPOS="1348" WIDTH="1383">
<Shape>
<Polygon POINTS="349 1348 1732 1348 1732 1470 349 1470"/>
</Shape>
<TextLine BASELINE="389 1390 1731 1390" HEIGHT="41" HPOS="389" ID="tl_26" VPOS="1349" WIDTH="1342">
<String CONTENT="Très-belle lettre sur sa Paléographie grecque. ouvrage qui est bien accueilli du" HEIGHT="41" HPOS="389" ID="string_tl_26" VPOS="1349" WIDTH="1342"/>
</TextLine>
<TextLine BASELINE="350 1430 1729 1430" HEIGHT="47" HPOS="350" ID="tl_27" VPOS="1383" WIDTH="1379">
<String CONTENT="public. Ils sont en deuil de la mort de Dom Ruinard, et lui en particulier, qui" HEIGHT="47" HPOS="350" ID="string_tl_27" VPOS="1383" WIDTH="1379"/>
</TextLine>
<TextLine BASELINE="350 1469 1176 1469" HEIGHT="40" HPOS="350" ID="tl_28" VPOS="1429" WIDTH="826">
<String CONTENT="avait une grande amitié pour ce savant religieux." HEIGHT="40" HPOS="350" ID="string_tl_28" VPOS="1429" WIDTH="826"/>
</TextLine>
</TextBlock>
<TextBlock HEIGHT="49" HPOS="263" ID="r_2_18" VPOS="1472" WIDTH="1470">
<Shape>
<Polygon POINTS="263 1472 1733 1472 1733 1521 263 1521"/>
</Shape>
<TextLine BASELINE="264 1520 1732 1520" HEIGHT="47" HPOS="264" ID="tl_29" VPOS="1473" WIDTH="1468">
<String CONTENT="136 Montholon (le général de), compagnon d’infortune do Napo¬" HEIGHT="47" HPOS="264" ID="string_tl_29" VPOS="1473" WIDTH="1468"/>
</TextLine>
</TextBlock>
<TextBlock HEIGHT="95" HPOS="348" ID="r_2_19" VPOS="1517" WIDTH="1386">
<Shape>
<Polygon POINTS="348 1517 1734 1517 1734 1612 348 1612"/>
</Shape>
<TextLine BASELINE="349 1566 1729 1566" HEIGHT="48" HPOS="349" ID="tl_30" VPOS="1518" WIDTH="1380">
<String CONTENT="léon 1er, puis de Napoléon III. — L. a. s.; citadelle de Ham," HEIGHT="48" HPOS="349" ID="string_tl_30" VPOS="1518" WIDTH="1380"/>
</TextLine>
<TextLine BASELINE="352 1611 1733 1611" HEIGHT="47" HPOS="352" ID="tl_31" VPOS="1564" WIDTH="1381">
<String CONTENT="1842, 1 p. in-8, cachet à ses armes. 2 50" HEIGHT="47" HPOS="352" ID="string_tl_31" VPOS="1564" WIDTH="1381"/>
</TextLine>
</TextBlock>
<TextBlock HEIGHT="49" HPOS="266" ID="r_2_20" VPOS="1618" WIDTH="1469">
<Shape>
<Polygon POINTS="266 1618 1735 1618 1735 1667 266 1667"/>
</Shape>
<TextLine BASELINE="267 1666 1734 1666" HEIGHT="47" HPOS="267" ID="tl_32" VPOS="1619" WIDTH="1467">
<String CONTENT="137 Moreau (Elise), célèbre femme poète, née près de Niort.—" HEIGHT="47" HPOS="267" ID="string_tl_32" VPOS="1619" WIDTH="1467"/>
</TextLine>
</TextBlock>
<TextBlock HEIGHT="48" HPOS="348" ID="r_2_21" VPOS="1664" WIDTH="1386">
<Shape>
<Polygon POINTS="348 1664 1734 1664 1734 1712 348 1712"/>
</Shape>
<TextLine BASELINE="349 1711 1733 1711" HEIGHT="46" HPOS="349" ID="tl_33" VPOS="1665" WIDTH="1384">
<String CONTENT="L. a. s. ; Parthenay, 1838, 3 p. in-8. 2 »" HEIGHT="46" HPOS="349" ID="string_tl_33" VPOS="1665" WIDTH="1384"/>
</TextLine>
</TextBlock>
<TextBlock HEIGHT="43" HPOS="391" ID="r_2_22" VPOS="1709" WIDTH="1163">
<Shape>
<Polygon POINTS="391 1709 1554 1709 1554 1752 391 1752"/>
</Shape>
<TextLine BASELINE="392 1751 1553 1751" HEIGHT="41" HPOS="392" ID="tl_34" VPOS="1710" WIDTH="1161">
<String CONTENT="Charmante épître sur ses succès poétiques et la société de Parthenay." HEIGHT="41" HPOS="392" ID="string_tl_34" VPOS="1710" WIDTH="1161"/>
</TextLine>
</TextBlock>
<TextBlock HEIGHT="49" HPOS="268" ID="r_2_23" VPOS="1759" WIDTH="1468">
<Shape>
<Polygon POINTS="268 1759 1736 1759 1736 1808 268 1808"/>
</Shape>
<TextLine BASELINE="269 1807 1735 1807" HEIGHT="47" HPOS="269" ID="tl_35" VPOS="1760" WIDTH="1466">
<String CONTENT="138 Morlot (F.-N.), cardinal-archevêque de Tours, puis de Paris," HEIGHT="47" HPOS="269" ID="string_tl_35" VPOS="1760" WIDTH="1466"/>
</TextLine>
</TextBlock>
<TextBlock HEIGHT="94" HPOS="357" ID="r_2_24" VPOS="1804" WIDTH="1380">
<Shape>
<Polygon POINTS="357 1804 1737 1804 1737 1898 357 1898"/>
</Shape>
<TextLine BASELINE="362 1853 1736 1853" HEIGHT="48" HPOS="362" ID="tl_36" VPOS="1805" WIDTH="1374">
<String CONTENT="né à Langres, mort en 1863. — L. a. s.; Tours, 19 fév. 1855," HEIGHT="48" HPOS="362" ID="string_tl_36" VPOS="1805" WIDTH="1374"/>
</TextLine>
<TextLine BASELINE="358 1897 1736 1897" HEIGHT="45" HPOS="358" ID="tl_37" VPOS="1852" WIDTH="1378">
<String CONTENT="1 p. 1/2 in-8. 2 50" HEIGHT="45" HPOS="358" ID="string_tl_37" VPOS="1852" WIDTH="1378"/>
</TextLine>
</TextBlock>
<TextBlock HEIGHT="42" HPOS="397" ID="r_2_25" VPOS="1895" WIDTH="1273">
<Shape>
<Polygon POINTS="397 1895 1670 1895 1670 1937 397 1937"/>
</Shape>
<TextLine BASELINE="398 1936 1669 1936" HEIGHT="40" HPOS="398" ID="tl_38" VPOS="1896" WIDTH="1271">
<String CONTENT="Il refuse à un peintre de faire figurer son portrait à l’exposition universelle." HEIGHT="40" HPOS="398" ID="string_tl_38" VPOS="1896" WIDTH="1271"/>
</TextLine>
</TextBlock>
<TextBlock HEIGHT="50" HPOS="270" ID="r_2_26" VPOS="1944" WIDTH="1468">
<Shape>
<Polygon POINTS="270 1944 1738 1944 1738 1994 270 1994"/>
</Shape>
<TextLine BASELINE="271 1993 1737 1993" HEIGHT="48" HPOS="271" ID="tl_39" VPOS="1945" WIDTH="1466">
<String CONTENT="139 Morone (Jérôme), premier ministre de Maximilien et de" HEIGHT="48" HPOS="271" ID="string_tl_39" VPOS="1945" WIDTH="1466"/>
</TextLine>
</TextBlock>
<TextBlock HEIGHT="185" HPOS="352" ID="r_2_27" VPOS="1990" WIDTH="1388">
<Shape>
<Polygon POINTS="352 1990 1740 1990 1740 2175 352 2175"/>
</Shape>
<TextLine BASELINE="353 2040 1738 2040" HEIGHT="49" HPOS="353" ID="tl_40" VPOS="1991" WIDTH="1385">
<String CONTENT="François Sforce, politique cauteleux, tour à tour ligué avec" HEIGHT="49" HPOS="353" ID="string_tl_40" VPOS="1991" WIDTH="1385"/>
</TextLine>
<TextLine BASELINE="353 2086 1739 2086" HEIGHT="56" HPOS="353" ID="tl_41" VPOS="2030" WIDTH="1386">
<String CONTENT="Charles-Quint et Léon X, avec François Ier et avec le conné¬" HEIGHT="56" HPOS="353" ID="string_tl_41" VPOS="2030" WIDTH="1386"/>
</TextLine>
<TextLine BASELINE="353 2129 1739 2129" HEIGHT="48" HPOS="353" ID="tl_42" VPOS="2081" WIDTH="1386">
<String CONTENT="table de Bourbon, qu’il suivit au sac de Rome. — Belle pièce" HEIGHT="48" HPOS="353" ID="string_tl_42" VPOS="2081" WIDTH="1386"/>
</TextLine>
<TextLine BASELINE="354 2174 1739 2174" HEIGHT="47" HPOS="354" ID="tl_43" VPOS="2127" WIDTH="1385">
<String CONTENT="sig.; Milan, 15 nov. 1521, 1 p. in-f. Rare. 5 »" HEIGHT="47" HPOS="354" ID="string_tl_43" VPOS="2127" WIDTH="1385"/>
</TextLine>
</TextBlock>
<TextBlock HEIGHT="52" HPOS="271" ID="r_2_28" VPOS="2178" WIDTH="1470">
<Shape>
<Polygon POINTS="271 2178 1741 2178 1741 2230 271 2230"/>
</Shape>
<TextLine BASELINE="272 2229 1740 2229" HEIGHT="50" HPOS="272" ID="tl_44" VPOS="2179" WIDTH="1468">
<String CONTENT="140 Napoléon 1er, empereur des Français. — Brevet sig. sur vélin," HEIGHT="50" HPOS="272" ID="string_tl_44" VPOS="2179" WIDTH="1468"/>
</TextLine>
</TextBlock>
<TextBlock HEIGHT="55" HPOS="357" ID="r_2_29" VPOS="2219" WIDTH="1384">
<Shape>
<Polygon POINTS="357 2219 1741 2219 1741 2274 357 2274"/>
</Shape>
<TextLine BASELINE="358 2273 1740 2273" HEIGHT="53" HPOS="358" ID="tl_45" VPOS="2220" WIDTH="1382">
<String CONTENT="avec la belle vignette de Roger, an XI, in-f. 3 »" HEIGHT="53" HPOS="358" ID="string_tl_45" VPOS="2220" WIDTH="1382"/>
</TextLine>
</TextBlock>
<TextBlock HEIGHT="51" HPOS="272" ID="r_2_30" VPOS="2279" WIDTH="1470">
<Shape>
<Polygon POINTS="272 2279 1742 2279 1742 2330 272 2330"/>
</Shape>
<TextLine BASELINE="273 2329 1741 2329" HEIGHT="49" HPOS="273" ID="tl_46" VPOS="2280" WIDTH="1468">
<String CONTENT="141 Le même. — L. sig. N, au baron de la Bouillerie; Paris," HEIGHT="49" HPOS="273" ID="string_tl_46" VPOS="2280" WIDTH="1468"/>
</TextLine>
</TextBlock>
<TextBlock HEIGHT="57" HPOS="355" ID="r_2_31" VPOS="2318" WIDTH="1386">
<Shape>
<Polygon POINTS="355 2318 1741 2318 1741 2375 355 2375"/>
</Shape>
<TextLine BASELINE="356 2374 1740 2374" HEIGHT="55" HPOS="356" ID="tl_47" VPOS="2319" WIDTH="1384">
<String CONTENT="24 janv. 1814, 1/2 p. in-4. 6 »" HEIGHT="55" HPOS="356" ID="string_tl_47" VPOS="2319" WIDTH="1384"/>
</TextLine>
</TextBlock>
<TextBlock HEIGHT="81" HPOS="359" ID="r_2_32" VPOS="2371" WIDTH="1387">
<Shape>
<Polygon POINTS="359 2371 1746 2371 1746 2452 359 2452"/>
</Shape>
<TextLine BASELINE="400 2412 1745 2412" HEIGHT="40" HPOS="400" ID="tl_48" VPOS="2372" WIDTH="1345">
<String CONTENT="Ordre de compter 500,000 francs au roi Joseph, sur son apanage. Au bas est" HEIGHT="40" HPOS="400" ID="string_tl_48" VPOS="2372" WIDTH="1345"/>
</TextLine>
<TextLine BASELINE="360 2451 760 2451" HEIGHT="38" HPOS="360" ID="tl_49" VPOS="2413" WIDTH="400">
<String CONTENT="le reçu aut. sig. du roi." HEIGHT="38" HPOS="360" ID="string_tl_49" VPOS="2413" WIDTH="400"/>
</TextLine>
</TextBlock>
<TextBlock HEIGHT="50" HPOS="271" ID="r_2_33" VPOS="2460" WIDTH="1473">
<Shape>
<Polygon POINTS="271 2460 1744 2460 1744 2510 271 2510"/>
</Shape>
<TextLine BASELINE="272 2509 1743 2509" HEIGHT="48" HPOS="272" ID="tl_50" VPOS="2461" WIDTH="1471">
<String CONTENT="142 Le même. — 4 petites lignes aut. sig. Bonaparte, 1 p. in-32. 6 »" HEIGHT="48" HPOS="272" ID="string_tl_50" VPOS="2461" WIDTH="1471"/>
</TextLine>
</TextBlock>
<TextBlock HEIGHT="74" HPOS="356" ID="r_2_34" VPOS="2507" WIDTH="1391">
<Shape>
<Polygon POINTS="356 2507 1747 2507 1747 2581 356 2581"/>
</Shape>
<TextLine BASELINE="408 2549 1746 2549" HEIGHT="41" HPOS="408" ID="tl_51" VPOS="2508" WIDTH="1338">
<String CONTENT="Recommandation pour faire exempter quelqu'un du service militaire comme" HEIGHT="41" HPOS="408" ID="string_tl_51" VPOS="2508" WIDTH="1338"/>
</TextLine>
<TextLine BASELINE="357 2580 833 2580" HEIGHT="31" HPOS="357" ID="tl_52" VPOS="2549" WIDTH="476">
<String CONTENT="artiste ou homme de lettres." HEIGHT="31" HPOS="357" ID="string_tl_52" VPOS="2549" WIDTH="476"/>
</TextLine>
</TextBlock>
<TextBlock HEIGHT="51" HPOS="273" ID="r_2_35" VPOS="2595" WIDTH="1474">
<Shape>
<Polygon POINTS="273 2595 1747 2595 1747 2646 273 2646"/>
</Shape>
<TextLine BASELINE="274 2645 1746 2645" HEIGHT="49" HPOS="274" ID="tl_53" VPOS="2596" WIDTH="1472">
<String CONTENT="143 Napoléon III, empereur des Français. — Belle pièce sig.," HEIGHT="49" HPOS="274" ID="string_tl_53" VPOS="2596" WIDTH="1472"/>
</TextLine>
</TextBlock>
<TextBlock HEIGHT="56" HPOS="363" ID="r_2_36" VPOS="2635" WIDTH="1383">
<Shape>
<Polygon POINTS="363 2635 1746 2635 1746 2691 363 2691"/>
</Shape>
<TextLine BASELINE="364 2690 1745 2690" HEIGHT="54" HPOS="364" ID="tl_54" VPOS="2636" WIDTH="1381">
<String CONTENT="1856, 1 p. in-f. 8 »" HEIGHT="54" HPOS="364" ID="string_tl_54" VPOS="2636" WIDTH="1381"/>
</TextLine>
</TextBlock>
</PrintSpace>
</Page>
</Layout>
</alto>