1841 2972
916 177 174 36 — 4 —

277 274 1462 52 Michel (de là le nom de mère Michel qu’on lui a donné dans les jour¬

276 324 1464 52 naux), et donna une adresse. Informations prises, adresse et nom se

277 375 1457 51 trouvèrent faux. Il en était malheureusement de même des autographes.

326 436 1412 51 M. Muffat, qui avait conçu quelques doutes, fit présenter ces auto¬

274 487 1465 52 graphes à M Etienne Charavay, qui n’eut pas de peine à reconnaître

276 530 1462 59 la fraude, évidente pour un'expert. A quelques jours de là. la

274 587 1460 52 mère II. présentait un nouveau lot d’autographes de la même farine,

274 638 1464 52 non plus à M. Muffat, qui se fût contenté de la chasser avec semonce

271 688 1468 52 et menaces, mais à M Etienne Charavay, qui la fit arrêter. En présence

271 731 1467 58 de M. Bérillon, commissaire de police au Palais-de-Justice, elle dut

271 789 1467 50 décliner ses véritables noms et adresse. Elle avoua, en larmes, que ces

271 839 1466 53 autographes avaient été fabriqués par son fils, employé à la Compagnie

269 889 1465 49 d’assurance le Soleil. On a arrêté celui-ci à son bureau, où il était en

270 939 1464 53 train de copier un autographe de Silvio Pellico, et l’on fit perquisition

268 989 1467 53 à son domicile, à Levallois-Perret. On y trouva des autographes faux

268 1040 1469 51 mêlés avec des vrais, des fac-similé d’écritures et des feuilles de garde

265 1091 629 40 arrachées à des livres anciens.

315 1150 1413 53 Ce jeune homme, âgé de vingt-huit ans, est marié et père de famille.

268 1202 1461 52 Il avait également son père; tous habitaient le même domicile. La mère,

266 1252 1468 52 en déclarant le nom de son fils, avait ajouté, les larmes aux veux, que

265 1302 1467 52 son emploi à la Compagnie d’assurance ne lui permettant pas de vivre,

267 1352 1469 53 il fabriquait ces faux autographes pour subvenir à ses nombreuses

265 1402 1469 52 charges. On se demande quelles ressources pouvaient apporter dans

262 1453 1471 54 cette malheureuse famille les vingt francs qu’ont produit les vingt-cinq

264 1503 1469 53 autographes faux vendus à M. Muffat! Est-ce donc la peine de s’appli¬

264 1554 1465 52 quer, de tâtonner sur des originaux ou des fac-similé, de rassembler du

264 1604 1469 52 papier ad hoc, etc., pour toucher moins d’un franc par pièce? Le

264 1644 1474 62 pauvre diable n’eût-il pas plus gagné à copier des exploits d’huissier ?

314 1710 1423 52 C’est peut-être ce qu’il eût fini par reconnaître s’il n’eût pas été

263 1760 1472 52 surpris au début de sa carrière. Du reste, il ne pouvait aller loin.

268 1810 1470 52 Autour de soi, on trouve peu de personnes disposées à acheter des auto¬

266 1860 1471 57 graphes. Pour placer ces objets de curiosité, il faut avoir recours

266 1910 1474 53 aux experts qui en font le commerce, qui seuls peuvent les

268 1960 1469 52 écouler, parce qu’ils ont la confiance des amateurs, à qui ils garan¬

268 2010 1470 54 tissent l’authenticité des pièces. Mais s’adresser aux experts, qui ont

269 2061 1471 52 l’expérience et tous les moyens de vérification, c’est se mettre, comme

268 2111 822 52 dit le proverbe, dans la gueule du loup.

321 2169 1418 53 Voilà toute celle fameuse histoire dont les journaux ont fait si grand

272 2220 1468 52 bruit, sous le titre plaisant des Autographes de la mère Michel. On a

270 2269 1472 53 dit que cette affaire, venant à la suite de celle de Lucas, devait porter

273 2320 1469 52 un coup terrible au goût des autographes. C’est une erreur. Les vrais

271 2371 1472 53 amateurs n’en sont pas le moins du monde émus : ce n’est pas auprès

270 2421 1468 52 d’eux que réussiraient les ridicules pastiches de Lucas et du jeune H. :

274 2471 1467 51 ils savent démêler le faux du vrai, et, quand ils achètent, c’est tou¬

264 2522 403 51 jours à bon escient.
