1841 2972
856 118 166 59 - 2 -

210 234 1451 52 daient qu'alors Galilée était entièrement aveugle, et que, conséquem¬

212 284 1452 52 ment, les lettres de sa collection, attribuées à ce grand homme, et

210 335 1449 52 portant une date de cette époque, ou postérieure, étaient apocryphes.

262 386 1402 51 M. Chasles s’empressa de se prévaloir de cette mention. Il pria

213 436 1452 52 M. Govi, correspondant de l’Institut de France, en Italie, de rechercher

210 487 1454 52 à la Bibliothèque de Florence la lettre en question. Celui-ci répondit

212 538 1452 51 par une note insérée dans les Comptes-rendus de l'Académie des

212 589 1450 52 Sciences, n° 13, qu’il n’avait point trouvé cette lettre dans le recueil

212 640 1448 50 indiqué. Il ne pouvait accepter une semblable situation. M. Barbéra,

211 689 1453 54 l’éminent imprimeur-éditeur de Florence, voulut bien se charger, à ma

209 741 1455 50 demande, de faire faire les démarches nécessaires pour retrouver la

211 791 1452 46 lettre introuvable. Le 14 avril, M. Guinio Carbone, conservateur de la

210 842 1454 52 Bibliothèque nationale, m’adressait un certificat authentique, signé

207 892 1456 46 de lui et de deux de ses confrères, comme témoins, établissant

211 942 1453 53 l’existence de la lettre du 8 novembre 1639, mais où il était dit qu’elle

208 993 1450 52 n’était point écrite de la main de Galilée, mais de celle de son neveu,

212 1045 1449 50 Vincent Galilée, qui imitait son écriture de manière à dérouter les

208 1096 614 50 calligraphes les plus experts.

257 1161 1408 53 J’avais pu me tromper, en effet, dans l'examen rapide d’une pièce

208 1213 1456 52 qui eût pu embarrasser les plus lins calligraphes. La pièce était

208 1263 1455 59 retrouvée, c’était l’essentiel pour moi ; j’envoyai le certilicat à

210 1313 1454 46 M. Chasles, lui laissant le soin des vérifications ultérieures. Mais les

208 1364 590 53 choses prirent un autre tour.

263 1432 1400 40 L’attestation de M. Carbone contenait un extrait de la lettre du

210 1482 1453 51 5 novembre 1639; il fut reconnu ensuite qu’elle faisait partie du

211 1533 1453 51 recueil publié par M. Alberi. Vite, le faussaire en fabrique trois

210 1583 1458 53 exemplaires, qu’il livre à M. Chasles, l’un comme l’original, les deux

210 1633 1459 51 autres comme des copies. Et voilà notre savant, dont la bonhomie

210 1685 1458 52 éclate ici dans tout son jour, proclamant à l’Académie des Sciences

210 1735 1456 51 qu’il possède l’original et qu’ils n’ont qu’une copie à Florence. Il

211 1786 1454 51 fait faire et envoie à Florence une photographie d’une des trois pièces.

211 1836 1453 52 On répond que cela n’a aucun rapport avec l'écriture de Galilée.

212 1887 1458 52 Troublé, il déclare qu’il s’est trompé, qu’il a pris une copie pour l’origi¬

212 1938 1201 52 nal, et s’empresse d’envoyer une photographie de celui-ci.

266 1989 1403 50 Une commission fut alors nommée à Florence, mais les vacances

213 2039 1456 52 ajournèrent un peu l’examen. Pendant ce temps, M. Leverrier lit à

215 2089 1455 52 l’Académie des Sciences une charge à fond de train contre la fameuse

213 2141 1456 52 collection, reprenant habilement les arguments de M. Faugère et y

214 2191 1457 52 ajoutant des démonstrations scientifiques irrésistibles. M. Chasles com¬

216 2242 1454 51 mençait à être inquiet, et sa foi s’ébranlait. Il conçut des doutes sur les

214 2283 1457 72 contés que lui faisait son vendeur sur la provenance de toutes ces

216 2343 1455 53 pièces, Quinze jours avant sa déclaration à rAcadémie, il prit, auprès

214 2393 1457 53 d'une personne très au courant des anciennes collections de manuscrits

215 2444 1453 53 et d’autographes, des renseignements sur les amateurs qui auraient pu,

215 2495 1455 52 au siècle dernier, posséder des documents dans le genre des siens. On

215 2546 1456 60 ne put, naturellement, lui donner aucune lumière à ce sujet. Dans la

213 2596 1457 50 conversation il cita le nom de Lucas, parfaitement connu de son inter¬
