1793 3007
741 185 164 39 - 7 -

103 282 1442 52 par un faussaire : à Huyghens, « l’honneur de sa patrie, » à Newton.

102 333 569 40 « l’honneur de l’humanité. »

148 389 1400 51 Le président, M. Chevreul, dans un discours tout plein d’émotion,

98 440 1454 51 s’est écrié que si l’Académie, après l’arrestation du faussaire, pouvait

99 490 1454 52 rester incertaine, elle abdiquerait son autorité scientifique devant le

102 541 1386 52 pays et devant tous les corps savants du monde civilisé. Il a ajouté :

144 613 1408 46 L’authenticité de ces documents a été attaquée, dans cette

103 657 1450 47 Académie et au dehors, sous le double rapport de la forme

106 704 728 45 littéraire et du fond scientifique.

147 747 1409 48 Et comment se fait-il qu’après vous être refusé à reconnaître la

99 792 1456 56 justesse de ces critiques, vous veniez, cher confrère, annoncer que

99 829 1458 60 Vous avez été trompe par le vendeur de ces prétendus autographes,

104 883 1452 47 et ajouter qu’en définitive il n’y a rien à conclure avec certitude! De

104 927 1455 56 sorte que les choses seraient ce qu’elles étaient au commencement

108 973 245 36 des débats !

150 1017 1408 47 Eh bien ! cher confrère, permettez-moi de le dire, c’est là ce que

108 1062 1453 46 nous ne pouvons admettre, et les voix toutes amies qui s’élèvent

107 1107 1453 47 aujourd’hui dans l’Académie vous prient de vous joindre à elles

108 1154 1453 46 pour proclamer qu’il y a certitude acquise que les documents allégués pour

108 1200 1047 43 abaisser la gloire de Newton et de Huyghens sont faux !

161 1276 1402 52 M. Chasles explique que par le mystère à pénétrer, il a entendu la

108 1327 1455 52 découverte et des fabricateurs, qui devaient être plusieurs, vu la multi¬

112 1379 1453 51 plicité des pièces, et des matériaux dont ils se sont servi. Il justifie

112 1429 1450 52 Newton et Huyghens, mais non sans quelque réticence. M. Dumas s’en

111 1480 1453 53 plaint, et termine par ses mots : « Pour tout le monde, le débat scien¬

113 1532 656 50 tifique est définitivement clos. »

161 1582 1403 51 Si l'on peut s’étonner de voir M. Chasles conserver encore quelques

110 1632 1455 51 doutes sur l’entière fausseté de ses documents, on doit lui savoir gré

113 1684 1448 51 des amples détails qu’il donne dans sa communication. A cette lecture,

116 1734 1447 52 les réflexions se présentent en foule. Nous nous bornerons aujourd’hui

114 1785 1449 52 à quelques remarques, attendant que les débats de la police correc¬

116 1835 993 51 tionnelle ait mis cette affaire dans tout son jour.

165 1886 1403 52 On se demande tout d’abord comment un membre de l’Institut a pu

116 1937 1455 52 sérieusement accepter des autographes de Gutenberg, de Dante, de

116 1987 1456 53 Grégoire de Tours, de saint Augustin, des rois mérovingiens, et de

117 2039 1451 50 Jules César. De César! Sur quel papier? Ce serait curieux à voir il

120 2089 1450 51 fallait que la crédulité de l’acheteur égalât l’audace du vendeur. Com¬

121 2139 1453 52 ment se fait-il que l’existence de ces autographes mirifiques n’ait été

120 2190 1451 52 révélée qu’au dernier moment? Si le public les eût connus plus tôt, un

119 2241 1452 52 éclat de rire général eût réveillé M. Chasles, et la comédie n’eût pas

121 2293 375 50 duré si longtemps.

171 2341 1400 52 Comme nous l’avions dit dans notre article du mois de décembre,

123 2393 1451 52 nous avons vu une partie de cette collection ; nous avons parcouru ces

122 2444 1449 52 autographes des XVIe et XVIIe siècles, écrits sur du papier du XVIIIe,

122 2494 1455 52 gardes de livres et feuilles de registres, portant la trace de la tranche

124 2545 1452 52 de couleur, autographes d’une écriture toujours la même, malgré la

125 2596 1452 52 diversité des personnages, et enfumés grossièrement pour leur donner

126 2647 1448 49 un air de vétusté. La croyance de M. Chasles était si robuste, et il
