1793 3007
138 177 151 36 N° 24.

1097 180 392 36 Décembre 1869.

573 337 470 68 REVUE

773 459 74 35 DES

86 538 1456 180 AUTOGRAPHES

275 789 1096 56 DES CURIOSITÉS DE L’HISTOIRE & DE Uk BIOGRAPHIE

114 904 1410 35 PARAISSANT CHAQUE MOIS, SOUS LA DIRECTION DE

536 984 581 55 GABRIEL CHARAVAY

205 1136 476 34 ABONNEMENTS:

129 1202 650 37 France, un (12 Numéros) 5 fr.

129 1252 580 37 Étranger.................. 4

1050 1139 319 28 BUREAUX:

870 1205 656 32 60, rue Saint-André-des Arts,

995 1256 435 30 Précédemment n° 50, à Paris.

489 1336 684 34 UN NUMERO : 25 CENTIMES

135 1412 1390 41 Depuis le commencement du mois, les bureaux ont été transférés du n° 50 au n° 60.

99 1535 1467 43 Sommaire : 1. Collection Ant. Nelli. — 2. Encore des faux autographes. —

187 1591 1149 45 3. Faits divers. — 4. Autographes à prix marqués.

532 1757 616 40 COLLECTION ANT. NELLI.

154 1866 1417 49 Tous les lecteurs de la Revue ont dû recevoir le catalogue de celte

107 1916 1464 46 belle collection, dont la vente aura lieu, sous notre direction, les 13 et

111 1966 1462 52 14 décembre. Il serait par conséquent oiseux d’en faire ressortir

110 2017 1463 51 l’intérêt d’ensemble. Nous ne citerons que quelques noms de cette

110 2067 1463 54 galerie autographique, composée avec autant de goût que d’intelli¬

109 2131 125 40 gence.

161 2166 1409 52 On remarque dans le nombre les saints Pie V, Alphonse de Liguori,

110 2217 1462 52 et François Caracciolo, autographe qui passe pour la première fois en

113 2266 1461 53 vente; Danois, le compagnon de Jeanne Darc ; les rois de France

112 2317 1463 50 Charles IX et François II, ce dernier rarissime ; une lettre magni¬

114 2367 1460 54 fique de Louise d’Orléans, reine des Belges ; John Lock, l’auteur de

116 2417 1458 52 l’Essai sur l'entendement humain, une épître en français, et des

116 2466 1454 55 plus plaisantes, ce qui étonne de la part du grave philosophe anglais;

119 2516 1451 53 les illustres médecins italiens Bianchi (J), Boldoni, Bonaccioli,

118 2566 1457 52 Brassavola, Fracanzano, Santorini, Settala (L.), et Trincavelli ; le

119 2617 1457 54 grand bénédictin Mabillon ; de belles lettres de J.-J. Rousseau et
