1802 3007
761 160 168 50 - 7 -

271 264 1302 40 Belle et rare pièce, sur laquelle se trouvent également les signatures des

228 302 1346 41 célèbres hommes d’état suivants, les collègues de Fr. Bacon dans le Conseil de

230 341 1345 41 Jacques 1er : Georges Abbot, arch. de Cantorbéry ; Sir Falke Greville, Jules

232 380 186 38 César, etc.

114 424 1461 48 4314 Baluze (Et.), le plus savant généalogiste du XVIIe siècle. —

225 468 1348 46 L. a. s. (au duc de Bouillon); Paris, 24 fév. 1698, 3 p.

227 511 1345 37 in-4. 25 »

273 557 1302 39 Très-curieuse lettre sur la généalogie des maisons de la Tour du Pin et de la

233 595 1343 40 Tour d’Auvergne, et dans laquelle il traite Guy Allard d’ignorant et de hâbleur.

235 635 1344 33 Il raconte comment il lui a fait refuser l’entrée des archives des communautés du

235 674 1344 40 Dauphiné, alors que Guy Allard voulait travailler à l’inventaire de la Chambre

233 713 1348 39 des comptes de Grenoble. Baluze ajoute, avec la malveillance dont il fait preuve

233 752 1346 39 dans toute cette lettre : « Lorsqu’après avoir blasmé M. Justel d’avoir voulu

235 790 1347 38 faire descendre la maison de la Tour du Pin et de la Tour d’Auvergne, il

236 830 1345 39 adjoute qu’il a de quoy faire voir qu'il s’est trompé, et qu'il a aussy de quoy

236 869 1167 39 soustenir sa proposition. C’est dire qu’il souffle le chaud et le froid. »

117 912 1463 47 4315 Balzac (Honoré de), le grand romancier. — Billet aut. sig.,

232 956 1350 46 1 p. in-18. 2 50

255 1001 1328 39 Laissez-passer pour Mme de Balzac pour la répétition générale des Ressources

237 1040 205 37 de Quinola.

119 1084 1464 46 4316 Barreswil (C.-L.), savant chimiste, auteur de la Chimie pho¬

231 1128 1352 46 tographique. — L. a. s. à la Société d’encouragement, 1 p.

233 1173 1346 36 in-8. 2 »

119 1227 1464 46 4317 Barth (le docteur Henri), célèbre voyageur allemand dans

233 1272 1351 46 l’intérieur de l’Afrique. — L. a. s. au doct. W. Danzel; Ham¬

235 1317 1347 46 bourg, 1848, 2 p. in-4, cachet. 4 »

121 1365 1465 47 4318 Barthélemy (Aug.), célèbre poète satirique, auteur de la

231 1411 1351 44 Némésis, né à Marseille. — L. a. s. (à Ach. Comte, 1837), 1 p.

234 1455 1348 36 in-4. 2 »

278 1493 801 39 Envoi du 8e chant de sa traduction de l'Énéide.

122 1549 1462 55 4319 Becquerel (Ant.-César), physicien, célèbre par ses travaux

233 1593 1350 47 sur le magnétisme et la chaleur, né dans le Loiret. — L. a. s.

235 1638 1347 45 à M. Guizot; 16 oct. 1837 , 2 p. in-4. 3 »

282 1682 1303 40 Intéressante lettre par laquelle il demande la création d’une chaire appliquée

240 1722 1345 40 à l'Histoire naturelle au Jardin-des-Plantes. Il désire occuper cette chaire (ce

242 1762 224 39 qui eut lieu.)

123 1803 1466 47 4320 Béranger ( P.-J. ), le grand poète chansonnier. – L. a. s. à

235 1848 1350 48 M. Le Carpentier; Passy, 10 fév. 1853, 1 p. in-8. 4 »

283 1894 1306 40 Il le remercie gracieusement de l’envoi de ses jolies chansons. « Si je puis

239 1934 1351 38 juger des paroles, dit-il, il n’en n’est malheureusement pas ainsi des airs : il faut

243 1972 1217 40 que je vous avoue que je ne suis pas capable de déchiffrer une note... »

126 2018 1461 49 4321 Bernouilli (Jean II), savant astronome et mathématicien.—

238 2066 1349 46 L. a. s.; Berlin, 23 juil. 1787, 4 p. in-4. 3 »

286 2111 1205 39 Belle lettre relative à un mémoire pour l’Académie royale de Danemark.

128 2155 1465 45 4322 Berryer, illustre avocat et orateur parlementaire, de l’Acad.

241 2199 1352 49 fr. — L. a. s. (à M. Gromier, de l'Ain) ; Augerville, 19 sept.

246 2246 1345 44 1867, 2 p. 1/4 in-8 6 »

290 2288 1304 38 Belle et intéressante lettre relative à une protestation des électeurs du canton

249 2327 1346 39 d’Ambérieux contre l’élection d'un Membre du Conseil général de l’Ain, protesta¬

249 2366 1345 40 tion non déposée dans le délai légal et repoussée par le Conseil de préfecture. Il

250 2407 618 39 discute ce point de droit administratif.

135 2456 1460 45 4323 Berzelius (Jacq.), le célèbre chimiste suédois. — Let. imp.,

245 2499 1350 48 remplie et sig. de sa main, au profess. Grunest; Stockholm,

251 2546 1345 45 1837, 1 p. in-4, cachet. 2 »

137 2595 1464 46 4324 Bévy (Dom.-Ch.-Jos.), savant bénédictin, auteur de l'Histoire
