1802 3007
727 167 194 39 - 19 -

211 268 1339 40 recueil ne se trouve plus ni chez les libraires ni à la Bibliothèque, « où on l’aura

213 306 442 39 mis parmi les balayures. »

98 352 1453 50 4244 Mars (Mlle), la célèbre comédienne. — L. s. d’elle, Baptiste,

208 401 1343 47 Armand, Lafon, Michelot et Devigny, au statuaire Debay ; Paris,

213 443 1340 47 16 déc. 1826, 2 p. in-4. 6 »

252 493 1305 40 Membres du Comité d’administration de la Comédie française, ils le remercient

219 531 1336 42 du buste de Talma dont il fait présent à ce théâtre. La Comédie française y a

218 572 1339 41 reconnu « l'image de l’acteur illustre dont la perte l’a plongée dans la plus pro¬

219 610 317 34 fonde affliction...»

102 656 1455 51 4245 Massé (V.), un de nos plus gracieux compositeurs, auteur de

212 701 1344 49 la Reine Topaze. — L. a. s., 1 p. in-8. 1 25

103 755 1457 53 4246 Maximilien II, emp. d’Allemagne, qui accorda aux protes¬

213 803 1345 46 tants le libre exercice de leur culte. — Belle 1. s., 1567,

219 847 1342 44 1 p. in-f., sceau. 2 50

105 900 1456 50 4247 Mayne-Reid (le cap.), célèbre romancier anglais, auteur des

217 946 1343 47 Chasseurs de chevelures. — L. a. s., 3 p. in-8. Belle et charmante

216 989 1345 46 épître. 3 »

107 1045 1454 47 4248 Mazarin (le cardinal Jules), illustre homme d’Etat. — L. s.,

218 1090 1345 46 avec un post-scriptum de 3 gr. lignes autog. au maréchal

218 1133 1344 48 de Grammont, gouverneur du Béarn ; Bouillon, 4 oct. 1653,

223 1170 1339 55 1 p. pl. in-4, cachets à ses armes et soies. Belle pièce. 10 »

266 1224 1300 39 Lettre pleine de cajolerie, où il cherche à le ramener, après l’avoir blâmé dans

226 1263 1341 40 sa conduite. Il est persuadé, comme lui, que la paix avec les Espagnols ne se

225 1301 1342 42 traitera tout de bon qu’aux Pyrénées, et s’il doit y être employé, il souhaite que

226 1340 1057 42 ce soit de ce côté-là. (La paix n’eut lieu que six ans plus tard.)

109 1390 1456 48 4249 Meissonnier (E.), le célèbre peintre contemporain. — L. a. s.

222 1435 1344 47 à M. Destigny; 15 avril 1840, 1 p. in-8. 8 »

268 1485 1301 42 Relative à son tableau le Liseur, acheté par un gentleman, auquel il a égale¬

229 1526 502 38 ment cédé le droit de gravure.

111 1573 1457 51 4250 Méry (J.), poète célèbre, collaborât, de Barthélemy. — L. a. s.,

226 1611 1345 53 1 p. in-8. 1 25

113 1672 1457 48 4251 Mesmer (Ant.), l’illustre créateur de la théorie du magné¬

221 1718 1351 47 tisme animal. — L. a. s. en français, à Mme veuve Cardon, à

222 1755 1348 53 Versailles; Mœrsburg, 15 fév. 1805, 1 p. 1/2 in-4, écriture fine

222 1808 1347 45 et serrée. Belle pièce. Rare. 30 »

271 1856 1302 40 Epître fort curieuse, adressée à une de ses ferventes adeptes. « Je ne doute

232 1895 1341 40 pas, lui dit-il, que dans le doux loisir de la solitude, vous ne repreniez le cours

231 1935 1343 39 de vos voyages imaginaires, soit sur ce globe-ci, soit dans les espaces de l'autre

230 1974 1344 38 monde... » Il lui donne ensuite des détails pleins de mélancolie sur sa manière

230 2012 1341 40 de vivre. Il s’ennuie dans ce pays et n’est occupé d’autre soin que de sa santé.

234 2052 1339 38 « Absolument seul dans mon genre, dit-il, je vis inconnu et méconnu de toute la

230 2091 1343 39 nation allemande. Pensez quelle société, je n’ai pas encore eu la moindre occa¬

233 2129 1342 39 sion de parler de mes découvertes et de mes connaissances. » Il compte l'été

232 2169 1087 40 prochain passer en Suisse, pour se rapprocher de la France, etc.

115 2216 1459 46 4252 Michelet, littérat. et historien, de l’Inst. — L. a. s. au libraire

227 2263 1346 46 Houdaille, 1834, 1 p. in-8. 2 »

115 2315 1461 49 4253 Millin (A.-L.), savant archéologue, auteur des Antiquités

226 2359 1348 48 nationales, de l’Inst. — L. a. s. à une amie; Naples, 15 av. 1812,

227 2407 1347 46 4 p. in-4. 3 »

273 2449 1302 43 Epître très-intéressante sur son voyage à Rome et dans le royaume de Naples,

223 2488 1349 43 dans laquelle il fait un charmant récit de sa descente dans le cratère du Vésuve.

116 2537 1460 50 4254 Mirabeau, le grand orateur. — L. a. s. (à Calonne), contrôleur-

230 2581 1345 51 général des finances); (Paris), rue Dauphine, n°2, 13 juin 1786,

233 2629 1342 47 1 p. in-4. 28 »
