1793 3007
729 141 187 52 - 21 -

215 244 1341 40 chances de faire sortir votre département de la routine et de l'ornière où il est

215 283 1341 42 tombé depuis dix-sept ans. Le premier point gagné et l’habitude servile une fois

212 323 1347 41 brisée, tout deviendra facile... Après tout, le plus urgent est de renverser les

219 361 204 32 officiels... »

99 410 1456 48 4475 Rachel (Mlle), la grande tragédienne.—L. a. s. M. Desnoyers,

216 455 1341 46 1 p. in-8. 4 »

255 500 1304 37 On lui annonce la visite d’un médecin. M. Buloz est venu la voir, mais sa

217 539 1341 40 santé ne lui permettra pas d’assister à la répétition. « Je ne vois pas, dit-elle,

214 577 1067 41 l’intérêt de la Comédie à me demander plus que je ne puis faire.

99 632 1459 46 4476 Racine (Louis), célèbre poète, auteur du poème de la Religion,

210 676 1349 47 — Pièce sig. ; Soissons, 17 oct. 1735, 2 p. 1/2 in-f. 12 »

99 731 1461 46 4477 Ramey (Etienne), habile statuaire, de l’Institut. — L. a. s.

214 776 1345 46 (à Ach. Comte). 1846, 1 p. in-8. 2 »

100 836 1463 47 4478 Réaumur (R.-A. de), un des plus grands naturalistes et phy¬

212 881 1349 43 siciens du XVIIIe siècle, né à La Rochelle. — L. a. s. à Bois-

213 926 1346 46 sier de Sauvages, à Montpellier; Réaumur, Bas-Poitou,

213 970 1347 45 27 octoc. 1755, 1 p. 1/2 in-4, cacheta ses armes. 18 »

260 1015 1186 39 Relative à une faveur que Sauvages désire obtenir du ministre Trudaine.

105 1069 1457 46 4479 René d’Anjou, dit le bon roi Réné. — Pièce sig.; château de

215 1114 1350 46 Baugé, 28 av. 1469, 1/2 p. in-4. Un grattage et une petite cou¬

215 1157 1347 47 pure dans le blanc. 12 »

261 1203 1303 39 Il accorde à Jehan Le Goy, sergent de sa forêt de Belle-Poulie, une place dans

221 1242 360 32 l'île des Ponts-de-Scé.

104 1296 1460 45 4480 Richelieu (le cardinal de), l’illustre ministre de Louis XIII.

215 1341 1351 46 — L. s. de Louis XIII, et contresignée par Richelieu, qui n’était

216 1385 1350 47 pas encore cardinal, à M. de Blérancourt, gouverneur de Pé¬

215 1430 1348 46 ronne et Montdidier ; Paris, 13 fév. 1617, 1/2 p. in-f. 25 »

258 1486 1309 39 Ordre de faire monter les quelques pièces de canon qui sont au château de

225 1525 1342 39 Péronne, le plus promptement possible. (C’est deux mois après que le maréchal

223 1564 755 39 d’Ancre, gouverneur d’Amiens, fut assassiné.)

107 1612 1459 46 4481 Richelieu (le duc de), célèbre ministre de Louis XVIII,

216 1657 1350 46 membre de l’Acad. franc.— L. a. s., l/2p. in-4. Jolie pièce. 3 »

106 1712 1461 46 4482 Robespierre (Maximilien). — Pièce sig. de lui et de Carnot;

219 1757 1348 46 4 niv. an II, 1 p. in-f. 40 »

264 1812 1305 39 Arrêté du Comité de salut public portant que la réponse de la Convention aux

224 1851 1346 40 rois coalisés et le rapport du Comité (par Robespierre), sur la situation poli¬

224 1891 1347 41 tique de la République seront envoyés aux représentants aux armées, pour être

225 1931 477 40 réimprimés par leurs ordres.

108 1977 1464 48 4483 Rossini (G.), le grand compositeur. L. a. s., en français, à M. Mar¬

221 2022 1351 48 tini ; Bologne, 13 sept. 1846, 1/2 p. in-4. Légère déchirure par

220 2068 1350 47 la rupture du cachet. 14 »

108 2126 1463 49 4484 Royer-Collard (P.-Paul), célèbre philosophe et homme

220 2170 1351 47 d’Etat, chef des éclectiques et des doctrinaires, né dans la Marne.

221 2214 1351 48 — L. a. s. aux inspecteurs gén. de l’Université, 1818, 2 p.

223 2261 1347 38 in-4. 4 »

266 2309 1116 39 Relative à l’Académie de Limoges et à l’Ecole de droit de Grenoble.

110 2367 1464 50 4485 Scott (Walter), le grand romancier écossais. — L. a. s. à

222 2411 1350 48 M. Landlau, Edimbourg, 23 fév. 1820, 1/2 p. in-4. Très-belle

222 2455 1352 48 lettre avec son cachet symbolique représentant le soleil, au¬

221 2501 1350 50 tour duquel est une devise en italien. 20 »

113 2565 1460 51 4486 Scudéry (Madeleine de), célèbre romancière du XVIIe siècle,
