<?xml version="1.0" encoding="utf-8"?>
<alto xmlns="http://www.loc.gov/standards/alto/ns-v4#" xmlns:xsi="http://www.w3.org/2001/XMLSchema-instance" xsi:schemaLocation="http://www.loc.gov/standards/alto/ns-v4# https://gitlab.inria.fr/scripta/escriptorium/-/raw/develop/app/escriptorium/static/alto-4-1-baselines.xsd">
<Description>
<MeasurementUnit>pixel</MeasurementUnit><sourceImageInformation><fileName>2-REV DES AUTO 1868-69 OCR-52.png</fileName></sourceImageInformation>
<OCRProcessing ID="IdOcr">
<ocrProcessingStep>
<processingDateTime>2020-10-31T11:20:13.797+01:00</processingDateTime>
<processingSoftware>
<softwareCreator>READ COOP</softwareCreator>
<softwareName>Transkribus</softwareName>
</processingSoftware>
</ocrProcessingStep>
</OCRProcessing>
</Description>
<Layout>
<Page HEIGHT="2972" ID="Page1" PHYSICAL_IMG_NR="1" WIDTH="1850">
<TopMargin HEIGHT="162" HPOS="0" VPOS="0" WIDTH="1850"/>
<LeftMargin HEIGHT="2556" HPOS="0" VPOS="162" WIDTH="201"/>
<RightMargin HEIGHT="2556" HPOS="1714" VPOS="162" WIDTH="136"/>
<BottomMargin HEIGHT="254" HPOS="0" VPOS="2718" WIDTH="1850"/>
<PrintSpace HEIGHT="2556" HPOS="201" VPOS="162" WIDTH="1513">
<TextBlock HEIGHT="40" HPOS="855" ID="r_1_1" VPOS="177" WIDTH="196">
<Shape>
<Polygon POINTS="855 177 1051 177 1051 217 855 217"/>
</Shape>
<TextLine BASELINE="856 216 1050 216" HEIGHT="38" HPOS="856" ID="tl_1" VPOS="178" WIDTH="194">
<String CONTENT="- 12 -" HEIGHT="38" HPOS="856" ID="string_tl_1" VPOS="178" WIDTH="194"/>
</TextLine>
</TextBlock>
<TextBlock HEIGHT="91" HPOS="334" ID="r_2_1" VPOS="273" WIDTH="1359">
<Shape>
<Polygon POINTS="334 273 1693 273 1693 364 334 364"/>
</Shape>
<TextLine BASELINE="336 320 1692 320" HEIGHT="46" HPOS="336" ID="tl_2" VPOS="274" WIDTH="1356">
<String CONTENT="vis. — L. s. ; Sandomir, 24 juin 1704, 1/2 p. in-f., cachet à" HEIGHT="46" HPOS="336" ID="string_tl_2" VPOS="274" WIDTH="1356"/>
</TextLine>
<TextLine BASELINE="335 363 1688 363" HEIGHT="43" HPOS="335" ID="tl_3" VPOS="320" WIDTH="1353">
<String CONTENT="ses armes. Belle pièce. 18 »" HEIGHT="43" HPOS="335" ID="string_tl_3" VPOS="320" WIDTH="1353"/>
</TextLine>
</TextBlock>
<TextBlock HEIGHT="45" HPOS="223" ID="r_2_2" VPOS="373" WIDTH="1468">
<Shape>
<Polygon POINTS="223 373 1691 373 1691 418 223 418"/>
</Shape>
<TextLine BASELINE="224 417 1690 417" HEIGHT="43" HPOS="224" ID="tl_4" VPOS="374" WIDTH="1466">
<String CONTENT="4163 Châteaubriand, célèbre écrivain et homme d’Etat. — Belle" HEIGHT="43" HPOS="224" ID="string_tl_4" VPOS="374" WIDTH="1466"/>
</TextLine>
</TextBlock>
<TextBlock HEIGHT="47" HPOS="335" ID="r_2_3" VPOS="418" WIDTH="1355">
<Shape>
<Polygon POINTS="335 418 1690 418 1690 465 335 465"/>
</Shape>
<TextLine BASELINE="336 464 1689 464" HEIGHT="45" HPOS="336" ID="tl_5" VPOS="419" WIDTH="1353">
<String CONTENT="1. 8. à M. Bouvet; 1823, 1 p. in-f. 2 »" HEIGHT="45" HPOS="336" ID="string_tl_5" VPOS="419" WIDTH="1353"/>
</TextLine>
</TextBlock>
<TextBlock HEIGHT="48" HPOS="224" ID="r_2_4" VPOS="472" WIDTH="1467">
<Shape>
<Polygon POINTS="224 472 1691 472 1691 520 224 520"/>
</Shape>
<TextLine BASELINE="225 519 1690 519" HEIGHT="46" HPOS="225" ID="tl_6" VPOS="473" WIDTH="1465">
<String CONTENT="4164 Choiseul (F.-Et., duc de), célèbre ministre de Louis XV," HEIGHT="46" HPOS="225" ID="string_tl_6" VPOS="473" WIDTH="1465"/>
</TextLine>
</TextBlock>
<TextBlock HEIGHT="136" HPOS="335" ID="r_2_5" VPOS="517" WIDTH="1358">
<Shape>
<Polygon POINTS="335 517 1693 517 1693 653 335 653"/>
</Shape>
<TextLine BASELINE="337 564 1692 564" HEIGHT="46" HPOS="337" ID="tl_7" VPOS="518" WIDTH="1355">
<String CONTENT="créature de Mme de Pompadour et victime de la Du Barry. —" HEIGHT="46" HPOS="337" ID="string_tl_7" VPOS="518" WIDTH="1355"/>
</TextLine>
<TextLine BASELINE="336 608 1691 608" HEIGHT="46" HPOS="336" ID="tl_8" VPOS="562" WIDTH="1355">
<String CONTENT="L. a. s. (au dauphin, père de Louis XVI) ; Vienne, 1er déc." HEIGHT="46" HPOS="336" ID="string_tl_8" VPOS="562" WIDTH="1355"/>
</TextLine>
<TextLine BASELINE="342 652 1690 652" HEIGHT="45" HPOS="342" ID="tl_9" VPOS="607" WIDTH="1348">
<String CONTENT="1757, 3 p. in-4. Belle pièce. 8 »" HEIGHT="45" HPOS="342" ID="string_tl_9" VPOS="607" WIDTH="1348"/>
</TextLine>
</TextBlock>
<TextBlock HEIGHT="119" HPOS="343" ID="r_2_6" VPOS="650" WIDTH="1352">
<Shape>
<Polygon POINTS="343 650 1695 650 1695 769 343 769"/>
</Shape>
<TextLine BASELINE="384 690 1694 690" HEIGHT="39" HPOS="384" ID="tl_10" VPOS="651" WIDTH="1310">
<String CONTENT="Intéressante épitre relative au dauphin et à sa première femme, et contenant" HEIGHT="39" HPOS="384" ID="string_tl_10" VPOS="651" WIDTH="1310"/>
</TextLine>
<TextLine BASELINE="344 730 1694 730" HEIGHT="40" HPOS="344" ID="tl_11" VPOS="690" WIDTH="1350">
<String CONTENT="des détails historiques sur un épisode de la guerre de 7 ans, une victoire du" HEIGHT="40" HPOS="344" ID="string_tl_11" VPOS="690" WIDTH="1350"/>
</TextLine>
<TextLine BASELINE="348 768 1122 768" HEIGHT="38" HPOS="348" ID="tl_12" VPOS="730" WIDTH="774">
<String CONTENT="prince Charles sur Frédéric II devant Breslau." HEIGHT="38" HPOS="348" ID="string_tl_12" VPOS="730" WIDTH="774"/>
</TextLine>
</TextBlock>
<TextBlock HEIGHT="49" HPOS="226" ID="r_2_7" VPOS="772" WIDTH="1469">
<Shape>
<Polygon POINTS="226 772 1695 772 1695 821 226 821"/>
</Shape>
<TextLine BASELINE="227 820 1694 820" HEIGHT="47" HPOS="227" ID="tl_13" VPOS="773" WIDTH="1467">
<String CONTENT="4165 Coffin (Ch.), célèbre poète latin, né près de Reims. — Jolie" HEIGHT="47" HPOS="227" ID="string_tl_13" VPOS="773" WIDTH="1467"/>
</TextLine>
</TextBlock>
<TextBlock HEIGHT="49" HPOS="340" ID="r_2_8" VPOS="816" WIDTH="1357">
<Shape>
<Polygon POINTS="340 816 1697 816 1697 865 340 865"/>
</Shape>
<TextLine BASELINE="341 864 1696 864" HEIGHT="47" HPOS="341" ID="tl_14" VPOS="817" WIDTH="1355">
<String CONTENT="pièce sig. ; 1733, 1 p. in-8. 1 25" HEIGHT="47" HPOS="341" ID="string_tl_14" VPOS="817" WIDTH="1355"/>
</TextLine>
</TextBlock>
<TextBlock HEIGHT="56" HPOS="228" ID="r_2_9" VPOS="871" WIDTH="1467">
<Shape>
<Polygon POINTS="228 871 1695 871 1695 927 228 927"/>
</Shape>
<TextLine BASELINE="229 926 1694 926" HEIGHT="54" HPOS="229" ID="tl_15" VPOS="872" WIDTH="1465">
<String CONTENT="4166 Colbert (J.-B.), le grand ministre de Louis XIV. — L. s. au" HEIGHT="54" HPOS="229" ID="string_tl_15" VPOS="872" WIDTH="1465"/>
</TextLine>
</TextBlock>
<TextBlock HEIGHT="47" HPOS="341" ID="r_2_10" VPOS="917" WIDTH="1354">
<Shape>
<Polygon POINTS="341 917 1695 917 1695 964 341 964"/>
</Shape>
<TextLine BASELINE="342 963 1694 963" HEIGHT="45" HPOS="342" ID="tl_16" VPOS="918" WIDTH="1352">
<String CONTENT="marquis de Feuquières ; 1675, 1 p. in-4. Jolie pièce. 2 »" HEIGHT="45" HPOS="342" ID="string_tl_16" VPOS="918" WIDTH="1352"/>
</TextLine>
</TextBlock>
<TextBlock HEIGHT="49" HPOS="230" ID="r_2_11" VPOS="970" WIDTH="1467">
<Shape>
<Polygon POINTS="230 970 1697 970 1697 1019 230 1019"/>
</Shape>
<TextLine BASELINE="231 1018 1696 1018" HEIGHT="47" HPOS="231" ID="tl_17" VPOS="971" WIDTH="1465">
<String CONTENT="4167 Colbert de Croissy (Ch.), frère du grand Colbert, ministre" HEIGHT="47" HPOS="231" ID="string_tl_17" VPOS="971" WIDTH="1465"/>
</TextLine>
</TextBlock>
<TextBlock HEIGHT="126" HPOS="342" ID="r_2_12" VPOS="1015" WIDTH="1355">
<Shape>
<Polygon POINTS="342 1015 1697 1015 1697 1141 342 1141"/>
</Shape>
<TextLine BASELINE="343 1063 1696 1063" HEIGHT="47" HPOS="343" ID="tl_18" VPOS="1016" WIDTH="1353">
<String CONTENT="de Louis XVI, négociateur de la paix de Nimègue. — L. a. s." HEIGHT="47" HPOS="343" ID="string_tl_18" VPOS="1016" WIDTH="1353"/>
</TextLine>
<TextLine BASELINE="344 1107 1696 1107" HEIGHT="48" HPOS="344" ID="tl_19" VPOS="1059" WIDTH="1352">
<String CONTENT="au marquis de Feuquières; Munich, 20 janv. 1680, 1 p." HEIGHT="48" HPOS="344" ID="string_tl_19" VPOS="1059" WIDTH="1352"/>
</TextLine>
<TextLine BASELINE="344 1140 1695 1140" HEIGHT="35" HPOS="344" ID="tl_20" VPOS="1105" WIDTH="1351">
<String CONTENT="in-4. 6 »" HEIGHT="35" HPOS="344" ID="string_tl_20" VPOS="1105" WIDTH="1351"/>
</TextLine>
</TextBlock>
<TextBlock HEIGHT="41" HPOS="387" ID="r_2_13" VPOS="1149" WIDTH="764">
<Shape>
<Polygon POINTS="387 1149 1151 1149 1151 1190 387 1190"/>
</Shape>
<TextLine BASELINE="388 1189 1150 1189" HEIGHT="39" HPOS="388" ID="tl_21" VPOS="1150" WIDTH="762">
<String CONTENT="Bel éloge du talent du marquis de Feuquières." HEIGHT="39" HPOS="388" ID="string_tl_21" VPOS="1150" WIDTH="762"/>
</TextLine>
</TextBlock>
<TextBlock HEIGHT="49" HPOS="232" ID="r_2_14" VPOS="1192" WIDTH="1467">
<Shape>
<Polygon POINTS="232 1192 1699 1192 1699 1241 232 1241"/>
</Shape>
<TextLine BASELINE="233 1240 1698 1240" HEIGHT="47" HPOS="233" ID="tl_22" VPOS="1193" WIDTH="1465">
<String CONTENT="4168 Colet (Louise), célèbre poète contemporaine. — L. a. s., 1 p." HEIGHT="47" HPOS="233" ID="string_tl_22" VPOS="1193" WIDTH="1465"/>
</TextLine>
</TextBlock>
<TextBlock HEIGHT="37" HPOS="345" ID="r_2_15" VPOS="1237" WIDTH="1353">
<Shape>
<Polygon POINTS="345 1237 1698 1237 1698 1274 345 1274"/>
</Shape>
<TextLine BASELINE="346 1273 1697 1273" HEIGHT="35" HPOS="346" ID="tl_23" VPOS="1238" WIDTH="1351">
<String CONTENT="in-8. 1 »" HEIGHT="35" HPOS="346" ID="string_tl_23" VPOS="1238" WIDTH="1351"/>
</TextLine>
</TextBlock>
<TextBlock HEIGHT="50" HPOS="234" ID="r_2_16" VPOS="1291" WIDTH="1466">
<Shape>
<Polygon POINTS="234 1291 1700 1291 1700 1341 234 1341"/>
</Shape>
<TextLine BASELINE="235 1340 1699 1340" HEIGHT="48" HPOS="235" ID="tl_24" VPOS="1292" WIDTH="1464">
<String CONTENT="4169 Collin d’Harleville (J.-F.), un de nos meilleurs poètes dra¬" HEIGHT="48" HPOS="235" ID="string_tl_24" VPOS="1292" WIDTH="1464"/>
</TextLine>
</TextBlock>
<TextBlock HEIGHT="92" HPOS="347" ID="r_2_17" VPOS="1336" WIDTH="1354">
<Shape>
<Polygon POINTS="347 1336 1701 1336 1701 1428 347 1428"/>
</Shape>
<TextLine BASELINE="348 1385 1700 1385" HEIGHT="48" HPOS="348" ID="tl_25" VPOS="1337" WIDTH="1352">
<String CONTENT="mat., de l’Acad. fr. — L. a. sig. C. H. à un ami ; Paris, 3 fri¬" HEIGHT="48" HPOS="348" ID="string_tl_25" VPOS="1337" WIDTH="1352"/>
</TextLine>
<TextLine BASELINE="348 1427 1698 1427" HEIGHT="46" HPOS="348" ID="tl_26" VPOS="1381" WIDTH="1350">
<String CONTENT="maire, 1 p. in-8. 3 »" HEIGHT="46" HPOS="348" ID="string_tl_26" VPOS="1381" WIDTH="1350"/>
</TextLine>
</TextBlock>
<TextBlock HEIGHT="73" HPOS="352" ID="r_2_18" VPOS="1426" WIDTH="1350">
<Shape>
<Polygon POINTS="352 1426 1702 1426 1702 1499 352 1499"/>
</Shape>
<TextLine BASELINE="394 1465 1701 1465" HEIGHT="38" HPOS="394" ID="tl_27" VPOS="1427" WIDTH="1307">
<String CONTENT="Touchante épître sur la maladie de sa mère et sur un procès dans lequel il" HEIGHT="38" HPOS="394" ID="string_tl_27" VPOS="1427" WIDTH="1307"/>
</TextLine>
<TextLine BASELINE="353 1498 623 1498" HEIGHT="34" HPOS="353" ID="tl_28" VPOS="1464" WIDTH="270">
<String CONTENT="défend des amis." HEIGHT="34" HPOS="353" ID="string_tl_28" VPOS="1464" WIDTH="270"/>
</TextLine>
</TextBlock>
<TextBlock HEIGHT="54" HPOS="238" ID="r_2_19" VPOS="1514" WIDTH="1464">
<Shape>
<Polygon POINTS="238 1514 1702 1514 1702 1568 238 1568"/>
</Shape>
<TextLine BASELINE="239 1567 1701 1567" HEIGHT="52" HPOS="239" ID="tl_29" VPOS="1515" WIDTH="1462">
<String CONTENT="4170 Condé (Charlotte de La Trémouille, princesse de), accusée" HEIGHT="52" HPOS="239" ID="string_tl_29" VPOS="1515" WIDTH="1462"/>
</TextLine>
</TextBlock>
<TextBlock HEIGHT="136" HPOS="350" ID="r_2_20" VPOS="1559" WIDTH="1352">
<Shape>
<Polygon POINTS="350 1559 1702 1559 1702 1695 350 1695"/>
</Shape>
<TextLine BASELINE="351 1607 1701 1607" HEIGHT="47" HPOS="351" ID="tl_30" VPOS="1560" WIDTH="1350">
<String CONTENT="d’avoir empoisonné son mari, Henri Ier de Condé, l’ami de" HEIGHT="47" HPOS="351" ID="string_tl_30" VPOS="1560" WIDTH="1350"/>
</TextLine>
<TextLine BASELINE="353 1652 1700 1652" HEIGHT="48" HPOS="353" ID="tl_31" VPOS="1604" WIDTH="1347">
<String CONTENT="Henri IV. — L. a. s. à M. de Turenne ; (1588), 1 p. pl. in-f." HEIGHT="48" HPOS="353" ID="string_tl_31" VPOS="1604" WIDTH="1347"/>
</TextLine>
<TextLine BASELINE="351 1694 1699 1694" HEIGHT="46" HPOS="351" ID="tl_32" VPOS="1648" WIDTH="1348">
<String CONTENT="Légère tache d’eau. Rare. 40 »" HEIGHT="46" HPOS="351" ID="string_tl_32" VPOS="1648" WIDTH="1348"/>
</TextLine>
</TextBlock>
<TextBlock HEIGHT="198" HPOS="355" ID="r_2_21" VPOS="1693" WIDTH="1350">
<Shape>
<Polygon POINTS="355 1693 1705 1693 1705 1891 355 1891"/>
</Shape>
<TextLine BASELINE="397 1735 1703 1735" HEIGHT="41" HPOS="397" ID="tl_33" VPOS="1694" WIDTH="1306">
<String CONTENT="Curieuse pièce historique, relative aux poursuites dirigées contre elle pour" HEIGHT="41" HPOS="397" ID="string_tl_33" VPOS="1694" WIDTH="1306"/>
</TextLine>
<TextLine BASELINE="360 1773 1700 1773" HEIGHT="42" HPOS="360" ID="tl_34" VPOS="1731" WIDTH="1340">
<String CONTENT="l’empoisonnement de son époux. Le désastre qui lui est arrivé de la mort de son" HEIGHT="42" HPOS="360" ID="string_tl_34" VPOS="1731" WIDTH="1340"/>
</TextLine>
<TextLine BASELINE="360 1813 1703 1813" HEIGHT="40" HPOS="360" ID="tl_35" VPOS="1773" WIDTH="1343">
<String CONTENT="mari l'a si fort accablée d’affliction, qu’elle n’a pu lui en donner avis qu’à cette" HEIGHT="40" HPOS="360" ID="string_tl_35" VPOS="1773" WIDTH="1343"/>
</TextLine>
<TextLine BASELINE="362 1853 1704 1853" HEIGHT="42" HPOS="362" ID="tl_36" VPOS="1811" WIDTH="1342">
<String CONTENT="heure. Elle le supplie de la protéger contre les rigueurs étranges dont elle est" HEIGHT="42" HPOS="362" ID="string_tl_36" VPOS="1811" WIDTH="1342"/>
</TextLine>
<TextLine BASELINE="356 1890 464 1890" HEIGHT="41" HPOS="356" ID="tl_37" VPOS="1849" WIDTH="108">
<String CONTENT="l’objet." HEIGHT="41" HPOS="356" ID="string_tl_37" VPOS="1849" WIDTH="108"/>
</TextLine>
</TextBlock>
<TextBlock HEIGHT="49" HPOS="240" ID="r_2_22" VPOS="1894" WIDTH="1465">
<Shape>
<Polygon POINTS="240 1894 1705 1894 1705 1943 240 1943"/>
</Shape>
<TextLine BASELINE="241 1942 1704 1942" HEIGHT="47" HPOS="241" ID="tl_38" VPOS="1895" WIDTH="1463">
<String CONTENT="4171 Condé (Louis II, prince de), dit le Grand. — L. s. au marquis" HEIGHT="47" HPOS="241" ID="string_tl_38" VPOS="1895" WIDTH="1463"/>
</TextLine>
</TextBlock>
<TextBlock HEIGHT="93" HPOS="352" ID="r_2_23" VPOS="1937" WIDTH="1351">
<Shape>
<Polygon POINTS="352 1937 1703 1937 1703 2030 352 2030"/>
</Shape>
<TextLine BASELINE="353 1987 1702 1987" HEIGHT="49" HPOS="353" ID="tl_39" VPOS="1938" WIDTH="1349">
<String CONTENT="d’Hoquincourt; camp de Ville-sur-Haisne, 21 juin 1674," HEIGHT="49" HPOS="353" ID="string_tl_39" VPOS="1938" WIDTH="1349"/>
</TextLine>
<TextLine BASELINE="355 2029 1701 2029" HEIGHT="45" HPOS="355" ID="tl_40" VPOS="1984" WIDTH="1346">
<String CONTENT="1 /2 p. in-8. 3 »" HEIGHT="45" HPOS="355" ID="string_tl_40" VPOS="1984" WIDTH="1346"/>
</TextLine>
</TextBlock>
<TextBlock HEIGHT="93" HPOS="242" ID="r_2_24" VPOS="2033" WIDTH="1466">
<Shape>
<Polygon POINTS="242 2033 1708 2033 1708 2126 242 2126"/>
</Shape>
<TextLine BASELINE="243 2081 1707 2081" HEIGHT="47" HPOS="243" ID="tl_41" VPOS="2034" WIDTH="1464">
<String CONTENT="4172 Le même. L. s. à Vauban, écrite en chiffres; camp de Pér¬" HEIGHT="47" HPOS="243" ID="string_tl_41" VPOS="2034" WIDTH="1464"/>
</TextLine>
<TextLine BASELINE="354 2125 1700 2125" HEIGHT="47" HPOS="354" ID="tl_42" VPOS="2078" WIDTH="1346">
<String CONTENT="imée ; 17 septembre, 1 p. in-8, cachets à ses armes. 3 »" HEIGHT="47" HPOS="354" ID="string_tl_42" VPOS="2078" WIDTH="1346"/>
</TextLine>
</TextBlock>
<TextBlock HEIGHT="50" HPOS="243" ID="r_2_25" VPOS="2127" WIDTH="1460">
<Shape>
<Polygon POINTS="243 2127 1703 2127 1703 2177 243 2177"/>
</Shape>
<TextLine BASELINE="244 2176 1702 2176" HEIGHT="48" HPOS="244" ID="tl_43" VPOS="2128" WIDTH="1458">
<String CONTENT="4173 Conscience (H.), le romancier national de la Belgique. —" HEIGHT="48" HPOS="244" ID="string_tl_43" VPOS="2128" WIDTH="1458"/>
</TextLine>
</TextBlock>
<TextBlock HEIGHT="95" HPOS="353" ID="r_2_26" VPOS="2170" WIDTH="1352">
<Shape>
<Polygon POINTS="353 2170 1705 2170 1705 2265 353 2265"/>
</Shape>
<TextLine BASELINE="355 2220 1704 2220" HEIGHT="49" HPOS="355" ID="tl_44" VPOS="2171" WIDTH="1349">
<String CONTENT="L. s. à M. Duval-Lecamus, peintre ; Anvers, 1840, 1 p. in-4." HEIGHT="49" HPOS="355" ID="string_tl_44" VPOS="2171" WIDTH="1349"/>
</TextLine>
<TextLine BASELINE="354 2264 1703 2264" HEIGHT="48" HPOS="354" ID="tl_45" VPOS="2216" WIDTH="1349">
<String CONTENT="Relative à la souscription pour l'Album de Rubens. 2 »" HEIGHT="48" HPOS="354" ID="string_tl_45" VPOS="2216" WIDTH="1349"/>
</TextLine>
</TextBlock>
<TextBlock HEIGHT="51" HPOS="242" ID="r_2_27" VPOS="2265" WIDTH="1463">
<Shape>
<Polygon POINTS="242 2265 1705 2265 1705 2316 242 2316"/>
</Shape>
<TextLine BASELINE="243 2315 1704 2315" HEIGHT="49" HPOS="243" ID="tl_46" VPOS="2266" WIDTH="1461">
<String CONTENT="4174 Constant (Benjamin), illustre publiciste et orateur parle¬" HEIGHT="49" HPOS="243" ID="string_tl_46" VPOS="2266" WIDTH="1461"/>
</TextLine>
</TextBlock>
<TextBlock HEIGHT="91" HPOS="354" ID="r_2_28" VPOS="2310" WIDTH="1351">
<Shape>
<Polygon POINTS="354 2310 1705 2310 1705 2401 354 2401"/>
</Shape>
<TextLine BASELINE="355 2360 1704 2360" HEIGHT="49" HPOS="355" ID="tl_47" VPOS="2311" WIDTH="1349">
<String CONTENT="mentaire. — L. a. s. à Auger, de l’Acad. franc.; 13 juillet," HEIGHT="49" HPOS="355" ID="string_tl_47" VPOS="2311" WIDTH="1349"/>
</TextLine>
<TextLine BASELINE="358 2400 1704 2400" HEIGHT="50" HPOS="358" ID="tl_48" VPOS="2350" WIDTH="1346">
<String CONTENT="1 p. in-4. a 3 »" HEIGHT="50" HPOS="358" ID="string_tl_48" VPOS="2350" WIDTH="1346"/>
</TextLine>
</TextBlock>
<TextBlock HEIGHT="80" HPOS="359" ID="r_2_29" VPOS="2399" WIDTH="1347">
<Shape>
<Polygon POINTS="359 2399 1706 2399 1706 2479 359 2479"/>
</Shape>
<TextLine BASELINE="398 2442 1705 2442" HEIGHT="42" HPOS="398" ID="tl_49" VPOS="2400" WIDTH="1307">
<String CONTENT="Relative à une de ses brochures politiques, et à sa candidature à l’Académie," HEIGHT="42" HPOS="398" ID="string_tl_49" VPOS="2400" WIDTH="1307"/>
</TextLine>
<TextLine BASELINE="360 2478 678 2478" HEIGHT="38" HPOS="360" ID="tl_50" VPOS="2440" WIDTH="318">
<String CONTENT="proposée par Jouy." HEIGHT="38" HPOS="360" ID="string_tl_50" VPOS="2440" WIDTH="318"/>
</TextLine>
</TextBlock>
<TextBlock HEIGHT="50" HPOS="241" ID="r_2_30" VPOS="2488" WIDTH="1467">
<Shape>
<Polygon POINTS="241 2488 1708 2488 1708 2538 241 2538"/>
</Shape>
<TextLine BASELINE="242 2537 1707 2537" HEIGHT="48" HPOS="242" ID="tl_51" VPOS="2489" WIDTH="1465">
<String CONTENT="4175 Le même. — L. a. s. au secrétaire de l’Athénée, 1 p. 1/4" HEIGHT="48" HPOS="242" ID="string_tl_51" VPOS="2489" WIDTH="1465"/>
</TextLine>
</TextBlock>
<TextBlock HEIGHT="40" HPOS="352" ID="r_2_31" VPOS="2532" WIDTH="1353">
<Shape>
<Polygon POINTS="352 2532 1705 2532 1705 2572 352 2572"/>
</Shape>
<TextLine BASELINE="353 2571 1704 2571" HEIGHT="38" HPOS="353" ID="tl_52" VPOS="2533" WIDTH="1351">
<String CONTENT="in-4. 4 »" HEIGHT="38" HPOS="353" ID="string_tl_52" VPOS="2533" WIDTH="1351"/>
</TextLine>
</TextBlock>
<TextBlock HEIGHT="43" HPOS="398" ID="r_2_32" VPOS="2578" WIDTH="1311">
<Shape>
<Polygon POINTS="398 2578 1709 2578 1709 2621 398 2621"/>
</Shape>
<TextLine BASELINE="399 2620 1708 2620" HEIGHT="41" HPOS="399" ID="tl_53" VPOS="2579" WIDTH="1309">
<String CONTENT="Au sujet de lectures qu’il doit faire à celte société littéraire. Il se plaint que" HEIGHT="41" HPOS="399" ID="string_tl_53" VPOS="2579" WIDTH="1309"/>
</TextLine>
</TextBlock>
<TextBlock HEIGHT="82" HPOS="359" ID="r_2_33" VPOS="2617" WIDTH="1350">
<Shape>
<Polygon POINTS="359 2617 1709 2617 1709 2699 359 2699"/>
</Shape>
<TextLine BASELINE="360 2660 1707 2660" HEIGHT="42" HPOS="360" ID="tl_54" VPOS="2618" WIDTH="1347">
<String CONTENT="sur les lettres qu’on lui adresse on lui donne un litre qu’il n’a jamais pris (celui" HEIGHT="42" HPOS="360" ID="string_tl_54" VPOS="2618" WIDTH="1347"/>
</TextLine>
<TextLine BASELINE="360 2698 1708 2698" HEIGHT="42" HPOS="360" ID="tl_55" VPOS="2656" WIDTH="1348">
<String CONTENT="de de Rebecque, sans doute). Au lieu de ce titre, qui le couvrirait de ridicule" HEIGHT="42" HPOS="360" ID="string_tl_55" VPOS="2656" WIDTH="1348"/>
</TextLine>
</TextBlock>
<GraphicalElement HEIGHT="221" HPOS="1848" ID="r_4" VPOS="1780" WIDTH="2"/>
</PrintSpace>
</Page>
</Layout>
</alto>