1793 3007
752 181 167 60 - 5 -

106 291 1457 55 Addington; Nelson (Horace), recueil de 8 let. aut. sig. et 2 seulement

106 340 1458 56 sig.; 3 let de lady Hamilton, sa maîtresse, et une lettre de Charlotte,

108 391 1456 55 reine de Naples. 3,750 fr., Addington ; Northumberland (Algernon

110 441 1451 55 Percy, earl of), 338 fr. 75. Halloway; Peters (Hugh), 262 fr 50;

110 491 1454 53 Prior (Math.), 258 fr., Addington ; Raleigh (Walter), 386 fr. 25. Ad¬

108 540 1453 56 dington ; Reynolds (Joshua), 325 fr., Halloway ; Sharpe (James),

107 590 1454 58 218 fr. 75, Addington; Shelley (Percay Bysshe), 262 fr. 50, Halloway ;

109 640 1452 54 Sheridan (R.-B.), let. sig de ses initiales, 325 fr.,; Smollett (Tobias),

109 689 1455 53 325 fr ; Addington ; Strafford (Th.), recueil composé d’une lettre, de

106 741 1456 51 portraits, estampes et documents divers, 2,050 fr., Addington ;

109 787 1451 59 Swedenborg , l’illuminé, 262 fr. 50, Halloway; Thompson (James),

112 840 1454 51 poète, 400 fr., Addington; Thurloe (John), 450 fr., Addington; Vol¬

111 889 1452 57 taire, une lettre à Pope, 1 p. in-4, en anglais, 475 fr., Addington;

111 938 1452 54 Waller (Edm.), poète et homme d’Etat, 512 fr. 50, Addington;

110 987 1453 54 Washington (G.), let. de 5 p. in-4, intéressante, mais frippée,

112 1038 1405 51 2,550 fr., Addington; Whitefield (George), 475 fr., Addington; etc.

163 1087 1404 59 Nous serions curieux de voir repasser ces mêmes pièces dans

114 1138 1455 51 une autre vente, alors que l’on serait un peu dégrisé, et avec l’abs¬

115 1188 1446 52 tention des deux compétiteurs qui ont tenu à eux seuls le tapis.

663 1375 361 57 NÉCROLOGIE.

168 1485 1405 52 Les amateurs d’autographes apprendront avec le plus vif regret la

116 1536 1457 60 perte d’un de leurs doyens, M. de Loyac, qui est mort le 26 mai, à

115 1585 1458 51 l'âge de 81 ans, dans son château de Vendoeuvre. C’était un homme

115 1636 1459 51 très aimable, un vieillard très gai, dont la conversation était pleine de

117 1686 161 39 charme.

166 1735 1411 52 Jean-Baptiste-Marie-Charles-Antoine, marquis de Loyac, était né au

117 1786 1461 50 château de Couderc, en Limousin, le 16 mai 1788. du comte de Loyac

118 1836 1459 49 et d’Henriette Le Voyer, d’une famille originaire du Maine. Entré dans

121 1879 1458 58 l’Administration de l'armée en 1809, il fit les campagnes d’Espagne en

121 1935 1460 52 1811 et 1823, et fut attaché, pendant cette dernière, au quartier-géné¬

122 1985 1461 51 ral du duc d’Angoulême, comme sous-intendant militaire. Il prit sa

122 2035 1462 51 retraite en 1833, pour aller habiter, dans le Maine, une terre de

124 2085 1461 51 famille, et se livrer avec plus de liberté à ses goûts littéraires et scien¬

127 2136 160 49 tifiques.

178 2184 1408 52 Le marquis de Loyac était un de nos plus anciens amateurs d’auto¬

125 2234 1462 52 graphes Il cultivait ce goût avec beaucoup d’intelligence, et était par¬

125 2284 1460 62 venu à réunir une des collections provinciales les plus renommées.

130 2334 1459 51 L’âge n’avait point affaibli chez lui I'ardeur du collectionneur, car, un

131 2384 1455 51 mois à peine avant sa mort, il ajoutait encore à ses chers dossiers.

127 2433 1465 53 Nous ne connaissions pas d’homme d’un plus charmant caractère et

131 2484 729 51 dont le commerce fût plus agréable.
