1850 2972
912 130 192 37 - 14 -

277 220 1468 49 3932 Arnal, un des plus spirituels comédiens du Vaudeville. — L.

387 264 1356 50 a. s. au directeur du grand théâtre de Marseille; Lyon,

390 309 1358 55 11 sept. 1838, 1 p. pl. in-4. 3 50

436 354 1312 43 Il pose ses conditions pour des représentations qu'il est appelé à donner à

400 396 161 35 Marseille.

280 432 1466 49 3933 Arnauld (Antoine), procureur-général de Catherine de Mé¬

393 467 1353 63 dicis, célèbre par son plaidoyer contre les Jésuites. — Belle

392 520 1355 55 pièce sig.; Paris, 1608, 1/2 p. in-f. 2 »

438 567 839 41 Reçu d'une rente que lui sert le duc de Bouillon.

280 609 1469 51 3934 Bailly (Sylv.), astronome, de l’Acad. fr,, premier maire de

391 653 1356 50 Paris, décapité pendant la terreur. — L. a. s. au directeur du

394 697 1354 53 garde-meubles; Paris, 11 juil. 1790,1 p. pet. in-4. 14 »

441 743 1309 44 Pièce historique relative à la Fédération du 11 juillet. — Il est allé ce matin

400 783 1350 44 au garde-meubles avec deux députés, qui ont désigné les objets nécessaires à

399 821 1352 43 l'ameublement de la galerie où seront placés le roi et l'Assemblée nationale pen¬

401 862 1350 41 dant la fête. Prière de donner des ordres pour remettre ces meubles à M. Cele¬

400 901 1049 43 rier, chargé de tous les préparatifs à faire au Champ-de-Mars.

284 944 1467 49 3935 Barante (le baron de), historien, auteur des Ducs de Bour¬

397 989 1354 51 gogne, de l'Académie française. — L. a. s. à M. Cochin, 1825,

398 1027 1352 55 1 p. in-18. 1 25

288 1077 1465 49 3936 Barbés (Armand), célèbre révolutionnaire. — L. a. s. à Schœl¬

396 1122 1354 51 cher; prison de Belle-Ile, 5 nov. 1851, 3 p. in-8. 7 »

287 1172 1465 51 3937 Barth (le docteur Henri), le célèbre voyageur dans l’inté¬

397 1217 1354 50 rieur de l’Afrique. — L. a. s., en allemand; Berlin, 1861,

403 1262 1348 49 1 p. 112 in-4. 5 »

286 1311 1465 52 3938 Bartolozzi (Fr.), un des graveurs italiens les plus estimés.

397 1355 1355 52 — L. a. s. à L. Bossi, à Milan; Florence, 19 oct. 1 p. pl. in-4,

398 1401 1353 49 cachet. Belle pièce. 11 »

287 1451 1464 50 3939 Bayen (Pierre), savant chimiste, dont les travaux ont aplani

399 1495 1355 50 la voie à Lavoisier, memb. de l’Inst., né à Châlons (Marne).

399 1540 1355 50 — L. a. s. au cit. Guéret, pharmacien; Paris, 5 av. 1793, 4 p.

402 1587 1351 39 in-4. Rare. 12 »

444 1630 1310 39 Très-curieuse lettre relative à l'organisation du service de santé des armées de

406 1669 1349 44 la République, dont il avait l'inspection. Il stimule le zèle de tous, et travaille sans

413 1708 1344 45 relâche, tout malade qu'il est. « Je rends, dit-il, tout en vous écrivant, des urines

405 1748 1351 44 rouges, noires, sanguinolentes, des caillots, que sais-je, moi; enfin, j’ai une ma¬

408 1787 1349 45 ladie de vessie on des reins. Jugez de ma perspective, de ma position, et puis

408 1834 260 38 plaignez-vous. »

290 1870 1463 54 3940 Beaumont (Gustave de), célèbre homme politique et écono¬

401 1909 1354 58 miste, de l’Institut, né dans la Sarthe. — L. a. s.; La Grange,

407 1963 1350 49 1842, 2 p. in-8. 2 50

452 2005 1306 46 Epître intéressante toute relative à l'économiste Eug. Buret, mort prématu¬

413 2052 123 30 rément.

292 2087 1466 52 3941 Beauvais de Préau (Ch.-Nic.), médecin, célèbre conven¬

404 2133 1353 53 tionnel, qui mourut des suites des mauvais traitements des

405 2177 1355 55 royalistes lors de la livraison de Toulon aux Anglais, et dont

405 2223 1352 51 les cendres furent déposées au Panthéon. — L. a. s. à Val¬

405 2267 1351 55 mont de Bomare; Orléans, 18 mai 1784, 2 p. in-4. Belle pièce.

406 2321 1352 37 Rare. 5 »

451 2358 1309 47 Secrétaire perpétuel de la Société des Sciences d'Orrléans, créée depuis quel¬

413 2401 1347 45 ques années, il annonce à Valmont de Bomare qu'elle vient de l'admettre au

416 2444 510 33 nombre de ses associés libres.

295 2480 1468 50 3942 Becquerel (Edmond), physicien, connu par ses travaux sur la

403 2526 1360 49 lumière. — L. a. s., 1849, 2 p. in-8. 1 50

297 2576 1463 50 3943 Belmontet (L.), poète, le chantre de l’Empire, né à Montau¬

408 2622 1355 48 ban. — L. a. s., 1862, 1 p. in-8. 1 25
