1793 3007
776 186 194 37 - 17 -

255 282 1347 46 Hédouville ; Mayence, 24 déc. 1806, 1 p. in-8, entourage

258 327 1342 46 gauffré. Jolie pièce. 12 »

303 370 1301 41 Elle le charge de lui adresser, sous enveloppe cachetée, les objets qui lui sont

262 411 447 39 envoyés de Constantinople.

146 464 1456 49 4427 Kant (Emm.), le plus grand méthaphysicien de l’Allemagne.

258 509 1345 45 — L. a. s. à Ladislas Nicolovius ; Kœnigberg, 25 nov. 1790,

260 554 1342 46 112 p. in-f. 20 »

147 596 1456 47 4428 Keppler (Jean), le grand astronome. — L. s., en allemand,

259 641 1344 47 à Jean Bapt ; 20 déc. 1626, 1 p. in-f., cachet. Belle pièce.

257 688 1346 34 Rare. 75. »

146 729 1460 46 4429 Kock (Paul de), le célèbre romancier populaire. — L. a. s. à

259 772 1344 47 M. de Kock, son frère; Paris, 13 janv. 1835, 2 p. 1/2 in-8. 4 »

306 819 1301 39 Belle et intéressante épitre, relative à la mort de sa belle-sœur, et à la perte

265 858 1342 39 d’un procès contre Barba, son éditeur. Le jugement lui fait perdre un de ses

265 897 1088 38 romans, et l'empêche de faire une édition complète de ses œuvres.

145 934 1460 46 4430 Lacépède (le comte de), célèbre naturaliste et homme d’état,

260 979 1348 46 de l’Acad. franç., né à Agen. - L. a. s. au naturaliste Lamou¬

259 1024 1346 50 roux, 1811, 1 p. in-8, cachet à ses armes. Jolie pièce. 3 »

148 1068 1458 51 4431 Lakanal (Joseph), célèbre conventionnel (Ariége), membre

258 1112 1349 49 de l’Inst., l’organisateur de l’instruction publique pendant la

260 1157 1347 45 Révolution. — L. a. s. à la municipalité de Fontainebleau;

261 1201 1345 46 Bourges, 17 flor. an III, 1 p. in-f. 5 »

311 1246 1202 39 Relative à sa mission pour l'exécution des lois sur l’instruction publique.

151 1285 1456 49 4432 Lamarck (le chevalier de), un de nos plus savants botanistes,

262 1328 1348 55 de l’Institut, né près de Bapeaume. — L. a. s. à l’imprimeur

261 1374 1345 45 Agasse ; 27 vendent, an VI, 1 p. 1/4 in-8. 4 »

307 1418 1302 40 Après lui avoir mandé qu'il travaille aux livraisons de l'Encyclopédie rela¬

267 1457 1343 40 tives à la botanique, aux coquilles et aux insectes, il manifeste la crainte d'être

268 1497 1341 40 porté sur la liste des déportés ou des bannis (par suite du coup d’état du

271 1536 1149 39 18 fructidor). « Je suis cependant, dit-il, républicain très-prononcé. »

150 1574 1459 47 4433 Lamartine (Alph. de), illustre écrivain et homme d’Etat, de

264 1619 1344 54 l’Acad. franç. — L. a. s. à M. Grün, 1 p. in-8. 3 »

149 1661 1462 48 4434 Lassalle (Ant.-Ch.-L. de) le plus brillant général de cava¬

260 1707 1349 47 lerie des guerres de la République et de l’Empire, né à Metz,

259 1751 1349 47 tué à la bataille de Wagram. — L. a. s. à M. Audval; Poitiers,

260 1797 1349 46 20 mars 1808, 1 p. in-8, cachet. Très rare. 15 »

310 1846 1300 39 L’Empereur vient de lui donner 50,000 fr. de rente en terres, moitié en

266 1885 1343 40 Wesphalie et moitié en Hanôvre. C’est, s’écrie-t-il, d'une magnificence étonnante.

270 1925 1019 40 Il demande, son équipage et son ceinturon noir à la housarde.

149 1962 1460 49 4435 Legendre (A.-M.), savant géomètre, de l’Institut. — L. a. s.

263 2007 1345 47 à H. Royer-Collard ; Paris, 25 av. 1832, 2 p. in-8. Rare. 3 »

310 2053 816 40 Relative à son Traité des fondions elliptiques.

150 2091 1459 55 4436 Le Gouvé (Gab.), poète célèbre, auteur du Mérite des femmes,

263 2134 1347 55 de l’Acad. franç. — L. a. s. à Renouard, 1811,3p. pet in-4. 8 »

311 2178 1302 41 Epître très-intéressante relative à ses divers ouvrages, dont il propose à

269 2218 1343 39 Renouard de faire une nouvelle édition. La mort d’Abel est épuisée : il ne lui

270 2258 1343 41 en reste qu’un seul exemplaire, qui servira à la réimpression ; il se propose d'a¬

267 2289 1347 49 jouter diverses pièces au Mérite des femme, et il fonde de grandes espérances

269 2334 1296 41 sur son poème l'Enéide sauvée (ouvrage que la mort l'empêcha de terminer).

151 2374 1461 49 4437 Leibniz (Godefroy-Guill.), un des plus-grands génies du

263 2414 1349 53 XVIIe siècle. — L. a. s., en français, au père Lequin, à Paris ;

267 2457 1345 58 Hanovre, 18 juil. 1701, 3 p. i-n-4 75 »

310 2501 1303 54 Il lui donne dès détails sur des manuscrits de Saint Jean Damascène pour la

271 2540 1343 49 Bibliothèque de l’Ordre des Frères Prêcheurs, puis il se livre a des considé¬

274 2586 1341 42 rations dignes de sa vaste intelligence. Pour l’étude des anciens scoliastes, il

272 2624 1342 45 voudrait que l’on consultât les écrits des philosophes, qui ont eu plus d’influence
