1841 2972
875 178 197 51 - 12 -

399 280 1304 39 Curieuse épître, pleine de bonhomie, en réponse a des plaisanteries de Ni¬

363 319 1344 38 vernais au sujet de son intention d’apprendre le clavecin. Il ne veut pas l'ap¬

365 358 1342 38 prendre, mais en jouer, ce qui est bien différent et fort raisonnable. « Les eaux

364 397 1343 39 de Lucques, dit-il, ont dénoué, mes vieux doigts; mais je les crois portés à se

364 436 1346 39 nouer encore, et ils se noueront surtout si je n'en fais rien. J'imagine donc que

364 475 1345 40 je préviendrai cet inconvénient, ou qu'au moins je le retarderai, si je les

363 514 1346 39 remue tous les jours sur un clavecin, et je regarde le clavecin comme un pré¬

365 553 1344 39 servatif. .. » La 4e page est remplie par la minute aut. de la réponse, très-

366 593 308 36 spirituelle, du duc.

250 630 1458 45 4370 Consalvi (le cardinal Hercule), ministre confident de Pie VII,

361 675 1348 45 signataire du concordat de 1801. — L. a. s., (Alex. Dente);

360 719 1350 45 Rome, 19 déc. 1801, 1 p. pl. in-4. 3 »

250 763 1461 45 4371 Cooper (Fen.), le grand romancier américain. — L. a. s., en

362 807 1348 52 français, à M. de Corcelles, 1 p. in-8. 7 »

253 845 1458 52 4372 Coray (Diamant), savant helléniste. — L. a. s. à La Porte du

365 896 1349 45 Theil, an X, 1 p. in-4. 2 50

409 940 1305 39 Relative à un passage de leur traduction de Strabon. — On y a joint deux

371 980 655 38 notes aut. sur le même sujet, 4 p. in-4.

256 1023 1457 46 4373 Cousin (V.), célèbre philosophe, de l’Acad. franc. — L. a. s.

367 1061 1346 52 à H. Royer-Collard, 1831, 1/2 p. in-8. J 2 »

256 1117 1460 46 4374 Danton (Georges), le célèbre conventionnel. — L. s., comme

369 1161 1346 47 ministre de la justice, au directoire du départ, de Paris;

367 1206 1348 45 25 août 1792, 1 p. in-f. Belle pièce. 27 »

413 1250 1305 41 Les prisonniers de Bicêtre, condamnés a y être détenus jusqu'il leur majorité,

376 1288 1342 40 instruits du décret qui la fixe à 21 ans, demandent s'ils doivent jouir du béné¬

377 1321 1344 48 fice de cette loi. « L’affirmative, dit-il, n’est pas douteuse. Les citoyens français

380 1368 1341 40 doivent, sous tous les rapports, jouir du bénéfice de la loi qui avance la majo¬

377 1408 1343 39 rité, et cette loi est trop formelle pour nôtre point applicable aux détenus à

378 1448 149 30 Bicêtre. »

258 1490 1461 47 4375 Decamps (Alex.-Gab.), célèbre peintre de paysages et d’ani¬

370 1534 1352 48 maux. — L. a. sig. De, à Jadin ; 21 mars 1853, 1 p. in-8. 5 »'

259 1584 1460 46 4376 Le même. — Croquis représentant Deux enfants assis, dessin

373 1630 1348 46 sig., in-8. 10 »

259 1673 1462 46 4377 Le même. Un homme à cheval, dessin sig., in-8. 15 »

263 1723 1462 45 4378 De Lacroix (Ch.), conventionnel (Marne), ministre des rela¬

372 1767 1348 40 tions ext. sous le Directoire. — Arrêté du Comité de salut

374 1808 1349 53 public ; pièce aut. sig. de Ch. Delacroix, sig. aussi de P. Loysel,

372 1856 1350 48 Le Tourneur, Cambacérès, J.-B. Louvet, 13 vend, an IV, 1 p.

375 1902 1342 46 pl. in-4. 4 »

418 1945 1309 40 Vu le danger de la patrie, les matrices et planches des assignats seront à

381 1985 1346 41 l’instant transportées dans le sein de la Convention. Par une note en marge,

377 2024 828 39 cette mesure est suspendue jusqu’à nouvel ordre.

264 2067 1462 47 4379 Delacroix (Eug.), peintre d’hist., chef de l’école romantique,

375 2112 1352 48 fils du précédent. — L. a. s.; Champrosay, 1855, 1 p.

377 2159 1352 35 in-8. 2 50

263 2206 1465 49 4380 Delavigne (Casimir), célèbre poète, de l’Acad. franç., né au

377 2251 1353 46 Havre. — L. a. s. à Fab. Pillet; Paris, 1835, 1 p. in-8. Jolie

373 2299 1354 43 pièce. 8 »

422 2340 1112 39 Envoi de la comédie la Popularité, une de ses plus belles pièces.

267 2384 1462 46 4381 Dembinski (Henri), célèbre général polonais de la guerre de

379 2429 1351 46 l’indépendance en 1830 et de la révolution de Hongrie. —

381 2473 1348 46 Billet aut. sig.; Paris, 1840, 1/2 p.in-8. 3 »

269 2523 1462 48 4382 Dode de la Brunerie (le vicomte Guil.), habile et brave gé¬

381 2567 1348 46 néral du génie, maréchal de France, né dans l’Isère. — L. a.

381 2612 1348 46 s. à M. Legrand; Paris, 1843, 1 p. in-4. Barc. 5 »
