<?xml version="1.0" encoding="utf-8"?>
<alto xmlns="http://www.loc.gov/standards/alto/ns-v4#" xmlns:xsi="http://www.w3.org/2001/XMLSchema-instance" xsi:schemaLocation="http://www.loc.gov/standards/alto/ns-v4# https://gitlab.inria.fr/scripta/escriptorium/-/raw/develop/app/escriptorium/static/alto-4-1-baselines.xsd">
<Description>
<MeasurementUnit>pixel</MeasurementUnit><sourceImageInformation><fileName>2-REV DES AUTO 1868-69 OCR-77.png</fileName></sourceImageInformation>
<OCRProcessing ID="IdOcr">
<ocrProcessingStep>
<processingDateTime>2020-10-31T11:20:26.958+01:00</processingDateTime>
<processingSoftware>
<softwareCreator>READ COOP</softwareCreator>
<softwareName>Transkribus</softwareName>
</processingSoftware>
</ocrProcessingStep>
</OCRProcessing>
</Description>
<Layout>
<Page HEIGHT="3007" ID="Page1" PHYSICAL_IMG_NR="1" WIDTH="1793">
<TopMargin HEIGHT="184" HPOS="0" VPOS="0" WIDTH="1793"/>
<LeftMargin HEIGHT="2499" HPOS="0" VPOS="184" WIDTH="150"/>
<RightMargin HEIGHT="2499" HPOS="1646" VPOS="184" WIDTH="147"/>
<BottomMargin HEIGHT="324" HPOS="0" VPOS="2683" WIDTH="1793"/>
<PrintSpace HEIGHT="2499" HPOS="150" VPOS="184" WIDTH="1496">
<TextBlock HEIGHT="40" HPOS="787" ID="r_1_1" VPOS="191" WIDTH="196">
<Shape>
<Polygon POINTS="787 191 983 191 983 231 787 231"/>
</Shape>
<TextLine BASELINE="788 230 982 230" HEIGHT="38" HPOS="788" ID="tl_1" VPOS="192" WIDTH="194">
<String CONTENT="- 13 -" HEIGHT="38" HPOS="788" ID="string_tl_1" VPOS="192" WIDTH="194"/>
</TextLine>
</TextBlock>
<TextBlock HEIGHT="47" HPOS="155" ID="r_2_1" VPOS="288" WIDTH="1465">
<Shape>
<Polygon POINTS="155 288 1620 288 1620 335 155 335"/>
</Shape>
<TextLine BASELINE="156 334 1619 334" HEIGHT="45" HPOS="156" ID="tl_2" VPOS="289" WIDTH="1463">
<String CONTENT="4383 Du Bary (la comtesse), fameuse maîtresse de Louis XV. —" HEIGHT="45" HPOS="156" ID="string_tl_2" VPOS="289" WIDTH="1463"/>
</TextLine>
</TextBlock>
<TextBlock HEIGHT="50" HPOS="266" ID="r_2_2" VPOS="331" WIDTH="1353">
<Shape>
<Polygon POINTS="266 331 1619 331 1619 381 266 381"/>
</Shape>
<TextLine BASELINE="267 380 1618 380" HEIGHT="48" HPOS="267" ID="tl_3" VPOS="332" WIDTH="1351">
<String CONTENT="Billet sig., 1 p. in-8. Jolie pièce. 15 »" HEIGHT="48" HPOS="267" ID="string_tl_3" VPOS="332" WIDTH="1351"/>
</TextLine>
</TextBlock>
<TextBlock HEIGHT="54" HPOS="156" ID="r_2_3" VPOS="377" WIDTH="1467">
<Shape>
<Polygon POINTS="156 377 1623 377 1623 431 156 431"/>
</Shape>
<TextLine BASELINE="157 430 1622 430" HEIGHT="52" HPOS="157" ID="tl_4" VPOS="378" WIDTH="1465">
<String CONTENT="4384 Du Bellay (le cardinal Jean), illustre prélat, ambassadeur à" HEIGHT="52" HPOS="157" ID="string_tl_4" VPOS="378" WIDTH="1465"/>
</TextLine>
</TextBlock>
<TextBlock HEIGHT="133" HPOS="267" ID="r_2_4" VPOS="420" WIDTH="1355">
<Shape>
<Polygon POINTS="267 420 1622 420 1622 553 267 553"/>
</Shape>
<TextLine BASELINE="268 470 1621 470" HEIGHT="49" HPOS="268" ID="tl_5" VPOS="421" WIDTH="1353">
<String CONTENT="Rome, protecteur de Rabelais. — L. sig., avec la souscript." HEIGHT="49" HPOS="268" ID="string_tl_5" VPOS="421" WIDTH="1353"/>
</TextLine>
<TextLine BASELINE="270 514 1621 514" HEIGHT="49" HPOS="270" ID="tl_6" VPOS="465" WIDTH="1351">
<String CONTENT="et 2 lignes aut., au roi (Henri II) ; Rome, 16 sept. 1548, 2 p." HEIGHT="49" HPOS="270" ID="string_tl_6" VPOS="465" WIDTH="1351"/>
</TextLine>
<TextLine BASELINE="270 552 1621 552" HEIGHT="43" HPOS="270" ID="tl_7" VPOS="509" WIDTH="1351">
<String CONTENT="in-f., trace de cachet. 10 »" HEIGHT="43" HPOS="270" ID="string_tl_7" VPOS="509" WIDTH="1351"/>
</TextLine>
</TextBlock>
<TextBlock HEIGHT="81" HPOS="275" ID="r_2_5" VPOS="554" WIDTH="1348">
<Shape>
<Polygon POINTS="275 554 1623 554 1623 635 275 635"/>
</Shape>
<TextLine BASELINE="337 595 1622 595" HEIGHT="40" HPOS="337" ID="tl_8" VPOS="555" WIDTH="1285">
<String CONTENT="Belle pièce politique, on partie en chiffres, concernant Octave Farnèse et son" HEIGHT="40" HPOS="337" ID="string_tl_8" VPOS="555" WIDTH="1285"/>
</TextLine>
<TextLine BASELINE="276 634 1622 634" HEIGHT="40" HPOS="276" ID="tl_9" VPOS="594" WIDTH="1346">
<String CONTENT="duché de Plaisance, dont Charles-Quint s’est emparé et qu'il ne veut plus rendre." HEIGHT="40" HPOS="276" ID="string_tl_9" VPOS="594" WIDTH="1346"/>
</TextLine>
</TextBlock>
<TextBlock HEIGHT="48" HPOS="159" ID="r_2_6" VPOS="632" WIDTH="1465">
<Shape>
<Polygon POINTS="159 632 1624 632 1624 680 159 680"/>
</Shape>
<TextLine BASELINE="160 679 1623 679" HEIGHT="46" HPOS="160" ID="tl_10" VPOS="633" WIDTH="1463">
<String CONTENT="4385 Dufaure (J.), célèbre avocat et homme d’état, de l’Acad. Franc." HEIGHT="46" HPOS="160" ID="string_tl_10" VPOS="633" WIDTH="1463"/>
</TextLine>
</TextBlock>
<TextBlock HEIGHT="53" HPOS="270" ID="r_2_7" VPOS="671" WIDTH="1354">
<Shape>
<Polygon POINTS="270 671 1624 671 1624 724 270 724"/>
</Shape>
<TextLine BASELINE="271 723 1623 723" HEIGHT="51" HPOS="271" ID="tl_11" VPOS="672" WIDTH="1352">
<String CONTENT="— L. a. s., 1839, 1 p. in-8. 2 »" HEIGHT="51" HPOS="271" ID="string_tl_11" VPOS="672" WIDTH="1352"/>
</TextLine>
</TextBlock>
<TextBlock HEIGHT="49" HPOS="160" ID="r_2_8" VPOS="720" WIDTH="1466">
<Shape>
<Polygon POINTS="160 720 1626 720 1626 769 160 769"/>
</Shape>
<TextLine BASELINE="161 768 1625 768" HEIGHT="47" HPOS="161" ID="tl_12" VPOS="721" WIDTH="1464">
<String CONTENT="4386 Dumas (Alex.), le grand romancier. — Touchante pièce de" HEIGHT="47" HPOS="161" ID="string_tl_12" VPOS="721" WIDTH="1464"/>
</TextLine>
</TextBlock>
<TextBlock HEIGHT="48" HPOS="270" ID="r_2_9" VPOS="765" WIDTH="1356">
<Shape>
<Polygon POINTS="270 765 1626 765 1626 813 270 813"/>
</Shape>
<TextLine BASELINE="271 812 1625 812" HEIGHT="46" HPOS="271" ID="tl_13" VPOS="766" WIDTH="1354">
<String CONTENT="vers, autog. sig., sur la mort d’un enfant, 2p. in-8. 2 »" HEIGHT="46" HPOS="271" ID="string_tl_13" VPOS="766" WIDTH="1354"/>
</TextLine>
</TextBlock>
<TextBlock HEIGHT="49" HPOS="160" ID="r_2_10" VPOS="809" WIDTH="1467">
<Shape>
<Polygon POINTS="160 809 1627 809 1627 858 160 858"/>
</Shape>
<TextLine BASELINE="161 857 1626 857" HEIGHT="47" HPOS="161" ID="tl_14" VPOS="810" WIDTH="1465">
<String CONTENT="4387 Dumas (J.-B.), savant chimiste contemporain, homme" HEIGHT="47" HPOS="161" ID="string_tl_14" VPOS="810" WIDTH="1465"/>
</TextLine>
</TextBlock>
<TextBlock HEIGHT="91" HPOS="251" ID="r_2_11" VPOS="852" WIDTH="1376">
<Shape>
<Polygon POINTS="251 852 1627 852 1627 943 251 943"/>
</Shape>
<TextLine BASELINE="295 900 1626 900" HEIGHT="47" HPOS="295" ID="tl_15" VPOS="853" WIDTH="1331">
<String CONTENT="d’état, né à Alais. — L. a. s. à Ach. Comte, 1/2 p. in-f. Relative" HEIGHT="47" HPOS="295" ID="string_tl_15" VPOS="853" WIDTH="1331"/>
</TextLine>
<TextLine BASELINE="252 942 1626 942" HEIGHT="44" HPOS="252" ID="tl_16" VPOS="898" WIDTH="1374">
<String CONTENT="à la publication des œuvres de Lavoisier. 2 »" HEIGHT="44" HPOS="252" ID="string_tl_16" VPOS="898" WIDTH="1374"/>
</TextLine>
</TextBlock>
<TextBlock HEIGHT="49" HPOS="161" ID="r_2_12" VPOS="942" WIDTH="1468">
<Shape>
<Polygon POINTS="161 942 1629 942 1629 991 161 991"/>
</Shape>
<TextLine BASELINE="162 990 1628 990" HEIGHT="47" HPOS="162" ID="tl_17" VPOS="943" WIDTH="1466">
<String CONTENT="4388 Dumont-d’Urville (l’amiral), illustre et infortuné naviga¬" HEIGHT="47" HPOS="162" ID="string_tl_17" VPOS="943" WIDTH="1466"/>
</TextLine>
</TextBlock>
<TextBlock HEIGHT="93" HPOS="273" ID="r_2_13" VPOS="986" WIDTH="1355">
<Shape>
<Polygon POINTS="273 986 1628 986 1628 1079 273 1079"/>
</Shape>
<TextLine BASELINE="274 1032 1627 1032" HEIGHT="45" HPOS="274" ID="tl_18" VPOS="987" WIDTH="1353">
<String CONTENT="teur, né à Condé-sur-Noireau. —L. a. s. (à Lamouroux, bota¬" HEIGHT="45" HPOS="274" ID="string_tl_18" VPOS="987" WIDTH="1353"/>
</TextLine>
<TextLine BASELINE="275 1078 1626 1078" HEIGHT="47" HPOS="275" ID="tl_19" VPOS="1031" WIDTH="1351">
<String CONTENT="niste) ; Toulon. 21 mars 1819, 1 p. pl. in-4. 6 »" HEIGHT="47" HPOS="275" ID="string_tl_19" VPOS="1031" WIDTH="1351"/>
</TextLine>
</TextBlock>
<TextBlock HEIGHT="159" HPOS="276" ID="r_2_14" VPOS="1075" WIDTH="1356">
<Shape>
<Polygon POINTS="276 1075 1632 1075 1632 1234 276 1234"/>
</Shape>
<TextLine BASELINE="320 1116 1627 1116" HEIGHT="40" HPOS="320" ID="tl_20" VPOS="1076" WIDTH="1307">
<String CONTENT="Relative à la botanique et à son départ pour l’expédition scientifique de l'Ar¬" HEIGHT="40" HPOS="320" ID="string_tl_20" VPOS="1076" WIDTH="1307"/>
</TextLine>
<TextLine BASELINE="277 1156 1630 1156" HEIGHT="40" HPOS="277" ID="tl_21" VPOS="1116" WIDTH="1353">
<String CONTENT="chipel. « Notre destination dans le Levant, dit-il, est de rectifier la position des" HEIGHT="40" HPOS="277" ID="string_tl_21" VPOS="1116" WIDTH="1353"/>
</TextLine>
<TextLine BASELINE="280 1194 1631 1194" HEIGHT="39" HPOS="280" ID="tl_22" VPOS="1155" WIDTH="1351">
<String CONTENT="côtes par des observations agronomiques... Vous pouvez bien penser que tout" HEIGHT="39" HPOS="280" ID="string_tl_22" VPOS="1155" WIDTH="1351"/>
</TextLine>
<TextLine BASELINE="280 1233 1428 1233" HEIGHT="39" HPOS="280" ID="tl_23" VPOS="1194" WIDTH="1148">
<String CONTENT="le temps que je pourrai dérober à Uranie sera consacré à Flore... »" HEIGHT="39" HPOS="280" ID="string_tl_23" VPOS="1194" WIDTH="1148"/>
</TextLine>
</TextBlock>
<TextBlock HEIGHT="49" HPOS="164" ID="r_2_15" VPOS="1231" WIDTH="1467">
<Shape>
<Polygon POINTS="164 1231 1631 1231 1631 1280 164 1280"/>
</Shape>
<TextLine BASELINE="165 1279 1630 1279" HEIGHT="47" HPOS="165" ID="tl_24" VPOS="1232" WIDTH="1465">
<String CONTENT="4389 Elgin (lord Th.), antiquaire anglais, fameux par l’enlève¬" HEIGHT="47" HPOS="165" ID="string_tl_24" VPOS="1232" WIDTH="1465"/>
</TextLine>
</TextBlock>
<TextBlock HEIGHT="93" HPOS="276" ID="r_2_16" VPOS="1276" WIDTH="1357">
<Shape>
<Polygon POINTS="276 1276 1633 1276 1633 1369 276 1369"/>
</Shape>
<TextLine BASELINE="277 1326 1632 1326" HEIGHT="49" HPOS="277" ID="tl_25" VPOS="1277" WIDTH="1355">
<String CONTENT="ment des bas-reliefs du Parthénon. — L. a. s., en français, à" HEIGHT="49" HPOS="277" ID="string_tl_25" VPOS="1277" WIDTH="1355"/>
</TextLine>
<TextLine BASELINE="277 1368 1629 1368" HEIGHT="53" HPOS="277" ID="tl_26" VPOS="1315" WIDTH="1352">
<String CONTENT="Alex. Vattemare; Londres, 26 nov., 2 p. in-8. 5 »" HEIGHT="53" HPOS="277" ID="string_tl_26" VPOS="1315" WIDTH="1352"/>
</TextLine>
</TextBlock>
<TextBlock HEIGHT="74" HPOS="284" ID="r_2_17" VPOS="1366" WIDTH="1347">
<Shape>
<Polygon POINTS="284 1366 1631 1366 1631 1440 284 1440"/>
</Shape>
<TextLine BASELINE="323 1406 1630 1406" HEIGHT="39" HPOS="323" ID="tl_27" VPOS="1367" WIDTH="1307">
<String CONTENT="Un rieuse lettre relative ii la réception de Vattemare par le général Cass," HEIGHT="39" HPOS="323" ID="string_tl_27" VPOS="1367" WIDTH="1307"/>
</TextLine>
<TextLine BASELINE="285 1439 764 1439" HEIGHT="33" HPOS="285" ID="tl_28" VPOS="1406" WIDTH="479">
<String CONTENT="ambassadeur des Etats-Unis." HEIGHT="33" HPOS="285" ID="string_tl_28" VPOS="1406" WIDTH="479"/>
</TextLine>
</TextBlock>
<TextBlock HEIGHT="48" HPOS="165" ID="r_2_18" VPOS="1444" WIDTH="1469">
<Shape>
<Polygon POINTS="165 1444 1634 1444 1634 1492 165 1492"/>
</Shape>
<TextLine BASELINE="166 1491 1633 1491" HEIGHT="46" HPOS="166" ID="tl_29" VPOS="1445" WIDTH="1467">
<String CONTENT="4390 Ernest (l’archiduc), gouverneur des Pays-Bas, élevé à la" HEIGHT="46" HPOS="166" ID="string_tl_29" VPOS="1445" WIDTH="1467"/>
</TextLine>
</TextBlock>
<TextBlock HEIGHT="128" HPOS="277" ID="r_2_19" VPOS="1488" WIDTH="1357">
<Shape>
<Polygon POINTS="277 1488 1634 1488 1634 1616 277 1616"/>
</Shape>
<TextLine BASELINE="278 1536 1633 1536" HEIGHT="47" HPOS="278" ID="tl_30" VPOS="1489" WIDTH="1355">
<String CONTENT="cour de Philippe II. — L. a. s., en espagnol, à la reine Cathe¬" HEIGHT="47" HPOS="278" ID="string_tl_30" VPOS="1489" WIDTH="1355"/>
</TextLine>
<TextLine BASELINE="280 1580 1633 1580" HEIGHT="46" HPOS="280" ID="tl_31" VPOS="1534" WIDTH="1353">
<String CONTENT="rine de Médicis; Madrid, 3 mai (1569), 1/2 p. in-f., fragment" HEIGHT="46" HPOS="280" ID="string_tl_31" VPOS="1534" WIDTH="1353"/>
</TextLine>
<TextLine BASELINE="280 1615 1630 1615" HEIGHT="36" HPOS="280" ID="tl_32" VPOS="1579" WIDTH="1350">
<String CONTENT="de cachet. Rare. 6 »" HEIGHT="36" HPOS="280" ID="string_tl_32" VPOS="1579" WIDTH="1350"/>
</TextLine>
</TextBlock>
<TextBlock HEIGHT="152" HPOS="283" ID="r_2_20" VPOS="1622" WIDTH="1353">
<Shape>
<Polygon POINTS="283 1622 1636 1622 1636 1774 283 1774"/>
</Shape>
<TextLine BASELINE="325 1663 1631 1663" HEIGHT="40" HPOS="325" ID="tl_33" VPOS="1623" WIDTH="1306">
<String CONTENT="Relative à la mort de lu reine d’Espagne (Elisabeth de France, fille de Henri II" HEIGHT="40" HPOS="325" ID="string_tl_33" VPOS="1623" WIDTH="1306"/>
</TextLine>
<TextLine BASELINE="284 1701 1632 1701" HEIGHT="42" HPOS="284" ID="tl_34" VPOS="1659" WIDTH="1348">
<String CONTENT="et de Catherine de Médicis, troisième femme de Philippe II). « Je l’aimais, dit-il," HEIGHT="42" HPOS="284" ID="string_tl_34" VPOS="1659" WIDTH="1348"/>
</TextLine>
<TextLine BASELINE="285 1741 1635 1741" HEIGHT="40" HPOS="285" ID="tl_35" VPOS="1701" WIDTH="1350">
<String CONTENT="comme une véritable, mère. » Il fera ce que la reine voudra bien lui mander par" HEIGHT="40" HPOS="285" ID="string_tl_35" VPOS="1701" WIDTH="1350"/>
</TextLine>
<TextLine BASELINE="286 1773 770 1773" HEIGHT="32" HPOS="286" ID="tl_36" VPOS="1741" WIDTH="484">
<String CONTENT="le canal du cardinal de Guise." HEIGHT="32" HPOS="286" ID="string_tl_36" VPOS="1741" WIDTH="484"/>
</TextLine>
</TextBlock>
<TextBlock HEIGHT="48" HPOS="168" ID="r_2_21" VPOS="1783" WIDTH="1471">
<Shape>
<Polygon POINTS="168 1783 1639 1783 1639 1831 168 1831"/>
</Shape>
<TextLine BASELINE="169 1830 1638 1830" HEIGHT="46" HPOS="169" ID="tl_37" VPOS="1784" WIDTH="1469">
<String CONTENT="4391 Estrées (Gabrielle d’), duchesse de Beaufort, la célèbre maî¬" HEIGHT="46" HPOS="169" ID="string_tl_37" VPOS="1784" WIDTH="1469"/>
</TextLine>
</TextBlock>
<TextBlock HEIGHT="97" HPOS="278" ID="r_2_22" VPOS="1824" WIDTH="1355">
<Shape>
<Polygon POINTS="278 1824 1633 1824 1633 1921 278 1921"/>
</Shape>
<TextLine BASELINE="279 1874 1632 1874" HEIGHT="49" HPOS="279" ID="tl_38" VPOS="1825" WIDTH="1353">
<String CONTENT="tresse de Henri IV. — Belle pièce 2 fois sig. ; Paris, 31 déc." HEIGHT="49" HPOS="279" ID="string_tl_38" VPOS="1825" WIDTH="1353"/>
</TextLine>
<TextLine BASELINE="283 1920 1631 1920" HEIGHT="46" HPOS="283" ID="tl_39" VPOS="1874" WIDTH="1348">
<String CONTENT="1598, 1 p. 1/4 in-f. 40 »" HEIGHT="46" HPOS="283" ID="string_tl_39" VPOS="1874" WIDTH="1348"/>
</TextLine>
</TextBlock>
<TextBlock HEIGHT="75" HPOS="284" ID="r_2_23" VPOS="1916" WIDTH="1353">
<Shape>
<Polygon POINTS="284 1916 1637 1916 1637 1991 284 1991"/>
</Shape>
<TextLine BASELINE="326 1957 1636 1957" HEIGHT="40" HPOS="326" ID="tl_40" VPOS="1917" WIDTH="1310">
<String CONTENT="Indemnité de 48,000 livres donnée par Gabrielle d’Estrées à N. de Mail¬" HEIGHT="40" HPOS="326" ID="string_tl_40" VPOS="1917" WIDTH="1310"/>
</TextLine>
<TextLine BASELINE="285 1990 384 1990" HEIGHT="32" HPOS="285" ID="tl_41" VPOS="1958" WIDTH="99">
<String CONTENT="lerais." HEIGHT="32" HPOS="285" ID="string_tl_41" VPOS="1958" WIDTH="99"/>
</TextLine>
</TextBlock>
<TextBlock HEIGHT="182" HPOS="169" ID="r_2_24" VPOS="2000" WIDTH="1467">
<Shape>
<Polygon POINTS="169 2000 1636 2000 1636 2182 169 2182"/>
</Shape>
<TextLine BASELINE="170 2046 1635 2046" HEIGHT="45" HPOS="170" ID="tl_42" VPOS="2001" WIDTH="1465">
<String CONTENT="4392 Estrées (le card. César d’), évêque de Laon, ambassadeur de" HEIGHT="45" HPOS="170" ID="string_tl_42" VPOS="2001" WIDTH="1465"/>
</TextLine>
<TextLine BASELINE="283 2089 1630 2089" HEIGHT="43" HPOS="283" ID="tl_43" VPOS="2046" WIDTH="1347">
<String CONTENT="Louis XIV à Rome, un des auteurs de la Guirlande de Julie," HEIGHT="43" HPOS="283" ID="string_tl_43" VPOS="2046" WIDTH="1347"/>
</TextLine>
<TextLine BASELINE="283 2133 1635 2133" HEIGHT="43" HPOS="283" ID="tl_44" VPOS="2090" WIDTH="1352">
<String CONTENT="memb. de l’Acad. franc. — L. a. s. (à Marie-Casimire, reine" HEIGHT="43" HPOS="283" ID="string_tl_44" VPOS="2090" WIDTH="1352"/>
</TextLine>
<TextLine BASELINE="283 2181 1634 2181" HEIGHT="54" HPOS="283" ID="tl_45" VPOS="2127" WIDTH="1351">
<String CONTENT="de Pologne); Fontainebleau, 12 oct. 1699, 4 p. pl. in-4. 12 »" HEIGHT="54" HPOS="283" ID="string_tl_45" VPOS="2127" WIDTH="1351"/>
</TextLine>
</TextBlock>
<TextBlock HEIGHT="81" HPOS="290" ID="r_2_25" VPOS="2178" WIDTH="1348">
<Shape>
<Polygon POINTS="290 2178 1638 2178 1638 2259 290 2259"/>
</Shape>
<TextLine BASELINE="330 2219 1637 2219" HEIGHT="40" HPOS="330" ID="tl_46" VPOS="2179" WIDTH="1307">
<String CONTENT="Belle et intéressante épître relative, à l’ordre du Saint-Esprit accordé par" HEIGHT="40" HPOS="330" ID="string_tl_46" VPOS="2179" WIDTH="1307"/>
</TextLine>
<TextLine BASELINE="291 2258 1061 2258" HEIGHT="39" HPOS="291" ID="tl_47" VPOS="2219" WIDTH="770">
<String CONTENT="Louis XIV aux princes fils de Marie-Casimire." HEIGHT="39" HPOS="291" ID="string_tl_47" VPOS="2219" WIDTH="770"/>
</TextLine>
</TextBlock>
<TextBlock HEIGHT="48" HPOS="172" ID="r_2_26" VPOS="2261" WIDTH="1466">
<Shape>
<Polygon POINTS="172 2261 1638 2261 1638 2309 172 2309"/>
</Shape>
<TextLine BASELINE="173 2308 1637 2308" HEIGHT="46" HPOS="173" ID="tl_48" VPOS="2262" WIDTH="1464">
<String CONTENT="4393 Eugène de Savoie (le prince), illustre généralissime des" HEIGHT="46" HPOS="173" ID="string_tl_48" VPOS="2262" WIDTH="1464"/>
</TextLine>
</TextBlock>
<TextBlock HEIGHT="94" HPOS="282" ID="r_2_27" VPOS="2305" WIDTH="1354">
<Shape>
<Polygon POINTS="282 2305 1636 2305 1636 2399 282 2399"/>
</Shape>
<TextLine BASELINE="283 2353 1635 2353" HEIGHT="47" HPOS="283" ID="tl_49" VPOS="2306" WIDTH="1352">
<String CONTENT="armées impériales.—L. s., en italien, à Piccolomini; Vienne," HEIGHT="47" HPOS="283" ID="string_tl_49" VPOS="2306" WIDTH="1352"/>
</TextLine>
<TextLine BASELINE="287 2398 1634 2398" HEIGHT="45" HPOS="287" ID="tl_50" VPOS="2353" WIDTH="1347">
<String CONTENT="1727, 1 p. in-f. Belle pièce. 3 »" HEIGHT="45" HPOS="287" ID="string_tl_50" VPOS="2353" WIDTH="1347"/>
</TextLine>
</TextBlock>
<TextBlock HEIGHT="49" HPOS="172" ID="r_2_28" VPOS="2399" WIDTH="1465">
<Shape>
<Polygon POINTS="172 2399 1637 2399 1637 2448 172 2448"/>
</Shape>
<TextLine BASELINE="173 2447 1636 2447" HEIGHT="47" HPOS="173" ID="tl_51" VPOS="2400" WIDTH="1463">
<String CONTENT="4394 Fabricius (Fr.), célèbre théologien hollandais, recteur de" HEIGHT="47" HPOS="173" ID="string_tl_51" VPOS="2400" WIDTH="1463"/>
</TextLine>
</TextBlock>
<TextBlock HEIGHT="94" HPOS="283" ID="r_2_29" VPOS="2444" WIDTH="1354">
<Shape>
<Polygon POINTS="283 2444 1637 2444 1637 2538 283 2538"/>
</Shape>
<TextLine BASELINE="285 2498 1636 2498" HEIGHT="53" HPOS="285" ID="tl_52" VPOS="2445" WIDTH="1351">
<String CONTENT="l’Académie de Leyde. — L. a. s., en latin, à Guil, de Water;" HEIGHT="53" HPOS="285" ID="string_tl_52" VPOS="2445" WIDTH="1351"/>
</TextLine>
<TextLine BASELINE="284 2537 1636 2537" HEIGHT="46" HPOS="284" ID="tl_53" VPOS="2491" WIDTH="1352">
<String CONTENT="Leyde, 1736, 4 p. in-4. 2 »" HEIGHT="46" HPOS="284" ID="string_tl_53" VPOS="2491" WIDTH="1352"/>
</TextLine>
</TextBlock>
<TextBlock HEIGHT="138" HPOS="170" ID="r_2_30" VPOS="2538" WIDTH="1468">
<Shape>
<Polygon POINTS="170 2538 1638 2538 1638 2676 170 2676"/>
</Shape>
<TextLine BASELINE="171 2586 1637 2586" HEIGHT="47" HPOS="171" ID="tl_54" VPOS="2539" WIDTH="1466">
<String CONTENT="4395 Farnèse (Alexandre), grand capitaine, duc de Parme, gou¬" HEIGHT="47" HPOS="171" ID="string_tl_54" VPOS="2539" WIDTH="1466"/>
</TextLine>
<TextLine BASELINE="279 2630 1634 2630" HEIGHT="47" HPOS="279" ID="tl_55" VPOS="2583" WIDTH="1355">
<String CONTENT="verneur des Pays-Bas, un des vainqueurs de Lépante, qui" HEIGHT="47" HPOS="279" ID="string_tl_55" VPOS="2583" WIDTH="1355"/>
</TextLine>
<TextLine BASELINE="278 2675 1637 2675" HEIGHT="52" HPOS="278" ID="tl_56" VPOS="2623" WIDTH="1359">
<String CONTENT="chassa le duc d'Anjou de la Flandre et fit lever à Henri IV le" HEIGHT="52" HPOS="278" ID="string_tl_56" VPOS="2623" WIDTH="1359"/>
</TextLine>
</TextBlock>
</PrintSpace>
</Page>
</Layout>
</alto>