1850 2972
883 187 194 38 - 18 -

250 278 1468 56 3990 Esqruiros (Alph.), célèbre écrivain démocrate, représentant

361 323 1353 43 de Saône-et-Loire, auteur de Charlotte Corday. — L. a. s. à son

361 368 1352 46 éditeur; 3 sept. 1850, 1 p. 1/2 in-8. 2 »

408 412 1307 40 Malgré ses 25 fr. comme représentant, il est sans le sou, et demande un

367 450 903 42 acompte sur son ouvrage les Martyrs de la Liberté.

249 494 1466 46 3991 Ferrand (le comte Ant.), ministre de Louis XVIII, auteur de

362 539 1354 47 l’Esprit de l’Histoire, de l’Académie française. — 1° Appostille

361 576 1354 55 aut. sig., de 12 petites lignes. — 2° L. s. à Louis XVIII;

359 628 1354 46 25 déc. 1816, 2 p. in-f. superbe pièce. Très-rare. 7 »

416 672 1300 39 Nommé commandeur secrétaire de l’ordre du Saint-Esprit, il prie le roi d’ac¬

367 712 1351 43 cepter sa démission, et de ne lui conserver que les honneurs d’une fonction que

366 753 777 39 sa cécité absolue ne lui permet pas de remplir.

249 795 1465 47 3992 Flandrin (Hip.), célèbre peintre d’histoire, élève de Ingres.

359 840 1357 46 — L. a. s., (1853), 1 p. pet. in-4. Le nom du destinataire

361 887 1352 45 gratté. 3 »

248 929 1467 46 3993 Fournier (Edouard), auteur dramat. et critique. — L. a. s.

359 973 1358 47 au directeur de l’Opéra, 1860, 1 p. in-8. 1 25

248 1023 1468 48 3994 Garibaldi (G.), l’illustre patriote italien. — L. a. s. à la

361 1068 1356 46 Société du Progrès à Mantoue; 20 mars 1867, 1 p. in-8. Belle

354 1114 1358 46 pièce. 10 »

249 1156 1465 48 3995 Gay (Delphine), Mme de Girardin, célèbre romancière et aut.

361 1201 1353 46 dramat. — L. a. s. à Théoph. Gautier, 1 /2 p. in-8. 3 »

249 1245 1466 49 3996 Gay (Sophie), femme célèbre par sa beauté et son esprit,

360 1290 1355 45 mère de Mme de Girardin. — L. s. à la Quotidienne, 1820, 1 p.

360 1337 1357 35 in-8. 2 50

406 1378 1310 43 Elle déclare n’être pour lien dans la Biographie pittor. des députés, qu’on

367 1421 192 31 lui attribue.

250 1457 1466 46 3997 Genlis (Mme de), célèbre femme auteur. — L. aut. à son frère;

362 1503 1354 46 Carlepont, 8 août 1819, 1 p. in-8. 4 »

406 1548 1053 40 Curieuse épître relative à son roman de Pétrarque et Laure.

252 1592 1463 46 3998 Godefroy (Denis), grand jurisconsulte du XVIe siècle, à qui

361 1637 1357 47 l’on doit le Corpus juris civilis. — Feuille d’Album aut. sig., en

360 1682 1357 45 latin; Strasbourg, 16 mai 1597, in-32. Rare. 8 »

251 1731 1467 47 3999 Godoï (Manuel), prince de la Paix, fameux premier mi¬

362 1775 1356 47 nistre de Charles IV.—L. a. s., en italien, à M. Maruzzi; (Paris,

364 1820 1354 47 1841), 1 p. in-8, écriture fine. 4 »

410 1866 1237 39 Curieuse lettre écrite à l’âge de 75 ans, au sujet de son logement à Paris.

262 1909 1458 48 4000 Gonzague (Fernand de), un des plus grands capitaines de

364 1954 1340 49 Charles-Quint, gouverneur de Milan, soupçonné d’avoir em¬

361 1998 1346 50 poisonné le dauphin fils de François Ier. — L. s. aux magis¬

362 2036 1358 54 trats de Milan; 23 av. 1550, 1/2 p. in-f., cachet. Belle pièce. 5 »

252 2093 1468 51 4001 Gounod, célèbre compositeur de musique, auteur de Faust.

364 2137 1356 48 — L.a. s. à M. Escudier; Auteuil, 5 oct. 1854, 1 p. in-8. 3 »

391 2183 989 41 Relative aux répétitions de sou opéra la Nonne sanglante.

263 2226 1457 46 4002 Grégoire (H), évêque de Blois et célèbre conventionnel.—

365 2268 1353 49 L. a. s. au libraire Maradan, 1 p. in-8. 2 50

413 2316 1313 43 Il le charge de lui faire brocher et interfolier un exemplaire de son ouvrage

375 2354 468 38 la Littérature des Nègres.

255 2388 1470 53 4003 Guernon-Ranvilie (le comte de), ministre de Charles X, si¬

368 2437 1355 53 gnataire des ordonnances de 1830. — Banville, 1841, 3 p.

366 2485 1358 37 in-4. 2 »

256 2536 1467 49 4004 Gustave III, roi de Suède, assassiné par Ankaström. — L. s.,

370 2581 1354 48 avec la souscrip. aut., en français, au baron Nolken, son am¬

370 2625 1353 51 bassadeur à Londres ; Stockholm, 12 juin 1772, 1 p. in-4.

372 2664 1304 51 Belle pièce. 10
