1793 3007
740 136 167 38 - 9 -

199 231 1352 47 Normandie, né à Rouen. — L. a. s. (au direct, de l'Artiste,

204 275 1353 46 1840), 1 p.in-8. 1 25

89 332 1467 46 4119 Bernadotte, maréchal de l’Empire, roi de Suède. — L. s. avec

201 375 1355 50 la souscription aut., à Lacépède ; Flotbeck, 15 juillet 1808,

207 420 1347 45 1 p. in-f. 2 »

248 465 1311 42 Relative a la nomination dans la Légion d'honneur des généraux La Romana

208 505 1174 42 et Kindelan (commandants du corps auxiliaire espagnol dans le Nord).

92 554 1467 47 4120 Berryer, l’illustre orateur, de l’Académie franc. — L. a. s.,

209 595 1353 48 1 p. in-8. 1 50

93 653 1469 48 4121 Berthier (Alex.), maréchal de France, major-général de Na¬

204 697 1358 49 poléon Ier. — L. a. s. au général Vial, ambassadeur en Suisse;

205 742 1357 48 Paris, 27 fruct. an XIII (14 sept. 1805), lp. in-f. 6 »

253 793 1312 42 Pièce historique relative à la campagne de 1805 contre l’Autriche. Il le charge,

212 831 1353 42 au nom de l'Empereur, d'organiser la correspondance par estafettes, de Milan à

211 870 1354 41 Strasbourg, par le St-Gothard. « Préparez, lui dit-il, les choses en secret. » —

213 910 765 40 Joint la minute de la réponse du général Vial.

97 957 1470 50 4122 Bertier (L.-J.), intendant de Paris, la première victime de la

207 1003 1357 48 Révolution. — Pièce sig., 1778,2 p. in-4. 2 »

97 1057 1468 48 4123 Berville (Saint Albin), célèbre avocat, défenseur de Courier

208 1102 1356 50 et de Béranger, né à Amiens. — L. a. s., 1 p. in-8. 1 »

98 1159 1464 46 4124 Berzelius (J.-Jacob), illustre chimiste suédois. — L. a. s.;

210 1204 1356 45 Stockholm, 1847, 1/2 p. in-4. 2 »

98 1259 1470 47 4125 Bethlen (Etienne), prince de Transylvanie, célèbre dans la

211 1303 1354 47 guerre de 30 ans, rival de Rogozy. — L. s.; 17 août 1631, 2 p.

212 1350 1354 36 in-f. 2 »

101 1403 1465 47 4126 Beugnot (J.-Cl., comte), célèbre ministre de Napoléon et de

210 1449 1356 44 Louis XVIII, auteur de curieux Mémoires, né à Bar-s.-Aube.

212 1493 1358 45 — L. a. s., 1820, 1 p. in-4. 1 50

103 1547 1464 47 4127 Beugnot (le comte Aug.-Arth.), homme politique et érudit,

214 1592 1356 45 de l’Institut, né à Bar-sur-Aube. — L. a. s., 1846, 1 p. in-L 1 25

102 1644 1466 45 4128 Bigot de Préameneu (le comte), ministre des Cultes sous

212 1688 1355 49 Napoléon, de l’Académie française. — L. a. s. à un de ses col¬

213 1726 1353 53 lègues à l’Académie; 12 mars, 1/2 p. in-f. 3 »

103 1787 1465 46 4129 Biot (J.-B.), savant astronome, de l’Académie française. —

212 1832 1355 46 L. a. s. à son confrère, (Gab.) Legouvé, profess. au collège de

213 1877 1354 45 France; Ier frimaire, 1 p. in-8. Il regrette de n’avoir pu as¬

214 1921 1352 36 sister à l’ouverture de son cours. 2 »

103 1975 1463 46 4130 Blessington (lady), célèbre écrivain humoristique, amie de

213 2020 1353 46 lord Byron. — L. a. s. (à la 3e personne), à M. Hervey, 2 p.

217 2065 1349 42 1/2 in-8. 2 »

104 2118 1461 46 4131 Boettiger (Ch.-Aug.), savant archéol. allemand. — L. a. s.,

219 2163 1351 46 1813, 3 p. in-4. 1 50

104 2216 1462 46 4132 Boissonnade (J.-E.), savant helléniste, de l’Institut. — L. a. s.

216 2262 1350 45 au libraire Werdet, 1827, 1 p. 1/4 in-8. 1 »

106 2316 1462 46 4133 Bonald (le vicomte de), célèbre publiciste monarchiste et

217 2359 1350 48 religieux, de l’Acad. franc. — L. a. sig. B. (au baron de Tré¬

218 2404 1347 47 mont, préfet de l’Aveyron), 6 mars 1812, 3 p. 1/2 in-4. 10 »

261 2455 1311 40 Epître politique des plus curieuses. — Il conseille le préfet dans le choix des

223 2494 1346 39 conseillers généraux et des fonctionnaires du département, lui dénonce les

224 2531 1340 42 exaltés et les républicains, et l’engage a ne s'entourer que d'honnêtes gens.

223 2571 1348 40 Tant que, le gouvernement a été faible, ou plutôt jeune, il a cru de bonne poli¬

225 2610 1346 40 tique de se ménager entre les honnêtes gens et la canaille, mais il est trop fort
