1841 2972
832 131 190 37 - 10 -

222 229 1444 48 71 Crèmieux (Ad.), membre du gouvernement provisoire de 1848,

291 273 1379 49 député de la Seine.— L. a. s. à Flora Tristan, 1840, 2 p. in-8. 1 50

222 318 1442 54 72 Crusius (Magnus), célèbre ministre protestant danois, pané¬

292 363 1376 50 gyriste de Duplessis-Mornay.— L. a. s., en français, au juris¬

292 408 1377 47 consulte Milsonneau, à Paris; Bramstedt, 1732, 3 p. in-4, ca¬

291 451 1377 46 chet à ses armes. Belle pièce. 3 »

223 497 1446 45 73 Dacier (Bon.-Jos.), érudit et helléniste célèbre, de l’Acad. fr.,

293 541 1374 48 né à Valognes. — L. a. s. à Bréquigny; Paris, 2 juin 1786,2 p.

294 579 1373 53 in-4. Belle pièce. 6 »

333 631 1337 41 Il lui envoie, en le priant de les corriger, deux inscriptions (qui sont jointes à

294 669 1376 41 la lettre), l’une en l'honneur de L.-Jos. de Bourbon, prince de Condé, que la

295 709 1377 41 municipalité de Dijon veut mettre sur la nouvelle porte de celte ville qu’elle vient

295 748 1377 41 de faire construire; l’autre pour servir d’épitaphe à la tombe de Pierre Combault,

292 784 1380 43 avocat au Parlement, » élève de Rollin, ami de Collin, émule de Santeuil » il

296 827 1375 41 lui apprend ensuite que le roi vient de porter les jetons des membres de l’Académie

298 866 1373 41 des Inscriptions de 33 sols et demi à 51 sols. Il termine par ces nouvelles du

297 907 1376 39 procès du collier : « Je ne vous parle point du jugement du cardinal : vous

294 947 1378 38 savez sans doute qu’il est blanc comme neige ; Villette est banni et Mme de La

297 985 1373 40 Motte condamnée à être fouettée, marquée et enfermée pour le reste de ses jours. »

295 1025 1276 39 Au dos de. la lettre est. une note de quatre lignes autographes de Bréquigny.

227 1063 1447 46 74 Damiron (J.-Ph.), célèbre philosophe, de l’Institut, né à Belle¬

294 1107 1378 48 ville (Rhône). — L. a. s. au National ; 26 déc. 1842, 2 p. in-8. 3 »

336 1154 1340 44 Très-curieuse épître relative aux suppressions qu’il est accusé d'avoir faites, par

298 1191 1377 41 les conseils de M. Cousin, dans la publication des manuscrits de Jouffroy, et dans

296 1230 365 40 les pensées de Pascal.

229 1271 1445 51 75 Dampierre (Picot de), brave général de la République, tué

296 1314 1378 48 devant Valenciennes. — Pièce sig. ; quart, général de Bouchain,

300 1360 1372 48 13 avril 1793, 1 p. in-f. Un peu fatiguée. Rare. 3 »

229 1405 1446 47 76 Danton (Georges), le célèbre conventionnel. — Belle pièce

295 1448 1380 51 sig. de lui, Ch. Delacroix, Camus et Gossuin, comme commis¬

296 1494 1377 47 saires de la Convention à l’armée de Belgique; Liège, 11 janv.

301 1540 1372 46 1793, 1/2 p. in-4. 25 »

339 1584 1336 40 Les pièces signées de Danton sont très-rares, surtout comme commissaire, en

301 1621 147 42 Belgique.

229 1662 1447 47 77 David (Jacq.-L.), le grand peintre d’histoire. — L. s., avec un

298 1707 1377 47 post-script, de 2 lig. autog.; 20 nov. 1792, 1 p. in-f. Coupure

298 1751 1378 47 dans la marge entamment quelques mots, faciles à réta¬

302 1796 1375 36 blir. 8 »

339 1841 1341 40 Epître très-curieuse, le peignant tout entier. Chargé par un ministre d’exécuter

301 1881 1379 39 un tableau sur des dessins qu’on lui a fournis, il critique avec toute la franchise

300 1921 1377 40 d'un républicain artiste, ces dessins, qui sont confus, mesquins et sans goût, et il

300 1960 1378 40 ajoute : « Ce qui m'autorise d'autant plus à le trouver ainsi, c’est l’étude des an¬

301 2000 1379 39 ciens, c'est cette belle simplicité qu’ils ont mise dans leurs ouvrages, qui doit nous

303 2040 1377 40 servir de guide et de modèle; car, en cela comme en liberté, ils sont nos grands

301 2081 165 31 maîtres. »

235 2117 1443 47 78 Davy (Marié), savant physicien et astronome de l’Obser¬

303 2155 1376 54 vatoire de Paris. — L. a. s.', 1859, 3 p. 1 /2 in-8. 2 50

344 2207 747 34 Lettre très-intéressante relative à l’électricité.

236 2246 1443 47 79 De Bay (Jean), célèbre statuaire, né à Nantes. — L. a. s. au

304 2292 1379 46 sculpteur Dumont, 1846, 1 p. in-8. 2 50

346 2336 1082 37 Relative à sa statue de Cambronne, destinée à la ville de Nantes.

238 2374 1443 48 80 Déjazet (Mlle), la célèbre actrice. — L. a. s., 1 p. 1/2 in-8,

306 2421 1372 46 papier à son chiffre. Jolie pièce. 2 »

238 2464 1445 48 81 Delacroix (Eug.), célèbre peintre d’histoire, chef de l’école

307 2509 1374 48 romantique. — L. a. s.; Paris, 7 janv. 1857, 2 p. in-8. 3 »

347 2554 1336 42 Curieuse épitre dans laquelle il sollicite les suffrages d’un membre de l’Acadé¬

309 2595 861 41 mie des Beaux-Arts pour sa candidature à l’Institut.
