<?xml version="1.0" encoding="utf-8"?>
<alto xmlns="http://www.loc.gov/standards/alto/ns-v4#" xmlns:xsi="http://www.w3.org/2001/XMLSchema-instance" xsi:schemaLocation="http://www.loc.gov/standards/alto/ns-v4# https://gitlab.inria.fr/scripta/escriptorium/-/raw/develop/app/escriptorium/static/alto-4-1-baselines.xsd">
<Description>
<MeasurementUnit>pixel</MeasurementUnit><sourceImageInformation><fileName>2-REV DES AUTO 1868-69 OCR-57.png</fileName></sourceImageInformation>
<OCRProcessing ID="IdOcr">
<ocrProcessingStep>
<processingDateTime>2020-10-31T11:20:16.414+01:00</processingDateTime>
<processingSoftware>
<softwareCreator>READ COOP</softwareCreator>
<softwareName>Transkribus</softwareName>
</processingSoftware>
</ocrProcessingStep>
</OCRProcessing>
</Description>
<Layout>
<Page HEIGHT="3007" ID="Page1" PHYSICAL_IMG_NR="1" WIDTH="1802">
<TopMargin HEIGHT="147" HPOS="0" VPOS="0" WIDTH="1802"/>
<LeftMargin HEIGHT="2535" HPOS="0" VPOS="147" WIDTH="85"/>
<RightMargin HEIGHT="2535" HPOS="1571" VPOS="147" WIDTH="231"/>
<BottomMargin HEIGHT="325" HPOS="0" VPOS="2682" WIDTH="1802"/>
<PrintSpace HEIGHT="2535" HPOS="85" VPOS="147" WIDTH="1486">
<TextBlock HEIGHT="40" HPOS="724" ID="r_1_1" VPOS="160" WIDTH="195">
<Shape>
<Polygon POINTS="724 160 919 160 919 200 724 200"/>
</Shape>
<TextLine BASELINE="725 199 918 199" HEIGHT="38" HPOS="725" ID="tl_1" VPOS="161" WIDTH="193">
<String CONTENT="- 17 -" HEIGHT="38" HPOS="725" ID="string_tl_1" VPOS="161" WIDTH="193"/>
</TextLine>
</TextBlock>
<TextBlock HEIGHT="181" HPOS="91" ID="r_2_1" VPOS="255" WIDTH="1460">
<Shape>
<Polygon POINTS="91 255 1551 255 1551 436 91 436"/>
</Shape>
<TextLine BASELINE="92 304 1549 304" HEIGHT="48" HPOS="92" ID="tl_2" VPOS="256" WIDTH="1457">
<String CONTENT="4222 Kent (Edouard, duc de), père de la reine Victoria. — Jolie" HEIGHT="48" HPOS="92" ID="string_tl_2" VPOS="256" WIDTH="1457"/>
</TextLine>
<TextLine BASELINE="202 353 1550 353" HEIGHT="54" HPOS="202" ID="tl_3" VPOS="299" WIDTH="1348">
<String CONTENT="l. s. à M. de Gruillermy; Kensington, 1813, 2 p. 1/4 in-4. Plus" HEIGHT="54" HPOS="202" ID="string_tl_3" VPOS="299" WIDTH="1348"/>
</TextLine>
<TextLine BASELINE="204 393 1548 393" HEIGHT="48" HPOS="204" ID="tl_4" VPOS="345" WIDTH="1344">
<String CONTENT="un petit billet aut. sig. de la duchesse de Kent, sa femme." HEIGHT="48" HPOS="204" ID="string_tl_4" VPOS="345" WIDTH="1344"/>
</TextLine>
<TextLine BASELINE="207 432 1549 432" HEIGHT="52" HPOS="207" ID="line_1538153955756_239" VPOS="380" WIDTH="1342">
<String CONTENT="1822. 2 50" HEIGHT="52" HPOS="207" ID="string_line_1538153955756_239" VPOS="380" WIDTH="1342"/>
</TextLine>
</TextBlock>
<TextBlock HEIGHT="48" HPOS="92" ID="r_3_1" VPOS="444" WIDTH="1460">
<Shape>
<Polygon POINTS="92 444 1552 444 1552 492 92 492"/>
</Shape>
<TextLine BASELINE="93 491 1551 491" HEIGHT="46" HPOS="93" ID="tl_5" VPOS="445" WIDTH="1458">
<String CONTENT="4223 Kotzebue (A.-F.-Fréd. de), célèbre publiciste et romancier" HEIGHT="46" HPOS="93" ID="string_tl_5" VPOS="445" WIDTH="1458"/>
</TextLine>
</TextBlock>
<TextBlock HEIGHT="138" HPOS="201" ID="r_3_2" VPOS="487" WIDTH="1350">
<Shape>
<Polygon POINTS="201 487 1551 487 1551 625 201 625"/>
</Shape>
<TextLine BASELINE="202 535 1549 535" HEIGHT="47" HPOS="202" ID="tl_6" VPOS="488" WIDTH="1347">
<String CONTENT="allemand, assassiné par Sand en 1819. — L. a. s., en allemand," HEIGHT="47" HPOS="202" ID="string_tl_6" VPOS="488" WIDTH="1347"/>
</TextLine>
<TextLine BASELINE="203 579 1549 579" HEIGHT="47" HPOS="203" ID="tl_7" VPOS="532" WIDTH="1346">
<String CONTENT="au libraire Kummersch ; Kœnigsberg, 10 janv. 1806, 2 p. in-4," HEIGHT="47" HPOS="203" ID="string_tl_7" VPOS="532" WIDTH="1346"/>
</TextLine>
<TextLine BASELINE="205 624 1550 624" HEIGHT="46" HPOS="205" ID="tl_8" VPOS="578" WIDTH="1345">
<String CONTENT="cachet. Belle pièce. 4 »" HEIGHT="46" HPOS="205" ID="string_tl_8" VPOS="578" WIDTH="1345"/>
</TextLine>
</TextBlock>
<TextBlock HEIGHT="54" HPOS="92" ID="r_3_3" VPOS="632" WIDTH="1459">
<Shape>
<Polygon POINTS="92 632 1551 632 1551 686 92 686"/>
</Shape>
<TextLine BASELINE="93 685 1550 685" HEIGHT="52" HPOS="93" ID="tl_9" VPOS="633" WIDTH="1457">
<String CONTENT="4224 La Chapelle (Jean de), secrétaire des commandements du" HEIGHT="52" HPOS="93" ID="string_tl_9" VPOS="633" WIDTH="1457"/>
</TextLine>
</TextBlock>
<TextBlock HEIGHT="180" HPOS="202" ID="r_3_4" VPOS="676" WIDTH="1353">
<Shape>
<Polygon POINTS="202 676 1555 676 1555 856 202 856"/>
</Shape>
<TextLine BASELINE="204 723 1554 723" HEIGHT="46" HPOS="204" ID="tl_10" VPOS="677" WIDTH="1350">
<String CONTENT="prince de Conti, poète et diplomate, membre de l’Acad. fran¬" HEIGHT="46" HPOS="204" ID="string_tl_10" VPOS="677" WIDTH="1350"/>
</TextLine>
<TextLine BASELINE="204 772 1552 772" HEIGHT="51" HPOS="204" ID="tl_11" VPOS="721" WIDTH="1348">
<String CONTENT="çaise, né à Bourges. — Belle pièce sig. par le prince de Conti," HEIGHT="51" HPOS="204" ID="string_tl_11" VPOS="721" WIDTH="1348"/>
</TextLine>
<TextLine BASELINE="203 812 1552 812" HEIGHT="46" HPOS="203" ID="tl_12" VPOS="766" WIDTH="1349">
<String CONTENT="et contresig. par Monseigneur La Chappelle; Paris, 31 sept. 1686," HEIGHT="46" HPOS="203" ID="string_tl_12" VPOS="766" WIDTH="1349"/>
</TextLine>
<TextLine BASELINE="205 855 1552 855" HEIGHT="45" HPOS="205" ID="tl_13" VPOS="810" WIDTH="1347">
<String CONTENT="3 p. in-f. Rare. 8 »" HEIGHT="45" HPOS="205" ID="string_tl_13" VPOS="810" WIDTH="1347"/>
</TextLine>
</TextBlock>
<TextBlock HEIGHT="48" HPOS="93" ID="r_3_5" VPOS="864" WIDTH="1462">
<Shape>
<Polygon POINTS="93 864 1555 864 1555 912 93 912"/>
</Shape>
<TextLine BASELINE="94 911 1554 911" HEIGHT="46" HPOS="94" ID="tl_14" VPOS="865" WIDTH="1460">
<String CONTENT="4225 Lamarque (Max.), célèbre général et orateur, né dans les" HEIGHT="46" HPOS="94" ID="string_tl_14" VPOS="865" WIDTH="1460"/>
</TextLine>
</TextBlock>
<TextBlock HEIGHT="92" HPOS="205" ID="r_3_6" VPOS="908" WIDTH="1351">
<Shape>
<Polygon POINTS="205 908 1556 908 1556 1000 205 1000"/>
</Shape>
<TextLine BASELINE="206 955 1553 955" HEIGHT="46" HPOS="206" ID="tl_15" VPOS="909" WIDTH="1347">
<String CONTENT="Landes. — L. a. s. au général Beurman; Figuières, 17 mars 1814," HEIGHT="46" HPOS="206" ID="string_tl_15" VPOS="909" WIDTH="1347"/>
</TextLine>
<TextLine BASELINE="210 999 1555 999" HEIGHT="45" HPOS="210" ID="tl_16" VPOS="954" WIDTH="1345">
<String CONTENT="1/2 p. in-4, cachet. 2 50" HEIGHT="45" HPOS="210" ID="string_tl_16" VPOS="954" WIDTH="1345"/>
</TextLine>
</TextBlock>
<TextBlock HEIGHT="49" HPOS="92" ID="r_3_7" VPOS="1004" WIDTH="1461">
<Shape>
<Polygon POINTS="92 1004 1553 1004 1553 1053 92 1053"/>
</Shape>
<TextLine BASELINE="93 1052 1552 1052" HEIGHT="47" HPOS="93" ID="tl_17" VPOS="1005" WIDTH="1459">
<String CONTENT="4226 Lamartine (Alph. de), illustre écrivain et homme d’Etat, de" HEIGHT="47" HPOS="93" ID="string_tl_17" VPOS="1005" WIDTH="1459"/>
</TextLine>
</TextBlock>
<TextBlock HEIGHT="48" HPOS="206" ID="r_3_8" VPOS="1049" WIDTH="1350">
<Shape>
<Polygon POINTS="206 1049 1556 1049 1556 1097 206 1097"/>
</Shape>
<TextLine BASELINE="207 1096 1555 1096" HEIGHT="46" HPOS="207" ID="tl_18" VPOS="1050" WIDTH="1348">
<String CONTENT="l’Acad. fr. — L. a. s. à M. Grün, 1 p. in-8. 3 50" HEIGHT="46" HPOS="207" ID="string_tl_18" VPOS="1050" WIDTH="1348"/>
</TextLine>
</TextBlock>
<TextBlock HEIGHT="79" HPOS="212" ID="r_3_9" VPOS="1099" WIDTH="1344">
<Shape>
<Polygon POINTS="212 1099 1556 1099 1556 1178 212 1178"/>
</Shape>
<TextLine BASELINE="250 1139 1555 1139" HEIGHT="39" HPOS="250" ID="tl_19" VPOS="1100" WIDTH="1305">
<String CONTENT="Curieuse lettre relative à M. Guizot, qu'il promet rie ne pas attaquer à la tri¬" HEIGHT="39" HPOS="250" ID="string_tl_19" VPOS="1100" WIDTH="1305"/>
</TextLine>
<TextLine BASELINE="213 1177 1240 1177" HEIGHT="38" HPOS="213" ID="tl_20" VPOS="1139" WIDTH="1027">
<String CONTENT="bune. « Je suis résolu à me taire et à ne dire que des mots. »" HEIGHT="38" HPOS="213" ID="string_tl_20" VPOS="1139" WIDTH="1027"/>
</TextLine>
</TextBlock>
<TextBlock HEIGHT="46" HPOS="94" ID="r_3_10" VPOS="1188" WIDTH="1461">
<Shape>
<Polygon POINTS="94 1188 1555 1188 1555 1234 94 1234"/>
</Shape>
<TextLine BASELINE="95 1233 1554 1233" HEIGHT="44" HPOS="95" ID="tl_21" VPOS="1189" WIDTH="1459">
<String CONTENT="4227 La Porte du Theil (de), savant helléniste, conservateur de" HEIGHT="44" HPOS="95" ID="string_tl_21" VPOS="1189" WIDTH="1459"/>
</TextLine>
</TextBlock>
<TextBlock HEIGHT="83" HPOS="205" ID="r_3_11" VPOS="1231" WIDTH="1353">
<Shape>
<Polygon POINTS="205 1231 1558 1231 1558 1314 205 1314"/>
</Shape>
<TextLine BASELINE="206 1280 1552 1280" HEIGHT="48" HPOS="206" ID="tl_22" VPOS="1232" WIDTH="1346">
<String CONTENT="la Bibliothèque nationale. — L. a. s.; Paris, 1771, 1 p." HEIGHT="48" HPOS="206" ID="string_tl_22" VPOS="1232" WIDTH="1346"/>
</TextLine>
<TextLine BASELINE="207 1313 1557 1313" HEIGHT="37" HPOS="207" ID="tl_23" VPOS="1276" WIDTH="1350">
<String CONTENT="in-4. 2 50" HEIGHT="37" HPOS="207" ID="string_tl_23" VPOS="1276" WIDTH="1350"/>
</TextLine>
</TextBlock>
<TextBlock HEIGHT="94" HPOS="94" ID="r_3_12" VPOS="1330" WIDTH="1462">
<Shape>
<Polygon POINTS="94 1330 1556 1330 1556 1424 94 1424"/>
</Shape>
<TextLine BASELINE="95 1379 1555 1379" HEIGHT="48" HPOS="95" ID="tl_24" VPOS="1331" WIDTH="1460">
<String CONTENT="4228 La Rue (le P. Ch. de), jésuite, célèbre prédicateur et poète" HEIGHT="48" HPOS="95" ID="string_tl_24" VPOS="1331" WIDTH="1460"/>
</TextLine>
<TextLine BASELINE="208 1423 1554 1423" HEIGHT="47" HPOS="208" ID="tl_25" VPOS="1376" WIDTH="1346">
<String CONTENT="latin du XVIIe siècle, ami de Corneille, qui a traduit son" HEIGHT="47" HPOS="208" ID="string_tl_25" VPOS="1376" WIDTH="1346"/>
</TextLine>
</TextBlock>
<TextBlock HEIGHT="92" HPOS="205" ID="r_3_13" VPOS="1421" WIDTH="1350">
<Shape>
<Polygon POINTS="205 1421 1555 1421 1555 1513 205 1513"/>
</Shape>
<TextLine BASELINE="206 1501 1554 1501" HEIGHT="79" HPOS="206" ID="tl_26" VPOS="1422" WIDTH="1348">
<String CONTENT="poème sur les Conquêtes de Louis XIV. — L. a. s. au card." HEIGHT="79" HPOS="206" ID="string_tl_26" VPOS="1422" WIDTH="1348"/>
</TextLine>
<TextLine BASELINE="235 1512 1554 1512" HEIGHT="47" HPOS="235" ID="tl_27" VPOS="1465" WIDTH="1319">
<String CONTENT="de Bouillon; Paris, 19 août 1709, 4 p. in-4. .Rare. 15 »" HEIGHT="47" HPOS="235" ID="string_tl_27" VPOS="1465" WIDTH="1319"/>
</TextLine>
</TextBlock>
<TextBlock HEIGHT="137" HPOS="95" ID="r_3_14" VPOS="1520" WIDTH="1463">
<Shape>
<Polygon POINTS="95 1520 1558 1520 1558 1657 95 1657"/>
</Shape>
<TextLine BASELINE="96 1575 1555 1575" HEIGHT="54" HPOS="96" ID="tl_28" VPOS="1521" WIDTH="1459">
<String CONTENT="4229 Lavallette (le comte de), direct.-gén. des postes de l’Empire," HEIGHT="54" HPOS="96" ID="string_tl_28" VPOS="1521" WIDTH="1459"/>
</TextLine>
<TextLine BASELINE="207 1611 1556 1611" HEIGHT="45" HPOS="207" ID="tl_29" VPOS="1566" WIDTH="1349">
<String CONTENT="condamné à mort en 1815, sauve par le dévoûment de sa" HEIGHT="45" HPOS="207" ID="string_tl_29" VPOS="1566" WIDTH="1349"/>
</TextLine>
<TextLine BASELINE="208 1656 1557 1656" HEIGHT="45" HPOS="208" ID="tl_30" VPOS="1611" WIDTH="1349">
<String CONTENT="femme. — Belle l. a. s., 1 p. in-f. 2 50" HEIGHT="45" HPOS="208" ID="string_tl_30" VPOS="1611" WIDTH="1349"/>
</TextLine>
</TextBlock>
<TextBlock HEIGHT="137" HPOS="97" ID="r_3_15" VPOS="1664" WIDTH="1461">
<Shape>
<Polygon POINTS="97 1664 1558 1664 1558 1801 97 1801"/>
</Shape>
<TextLine BASELINE="98 1711 1555 1711" HEIGHT="46" HPOS="98" ID="tl_31" VPOS="1665" WIDTH="1457">
<String CONTENT="4230 Lelewel (Joach.), illustre savant et patriote polonais. — L. a. s." HEIGHT="46" HPOS="98" ID="string_tl_31" VPOS="1665" WIDTH="1457"/>
</TextLine>
<TextLine BASELINE="210 1756 1555 1756" HEIGHT="47" HPOS="210" ID="tl_32" VPOS="1709" WIDTH="1345">
<String CONTENT="à M. Norblin, 1845, 1/2 p. in-8. Recommandation d’un numis¬" HEIGHT="47" HPOS="210" ID="string_tl_32" VPOS="1709" WIDTH="1345"/>
</TextLine>
<TextLine BASELINE="210 1800 1557 1800" HEIGHT="45" HPOS="210" ID="tl_33" VPOS="1755" WIDTH="1347">
<String CONTENT="mate polonais. 1 50" HEIGHT="45" HPOS="210" ID="string_tl_33" VPOS="1755" WIDTH="1347"/>
</TextLine>
</TextBlock>
<TextBlock HEIGHT="171" HPOS="96" ID="r_3_16" VPOS="1808" WIDTH="1463">
<Shape>
<Polygon POINTS="96 1808 1559 1808 1559 1979 96 1979"/>
</Shape>
<TextLine BASELINE="97 1855 1558 1855" HEIGHT="46" HPOS="97" ID="tl_34" VPOS="1809" WIDTH="1461">
<String CONTENT="4231 Léopold Ier, empereur d’Allemagne, qui eut à lutter tout à" HEIGHT="46" HPOS="97" ID="string_tl_34" VPOS="1809" WIDTH="1461"/>
</TextLine>
<TextLine BASELINE="208 1899 1555 1899" HEIGHT="46" HPOS="208" ID="tl_35" VPOS="1853" WIDTH="1347">
<String CONTENT="la fois contre Louis XIV et les Turcs. — L. a. s., en espagnol;" HEIGHT="46" HPOS="208" ID="string_tl_35" VPOS="1853" WIDTH="1347"/>
</TextLine>
<TextLine BASELINE="209 1944 1556 1944" HEIGHT="47" HPOS="209" ID="tl_36" VPOS="1897" WIDTH="1347">
<String CONTENT="del Campo, 2 mai 1669, 1/2 p. in-4. Adresse enlevée. Tache" HEIGHT="47" HPOS="209" ID="string_tl_36" VPOS="1897" WIDTH="1347"/>
</TextLine>
<TextLine BASELINE="208 1978 1555 1978" HEIGHT="36" HPOS="208" ID="tl_37" VPOS="1942" WIDTH="1347">
<String CONTENT="de rousseur. 2 »" HEIGHT="36" HPOS="208" ID="string_tl_37" VPOS="1942" WIDTH="1347"/>
</TextLine>
</TextBlock>
<TextBlock HEIGHT="137" HPOS="96" ID="r_3_17" VPOS="1995" WIDTH="1463">
<Shape>
<Polygon POINTS="96 1995 1559 1995 1559 2132 96 2132"/>
</Shape>
<TextLine BASELINE="97 2043 1555 2043" HEIGHT="47" HPOS="97" ID="tl_38" VPOS="1996" WIDTH="1458">
<String CONTENT="4232 Ligne (Ch.-Jos., prince de), célèbre général et bel esprit du" HEIGHT="47" HPOS="97" ID="string_tl_38" VPOS="1996" WIDTH="1458"/>
</TextLine>
<TextLine BASELINE="206 2087 1558 2087" HEIGHT="46" HPOS="206" ID="tl_39" VPOS="2041" WIDTH="1352">
<String CONTENT="XVIIIe siècle. — L. sig., 22 mai 1780, relative à ses Préjugés et" HEIGHT="46" HPOS="206" ID="string_tl_39" VPOS="2041" WIDTH="1352"/>
</TextLine>
<TextLine BASELINE="206 2131 1555 2131" HEIGHT="45" HPOS="206" ID="tl_40" VPOS="2086" WIDTH="1349">
<String CONTENT="fantaisies militaires, 1/2 p. in-4. Rare. 5 »" HEIGHT="45" HPOS="206" ID="string_tl_40" VPOS="2086" WIDTH="1349"/>
</TextLine>
</TextBlock>
<TextBlock HEIGHT="128" HPOS="94" ID="r_3_18" VPOS="2139" WIDTH="1465">
<Shape>
<Polygon POINTS="94 2139 1559 2139 1559 2267 94 2267"/>
</Shape>
<TextLine BASELINE="95 2186 1558 2186" HEIGHT="46" HPOS="95" ID="tl_41" VPOS="2140" WIDTH="1463">
<String CONTENT="4233 Linné (Ch.), le grand botaniste. — L. a. s., en suédois, à" HEIGHT="46" HPOS="95" ID="string_tl_41" VPOS="2140" WIDTH="1463"/>
</TextLine>
<TextLine BASELINE="206 2231 1554 2231" HEIGHT="47" HPOS="206" ID="tl_42" VPOS="2184" WIDTH="1348">
<String CONTENT="J.-J. Ferber, à Carlcrona; Upsal, 11 mai 1771, 1 p. pet. in-4," HEIGHT="47" HPOS="206" ID="string_tl_42" VPOS="2184" WIDTH="1348"/>
</TextLine>
<TextLine BASELINE="207 2266 1554 2266" HEIGHT="36" HPOS="207" ID="tl_43" VPOS="2230" WIDTH="1347">
<String CONTENT="cachet à ses armes. 25 »" HEIGHT="36" HPOS="207" ID="string_tl_43" VPOS="2230" WIDTH="1347"/>
</TextLine>
</TextBlock>
<TextBlock HEIGHT="226" HPOS="94" ID="r_3_19" VPOS="2282" WIDTH="1463">
<Shape>
<Polygon POINTS="94 2282 1557 2282 1557 2508 94 2508"/>
</Shape>
<TextLine BASELINE="95 2329 1556 2329" HEIGHT="46" HPOS="95" ID="tl_44" VPOS="2283" WIDTH="1461">
<String CONTENT="4234 Longuerue (l’abbé de), célèbre érudit, auteur de savantes" HEIGHT="46" HPOS="95" ID="string_tl_44" VPOS="2283" WIDTH="1461"/>
</TextLine>
<TextLine BASELINE="206 2369 1556 2369" HEIGHT="41" HPOS="206" ID="tl_45" VPOS="2328" WIDTH="1350">
<String CONTENT="dissertations sur l’histoire de France, et dont on a réuni les" HEIGHT="41" HPOS="206" ID="string_tl_45" VPOS="2328" WIDTH="1350"/>
</TextLine>
<TextLine BASELINE="206 2417 1556 2417" HEIGHT="45" HPOS="206" ID="tl_46" VPOS="2372" WIDTH="1350">
<String CONTENT="bons mots sous le nom de Longueruana, né à Charleville. —" HEIGHT="45" HPOS="206" ID="string_tl_46" VPOS="2372" WIDTH="1350"/>
</TextLine>
<TextLine BASELINE="207 2463 1554 2463" HEIGHT="46" HPOS="207" ID="tl_47" VPOS="2417" WIDTH="1347">
<String CONTENT="L. a. s. à l’abbé Alary, à Nancy; Paris, 12 fév. 1717, 2 p." HEIGHT="46" HPOS="207" ID="string_tl_47" VPOS="2417" WIDTH="1347"/>
</TextLine>
<TextLine BASELINE="205 2507 1554 2507" HEIGHT="47" HPOS="205" ID="tl_48" VPOS="2460" WIDTH="1349">
<String CONTENT="pl. in-8. Légèrement rognée dans le bas. 10 »" HEIGHT="47" HPOS="205" ID="string_tl_48" VPOS="2460" WIDTH="1349"/>
</TextLine>
</TextBlock>
<TextBlock HEIGHT="159" HPOS="211" ID="r_3_20" VPOS="2512" WIDTH="1347">
<Shape>
<Polygon POINTS="211 2512 1558 2512 1558 2671 211 2671"/>
</Shape>
<TextLine BASELINE="253 2551 1557 2551" HEIGHT="38" HPOS="253" ID="tl_49" VPOS="2513" WIDTH="1304">
<String CONTENT="Epître littéraire très-intéressante, où il est question de l'abbé Dangeau et de" HEIGHT="38" HPOS="253" ID="string_tl_49" VPOS="2513" WIDTH="1304"/>
</TextLine>
<TextLine BASELINE="212 2590 1555 2590" HEIGHT="39" HPOS="212" ID="tl_50" VPOS="2551" WIDTH="1343">
<String CONTENT="son frère le marquis, qui a failli mourir; de l’abbé de Louvois, Mme de Lambert," HEIGHT="39" HPOS="212" ID="string_tl_50" VPOS="2551" WIDTH="1343"/>
</TextLine>
<TextLine BASELINE="213 2631 1555 2631" HEIGHT="42" HPOS="213" ID="tl_51" VPOS="2589" WIDTH="1342">
<String CONTENT="etc. Il a fait diverses additions à son ouvrage sur la France, mais il attend" HEIGHT="42" HPOS="213" ID="string_tl_51" VPOS="2589" WIDTH="1342"/>
</TextLine>
<TextLine BASELINE="212 2670 1113 2670" HEIGHT="41" HPOS="212" ID="tl_52" VPOS="2629" WIDTH="901">
<String CONTENT="l’abbé Alary, qui a l’habitude d’écrire sous sa dictée" HEIGHT="41" HPOS="212" ID="string_tl_52" VPOS="2629" WIDTH="901"/>
</TextLine>
<TextLine BASELINE="992 2666 1099 2666" HEIGHT="32" HPOS="992" ID="line_1529511208489_14" VPOS="2634" WIDTH="107">
<String CONTENT="" HEIGHT="32" HPOS="992" ID="string_line_1529511208489_14" VPOS="2634" WIDTH="107"/>
</TextLine>
<TextLine BASELINE="942 2664 981 2664" HEIGHT="29" HPOS="942" ID="line_1529511204425_12" VPOS="2635" WIDTH="39">
<String CONTENT="" HEIGHT="29" HPOS="942" ID="string_line_1529511204425_12" VPOS="2635" WIDTH="39"/>
</TextLine>
</TextBlock>
</PrintSpace>
</Page>
</Layout>
</alto>