1841 2972
877 174 171 37 - 8 —

340 270 1356 47 des Inaugurations, né près d’Orléans. — L. a. s. ; Argenteuil,

346 315 1348 47 1779, 1 p. in-4. 3 »

230 359 1467 45 4325 Beyle (Henri), écrivain célèbre, un des chefs les plus fougueux

343 403 1354 46 du Romantisme, connu sous les pseudonymes de Stendhal et

342 447 1356 46 de Durand, né à Grenoble. — L. a. sig. Durand, 2 p. in-8. 2 50

232 491 1464 43 4326 Blanche de Montferrat, duchesse de Savoie, femme de

345 535 1350 44 Charles Ier, dit le Guerrier. — L. s. au duc de Milan ; Turin,

347 579 1352 46 16 janv. (vers 1495), 1/2 p. in-4, cachet à ses armes. Belle

341 626 1354 43 pièce. 6 »

391 668 1306 39 Elle se loue de l'intelligence et du zèle de messer Christophoro de Bulla, am¬

350 707 934 38 bassadeur du duc à Turin, et qui s'en retourne à Milan.

234 745 1465 45 4327 Boïeldieu (F.-Ad.), célèbre compositeur, auteur de la Dame

342 789 1357 46 Blanche, né à Rouen. — L. a. s. à Roger de Beauvoir, 2 p. 1/4

346 834 1349 35 in-8. 3 »

391 878 1310 39 Relative à sa cantate à Notre-Dame-des-Arts, dont Roger de Beauvoir a fait

352 918 185 38 les paroles.

234 954 1465 47 4328 Bonald (le vicomte de), célèbre publiciste ultramontain, de

345 999 1354 46 l’Acad. fr., né dans l’Aveyron. — L. a. sig. B., à M. Briatte,

345 1043 1355 47 référendaire à la Cour des Comptes, (29 janv. 1815), 1/2 p.

347 1089 1352 35 in-8. 6 »

394 1132 1312 39 Curieuse épitre relative à une lettre écrite par Louis Bonaparte, roi de Hollande,

354 1172 1351 38 à M. de Bonald, en 1810, pour lui proposer la place de gouverneur de son fils

355 1211 1345 38 ainé, et produite par M. Tripier dans le procès entre Louis et la reine Hortense.

237 1249 1466 46 4329 Le même. — L. a. s. au baron de Tremont, préfet de l’Aveyron,

347 1292 1354 46 6 janv. 1812, 2 p. in-4. 5 »

393 1337 1314 40 Le décret sur la conscription est publié et il croit que, ce n’est pas tout à fait

355 1376 1351 40 une œvure de charité. « Comme les années ne sont pas trop bonnes, dit-il. je

355 1416 1352 38 crois que l’usage de souhaiter la bonne, année se perd insensiblement. Il avait été

354 1455 1353 38 établi dans des temps plus heureux, où l’on ne pouvait se désirer mutuellement

356 1494 911 38 que la conservation du bonheur dont on jouissait... »

238 1532 1466 46 4330 Bonaparte, 1er Consul. — Brevet sig. sur vélin, avec la belle

349 1576 1356 47 vignette de Roger, an XI, double in-f°. 3 »

240 1627 1472 46 4331 Bonaparte (Joseph), roi d’Espagne. — L. a. sig. Joseph, comte

349 1671 1355 45 de Survilliers; Pointe-Breese, 1820, 1 p. in-4. 4 »

241 1720 1469 46 4332 Bonnet (Ch.), célèbre naturaliste philosophe. — L. s. à

351 1764 1357 47 M. Strange (naturaliste); Genthod, 13 déc. 1773, 3 p. in-4,

353 1808 1353 37 cachet. 8 »

397 1854 1310 40 Intéressante épitre, relative à l’histoire naturelle, et a la mort de son beau-père,

356 1893 1355 37 qui a institué sa femme son exécuteur testamentaire, et leur a laissé le domaine

359 1933 197 31 de Genthod.

246 1976 1463 46 4333 Bouilly (J.-N.), célèbre conteur et auteur dramatique. —

352 2020 1358 47 L. a. s. à un journaliste, 1828, 1 p. in-8. 1 50

241 2069 1469 47 4334 Boulanger (Louis), peintre d’hist., un des plus éminents de

352 2114 1358 47 l’école romantique. — L. a. s. à M. Ansart d’Aubigny, 1845,

351 2159 1361 45 2 p. in-8. 1 50

242 2208 1469 46 4335 Bourbotte (Pierre), conventionnel montagnard (Yonne),

351 2253 1359 45 défenseur de Carrier, condamné à mort pour sa complicité

352 2296 1357 47 dans la journée du 13 prairial, et guillotiné après s’être poi¬

354 2341 1358 47 gnardé. — L. a. s. à ses collègues de l’armée de Sambre et

352 2385 1356 47 Meuse ; Trêves, 9 fruct. an II. 1 p. 1/2 in-f°, vignette. 10 »

400 2431 1314 38 Relative au bataillon du Cher, et au concert à établir entre les représentants

360 2470 1352 39 aux diverses armées, pour se donner mutuellement connaissance de leurs opéra¬

359 2510 86 30 tions.

240 2553 1473 45 4336 Bourrette (Charlotte Renyer), femme à la mode du XVIIIe siècle,

350 2598 1362 45 poète et auteur dramat., surnommée la Muse limonadière. —
