1793 3007
747 127 191 39 - 23 -

121 220 1458 45 4059 Rouget de Lisle, l’auteur do la Marseillaise. — La Mère et le

234 265 1343 46 Lion (légende du Lion de Florence), pièce de vers aut., 2 p.

233 309 1344 37 in-f. 9 »

120 359 1457 45 4060 Rousseau (J.-J.), l’illustre écrivain. — L. a. s. au libraire

232 403 1344 45 Duchesne, éditeur de ses œuvres; Montmorenci, 10 fév. 1762,

237 449 1340 45 1 p. pl. in-4. Belle pièce. 48 »

278 493 1302 40 Relative à la publication de ses œuvres complètes. Il y ajoutera une table, pour

239 532 1338 40 éviter an libraire de la faire rédiger. « Je ne vous ferai pas attendre cette table,

238 571 1340 40 dit-il, non plus que la préface, telle que je la pourrai barbouiller dans l’état où

235 611 153 38 je suis. »

120 652 1457 50 4061 Sadolet (Jacques), illustre écrivain du XVIe siècle, secrétaire

232 697 1345 47 de Léon X, évoque de Carpentras. — Let. sig., en latin, au

232 739 1345 50 nom de Léon X, à Achille Pelacani, légat à Bologne ; Rome,

230 786 1347 45 9 mai 1513, in-fol. oblong, trace de cachet. 12 »

118 835 1459 48 4062 Saint-Huberty (Cécile Clavel, dite), célèbre cantatrice de

234 880 1343 48 l’Opéra, femme du comte d’Antraigues, assassinée avec lui

231 924 1346 48 en 1812. — L. sig. de Saint-Huberty, 3 p. in-4. 6 »

279 970 1300 38 Relie et curieuse lettre par laquelle elle refuse de se revêtir du costume de

237 1009 817 40 Pénélope pour le rôle d’Alceste, qu’elle va jouer.

118 1052 1459 46 4063 Saint-Pierre (Bernardin de), l’auteur de Paul et Virginie. — L.

231 1097 1348 45 a. s. à une dame, 3/4 de p. in-8. 6 50

117 1147 1463 47 4064 Saintine (X.-B.), un de nos plus gracieux romanciers, auteur

230 1191 1348 47 de Picciola. — L. a. s. à Altaroche, 1851, 1 p. in-18. 2 »

117 1240 1463 49 4065 Salm (la princesse de), célèbre femme poète, née à Nantes. —

228 1284 1352 50 L. a. s. à M. Audiffret, 1837, 1 p. in-8. , 1 50

117 1325 1460 57 4066 Salvandy, (N. de), historien et homme d’État, de l’Acad. fr.

228 1379 1353 48 — L. a. s. à M. Fournier (imprimeur), 1 p. in-8. 1 50

118 1429 1461 47 4067 Santerre, fameux brasseur du faubourg Saint-Antoine, com¬

229 1474 1349 47 mandant général de la garde nationale de Paris lors de

229 1518 1347 47 l’exécution de Louis XVI. — L. s. au citoyen La Saulsaye;

228 1563 1350 45 4 avril 1793, 1 p. in-f., tête imprimée. 3 »

118 1612 1460 47 4068 Saxe (Marie), célèbre musicienne. — L. a. s. à M. Désarbres,

234 1659 1346 45 1 p.in-8. 1 25

119 1705 1460 47 4069 Second (Albéric), spirituel chroniqueur et auteur dramat.,

230 1751 1351 47 né à Angoulême. — L. a. s., 1 p. in-8. 1 25

119 1800 1460 46 4070 Sénancourt (de), écrivain philosophe, éloquent et profond,

229 1844 1350 47 auteur d'Obermann. — Pièce aut. sig. ; Paris, 3 nov. 1825, 1 p.

230 1890 1348 36 in-4. Portrait. 3 »

275 1932 1306 42 Traité pour la publication de son Résumé de l’histoire des traditions mo¬

237 1974 350 39 rales et religieuses.

119 2016 1459 46 4071 Sergent (Louis), habile graveur, conventionnel montagnard,

230 2061 1349 45 beau-frère de Marceau, né à Chartres. — L. a. sig. Sergent-

229 2105 1350 46 Marceau, en italien, au peintre Joli, à Brescia; Milan, 1817,

234 2150 1344 47 1 p. pl. in-4. Relative à son beau portrait de Marceau. 4 »

119 2199 1460 46 4072 Servais (A.-F.), célèbre violoncelliste. — L. a. s., Hal, 1853,

229 2244 1352 46 3 p. in-8. Curieuse. 2 50

117 2293 1462 46 4073 Spallanzani (Lazare), naturaliste et voyageur italien, célèbre

229 2337 1350 54 par ses nombreuses découvertes. — L. a. s. au botaniste

229 2382 1348 45 Fortis : Scandiano, 23 sept. 1770, 1 /2 p. in-f. 3 »

119 2417 1462 56 4074 Staël (la baronne de), femme illustre. — L. a. s. à MM. Leroy

230 2470 1351 47 et Bayard, à New-York; Coppet, 12 sept. 1815, 1 p. in-4. Très-

229 2518 1349 42 belle pièce. 12 »

118 2558 1460 48 4075 Taglioni (Marie), la célèbre danseuse. — Let. aut. sig., 1 p.

230 2605 1350 35 in-8. 1 50
