1793 3007
729 191 168 38 - 5 -

629 339 357 38 FAITS DIVERS.

134 458 1409 45 Le 16 novembre, M. Wilfrid de Fonveille a fait, boulevard des

80 508 1295 51 Capucines, une conférence sur les autographes de M. Chasles.

132 558 1405 52 La masse de ces autographes avait été transportée, à la fin d’octobre,

82 609 1458 51 à la Bibliothèque impériale, pour être soumise à l’examen des conser¬

83 658 1460 44 vateurs de la section des manuscrits Lucas, le faussaire, a été

84 709 1459 51 plusieurs fois amené à la Bibliothèque pour des constatations et

83 759 1462 51 des explications. Nous pensons que les bibliothécaires chargés de ce

85 809 1460 50 travail feront un rapport sur cet amas de documents fantastiques, et

83 860 736 49 que le public en aura connaissance.

135 920 1410 51 — M. Fr. Garde, notre collaborateur au journal l’Imprimerie, se

83 970 1462 51 défait de sa précieuse bibliothèque de livres illustrés, collection unique

84 1020 1461 52 dont nous avons parlé dans cette Revue. c’est M. Bachelin-Dellorenne

85 1071 1460 51 qui est chargé de diriger la vente, qui aura lieu salle Drouot, le

85 1120 809 53 13 décembre et les cinq jours suivants.

267 1345 1104 66 LETTRES AUTOGRAPHES

552 1471 524 39 A PRIX MARQUÉS

215 1572 1198 45 En vente chez Gabriel CHARAVAY, expert,

487 1650 662 42 rue Saint-André-des-Arts, 60,

646 1734 348 32 Précédemment n° 50.

139 1854 1412 47 1 Aguesseau (H.-F. d’), illustre chancelier de France. — L. s.,

182 1900 1367 47 1740, 1 p. in-f. 1 »

134 1949 1419 47 2 Aguesseau (H.-Cardin-J.-B. d'), philanthrope, de l’Acad. fr.,

181 1994 1372 47 petit-fils du chancelier, né à Fresnes (Seine-et-Marne). — L. a.

181 2040 1371 45 s.; Fresnes, 1822, 1 p. in-4. 3 »

137 2090 1417 50 3 Aigrefeuille (le marquis d'), fameux gastronome, auquel

183 2134 1373 45 Grimod de la Reynière dédia son Almanach des Gourmands, né à

184 2178 1370 47 Montpellier. — L. a. s. au baron de Gerando; Paris, 1806,

187 2224 1366 46 1 /2 p. in-4. 3 »

140 2272 1416 48 4 Aiguillon (Armand, duc d’), fameux ministre de Louis XV,

185 2318 1373 46 créature de la Du Barry. — L. s., 1763, 1 p. in-f. 1 50

139 2367 1418 47 5 Allamand (J.-Nic.-Séb.), savant naturaliste et physicien suisse

185 2412 1370 82 qui expliqua le premier le phénomène de la bouteille de

214 2457 1342 47 Leyde. — L. a. s. a M. Grand; Leyde, 1777, 2 p. in-4. 4 »

143 2506 1416 48 6 Allioni (Carlo), grand botaniste piémontais, ami de Linné et

188 2551 1369 50 de Haller. — L. a. s., en français, à Mme Tilliard, libraire:

186 2589 1369 55 Turin, 1788, 1 p. in-4. Rare. 5 »

231 2642 964 41 Relative à la Flora pedemontana, son principal ouvrage.
