1841 2972
850 149 172 39 - 8 —

202 249 1466 57 entendait si peu raison, que l’on se contentait de gémir. M. Chasles,

200 298 1466 53 outre cet amas de pastiches, possède une collection d’autographes,

199 350 1471 52 moins précieuse, bien entendu, mais parfaitement authentique. Il peut

202 400 1469 45 mêler le tout comme on battrait des cartes, et nous nous taisons fort

200 450 1016 52 de réparer, sans hésitation, l’ivraie du bon grain.

252 512 1415 52 La quantité suppléait à la qualité : le vendeur étourdissait l’acheteur

202 563 1466 55 par le nombre, au point que M. Chasles n’en est pas encore revenu.

199 614 1472 51 Si le faussaire dit la vérité, il restera acquis que la plupart de ces 20,000

202 663 1469 56 pièces sont des copies prises ça et là dans des bouquins ignorés, que

202 713 1470 54 tout cela est attribué de l’un à I'autre, replâtrés à la hâte, plus ou moins

200 765 1458 52 habilement. On a déjà trouvé beaucoup de plagiats dans la collection :

201 809 1467 59 on en découvrira bien d’autres en vérifiant, à la Bibliothèque impériale,

203 867 1464 52 les fiches de demandes de livres signées par Lucas depuis l'année 1861

203 918 395 54 qu’il fait ce métier.

252 979 1420 59 Relativement au prix qu'aurait coûté la collection, ce n’est point

204 1030 1467 52 M. Chasles qui a donné le chiffre de 150,000 fr. cliché dans les jour¬

205 1081 1461 51 naux. Gageons que la moitié de cette somme n’a pas été déboursée.

205 1131 1466 52 Nous avons vu maintes fois M. Chasles acheter des autographes dans

206 1182 1466 52 les ventes, et toujours à des prix minimes, de 1 fr. 25 à 3 fr. Il n’est

206 1233 1467 52 donc pas supposable qu’il ait consacré une aussi forte somme à des

209 1283 1460 54 papiers auxquels il n’attachait pas. d’ailleurs, une haute valeur vénale:

208 1334 1467 51 il le disait lui-même. En examinant chez lui quelques dossiers, nous

208 1385 1467 52 lui fîmes remarquer que les cinq ou six lettres autographes de Shaks¬

212 1436 1463 53 peare qu’il nous montrait vaudraient, si elles étaient authentiques, au

211 1486 1465 52 moins cent mille francs ; que le Musée britannique, qui ne possédait

211 1537 1465 53 qu’une signature, déjà fort précieuse, n’hésiterait pas à donner cette

211 1588 1466 53 somme. M. Chasles sourit, en nous répondant que tout cela n’avait pour

213 1640 629 52 lui qu’une valeur de document.

264 1700 1413 53 Bien qu’il soit très-difficile d’estimer la valeur d’une collection sem¬

217 1751 1460 53 blable, en la supposant vraie, on peut dire que le chiffre d’un million

216 1802 1462 53 ne serait pas exagéré. C’eût donc été non-seulement une bonne fortune

216 1853 1462 54 scientifique, mais une excellente affaire, non pas pour M. Chasles, qui

218 1903 911 54 n’eût jamais vendu, mais pour ses héritiers.

269 1965 1408 53 Nous n’avions jamais vu le faussaire et n’avions même pas entendu

218 2016 1461 50 citer son nom; mais il était connu de longue date des libraires et des

218 2067 1459 53 bouquinistes, et sous un jour peu favorable. Il leur achetait des livres

217 2117 1462 53 et des manuscrits pour les placer à des clients à lui, et oubliait souvent

219 2168 1457 53 sa promesse de venir les payer le lendemain. Il ne reparaissait plus :

218 2218 1462 53 où le prendre? Ses allures avaient quelque chose de mystérieux et de

218 2270 1459 54 suspect, et l’on a peine à s’expliquer l’entière et longue confiance que

220 2320 1460 54 lui a accordée M. Chasles. Le Figaro du 1er octobre trace de ce per¬

216 2371 1464 54 sonnage le portrait suivant, assez exact, au dire des personnes qui l’ont

216 2437 152 27 connu :

259 2494 1418 49 Né à Lanneray en 1816, Denis-Vrain Lucas a été domestique,

213 2540 1464 56 puis expéditionnaire ; nous le trouvons employé au bureau des

213 2584 1463 54 hypotèques de Châteaudun, où le goût des paperasses et des

212 2628 1467 50 parchemins a dû lui venir. C’est à Châteaudun aussi qu’il s’est
