1793 3007
174 186 150 36 N° 22.

1104 187 410 35 Mai-Juillet 1869.

605 355 465 66 REVUE

805 489 68 26 DES

118 574 1448 180 AUTOGRAPHES

292 822 1100 57 DES CURIOSITÉS DE L’HISTOIRE & DE LA BIOGRAPHIE

142 941 1400 41 PARAISSANT CHAQUE MOIS, SOUS LA DIRECTION DE

560 1044 575 36 GABRIEL CHARAVAY

224 1188 479 35 ABONNEMENTS:

149 1246 650 45 France un an (12 Numéros) 3 fr.

150 1299 582 43 Étranger .................. 4

1058 1191 315 28 BUREAUX:

889 1257 649 33 50, rue Saint-André-des-Arts,

1127 1307 168 29 à Paris.

509 1379 675 42 UN NUMÉRO : 25 CENTIMES

119 1521 1456 36 Sommaire : 1. Ventes d’autographes. — 2. Nécrologie. — 3. Autogra¬

167 1558 762 56 phes en vente à prix marqués.

476 1720 750 43 VENTES D’AUTOGRAPHES.

172 1815 1403 52 Les deux dernières ventes d’autographes qui ont eu lieu à Paris

119 1865 1457 52 sous notre direction sont celles des collections de feu M. Gegner et de

122 1915 678 50 M. le docteur Succi, de Bologne.

172 1965 1404 51 La collection Gegner était peu importante. Elle renfermait pourtant

121 2015 1455 56 quelques pièces qui ont leur intérêt. Voici les prix de vente des prin¬

121 2064 1456 51 cipales : Boïeldieu, 28 fr., acheté par M. Arthur Pougin, homme

121 2114 1453 53 de lettres; Boufflers, 9 fr. 80. acquis par feu M. le marquis de Loyac;

121 2164 1456 50 Frédéric II, let. sig , 19 fr.; Louis XVI et sa cour, fin d’un contrat de

122 2213 1453 52 mariage, signé du roi, de la reine, des princes et princesses, etc.,

120 2263 1455 52 41 fr.; Maintenon (Mme de), let. aut., 23 fr.; Millevoye, 10 fr. 50;

122 2312 1453 52 Necker, 10 fr.; Nodier, 8 fr. 50; Parny, 16 fr.; Soufflot, 8 fr.; Surian,

122 2362 461 48 de l’Acad., 11 fr., etc.

174 2411 1404 62 La vente de la collection de M. le docteur Egide-Fr. Succi, de Bo¬

123 2462 1456 52 logne, a eu lieu les 21 et 22 mai. Composée d'un choix de pièces, elle

123 2511 1457 51 a eu un brillant succès, égal à celui de la première vente, faite aussi à

124 2561 1455 50 Paris, en 1863, car c’est la seconde fois que l’honorable amateur se

126 2610 1453 51 défait de ses chers autographes, non pas par spéculation, nous nous en
