1841 2972
922 136 173 37 — 4 —

331 233 1408 51 L’autre lettre de Dumouriez, datée de Turville Park, le 28 juin 1822,

279 283 1461 40 est adressée au maréchal Macdonald. Il lui demande la notice nécrolo¬

279 333 1461 51 gique qu’il a faite sur leur pauvre ami Beurnoville, et il ajoute ces

279 382 1458 52 curieux détails sur l’existence qu’il mène dans sa nouvelle résidence :

282 432 1458 52 « Mgr. le duc d’Orléans vous a dit la vérité sur mes occupations

277 482 1464 51 actuelles. Je suis établi dans une campagne très-sauvage , mais assez

277 532 1463 51 agréable, où je commence, un peu tard, mais avec grand plaisir, le

279 582 1457 52 métier de cultivateur. Je m'en trouve fort bien pour ma santé, et mon

279 633 1460 51 temps est partagé en travaux de campagne, en lectures de quelques

277 681 1460 52 bons livres, et ma correspondance, très restreinte, avec quatre ou cinq

274 732 1465 51 amis, emploie le reste de mon temps, et me font supporter très-patiem¬

278 781 1460 51 ment les peines attachées à une aussi longue vie. — C’est dans cette

275 831 1463 52 retraite que je pense souvent à mes anciens compagnons d’armes, que

270 881 1468 52 je m'intéresse à leur existence, plus glorieuse, mais moins tranquille

275 931 1463 52 que la mienne. Je ne sépare jamais la vôtre de celle de notre auguste

274 979 1465 54 ami (le duc d’Orléans), et je ne vous envie que le plaisir de converser

273 1031 386 39 souvent avec lui »

326 1079 1411 49 Dumouriez mourut, dans cette même résidence de Turville, le

274 1129 1463 54 14 mars de l'année suivante. John Bowring, l’ami de ses derniers jours

275 1179 1242 54 et le légataire de ses papiers, prononça son oraison funèbre.

330 1516 1401 54 La vente de la collection des lettres autographes du docteur Morelli,

277 1569 1458 50 que nous avons faite les 8, 9 et 10 mars, a produit 8,276 francs. Voici

277 1619 1051 51 les articles qui ont atteint les prix les plus élevés :

327 1669 1409 51 Amboise (cardinal d’), I. s., 61 fr. ; Antoine, prieur de Crato,

277 1718 1462 52 26 fr.; Bèze (Théod. de), 79 fr. ; Boiëldieu, 28 fr.; Borromée (Saint-

278 1768 1458 50 Charles), 46 fr.; n° 80, Bouchard on. 82 fr.; 81, le même. 31 fr ;

281 1818 1454 52 Bover-Fonfrède, sig., 22 fr ; Casaubon, 20 fr.; Castiglione (Balth.),

281 1861 1454 59 118 fr.; Chapelain, 22 fr.; Charles II, I. s., 48 fr.; Coudé (Henry Ier de),

278 1918 1455 57 40 fr.; Coques (Gonzalo), 44 fr.; Cortone (Pierre de), 60 fr.; Descartes,

277 1967 1459 51 100 fr.; Dortous de Mairan, 38 fr., Du Moulin (Louis), 32 fr.; François

277 2017 1458 52 de Sales (Saint), 80 fr.; Gambarra (Véronique), 26 fr.; Goldoni, 19 fr.;

276 2068 1460 48 Guise (Henri II de), 29 fr.; n° 273, Jouvenet, 46 fr.; Lavoisier, 26 fr.;

277 2117 1457 52 Lebrun (Kcouch ; Lemierre, 100 fr.; Médicis(Laurent Ierde),

278 2167 1462 52 28 fr. 50 c.; Montagu (Jean de), pièce sig., 36 fr ; Mutis (José-Celes¬

277 2217 1461 50 tino). 33 fr.; Poniatowski, 1. s., 26 fr.; Potemkin, 37 lr. 80c.; Robes¬

276 2267 1459 51 pierre jeune, 20 fr.; Sannazar, 29 fr.; Sébastien (don), 37 fr. 80 c.;

277 2316 1456 51 Soudérv (Mlle de). 78 fr.; Tavannes (maréchal de), 86 fr.; Tournefort,

276 2366 1384 51 56 fr ; Weber (Ch.-M.), 45 fr.; Yolande de France, l. s., 41 fr., etc.

327 2447 1412 52 — Lord Belhaven, en mourant, a légué à la reine Victoria des re¬

277 2497 1461 53 liques de Marie Stuart conservées à Winshaw-House. Ces reliques

274 2546 1466 53 étaient un présent de la reine d’Ecosse au comte de Mar, qui les avait

273 2596 1463 51 données à une de ses petites filles, épouse d’un membre de la famille

748 1421 514 39 FAITS DIVERS.
