1793 3007
678 159 193 38 - 23 -

42 257 1471 51 4495 Volta (Alex.), illustre physicien, l’inventeur de la pile. —

153 300 1361 51 Jolie pièce sig. avec une lig. aut., 1787, 1/2 p. in-f. 2 50

42 345 1474 47 4496 Walther (Michel), l’ancien, théologien et prédicateur luthé¬

155 389 1361 45 rien, professeur à l’Acad. de Helmstadt, auteur de l'Harmonica

156 434 1358 46 biblica. — L. aut. sig., en latin, à Daniel Morano; Friedri¬

157 478 1357 46 copoli, 1624, 2 p. 1/2 in-f., cachet. Magnifique pièce. 4 »

44 523 1472 51 4497 Ziegler (Jules), peintre d’histoire, un des élèves les plus

156 565 1359 48 distingues de Ingres, né à Langres. — L. a. s. (à Ach. Comte),

158 610 1355 45 2 p. in-f. 4 »

205 655 1312 40 Très-intéressante lettre dans laquelle il sollicite pour obtenir des travaux du

162 695 1356 37 gouvernement. Il donne des détails sur ses débuts au sortir de l’atelier de Ingres,

166 733 1351 40 et mentionne le tableau qu’il a exposé à son retour d’Italie, Henri IV lisant à

166 772 1354 39 Marguerite de Navarre et au vicomte de Turenne une lettre qui les accuse

164 804 241 47 d'intelligence.

47 849 1472 45 4498 Blanc (Louis), célèbre historien et membre du gouvernement

162 893 1356 45 provisoire. — L. a. s. à M. R. Gromier ; Londres, 23 janv.

164 938 1353 46 1869, 4 p. pl. in-8, enveloppe. 12 »

205 983 1314 40 Original d'une importante lettre politique qui a été publiée dans les journaux

168 1020 1351 41 et a produit une grande sensation. Il n’adopte point le procédé de l'Union libé¬

164 1059 1356 41 rale. Si, en 1837, il engageait les adversaires de l’Empire à se faire nommer,

167 1100 1352 39 ce n’était point pour prêter serment, mais pour le refuser en pleine chambre,

168 1138 1354 40 « à tout risque, et avec l’autorité que leur aurait donné leur qualité d'hommes

165 1177 1357 40 élus par le suffrage universel; » mais le gouvernement impérial ayant paré le

168 1216 1354 41 coup en soumettant les candidats à l’obligation préalable du serment, il ne reste

170 1256 1352 39 plus qu’une seule chose à faire à ceux qui, comme lui, ne veulent pas prêter ser¬

170 1294 1354 40 ment: refuser la candidature. « Je le répète, dit-il en terminant, ils doivent

170 1334 1352 41 désirer qu’on leur fournisse l’occasion d’un refus public, dont le résultat moral

171 1373 548 38 serait, selon moi, considérable. »

55 1413 1467 46 4499 Le même. — L. a. s. au même; Londres, 28 janv. 1869, 1 p.

165 1456 1352 46 in-8, enveloppe. 3 »

53 1499 1472 47 4500 Boyer-Fonfrède (J.-B.), illustre conventionnel girondin. —

165 1544 1360 47 Belle pièce sig., comme secrétaire de la Convention; 30 mars

168 1589 1355 46 1793, 1 p. in-f., sceau. Rare. 15 »

215 1634 1311 38 Décret de la Convention ordonnant au Ministre de la guerre de mettre à la

171 1672 1356 40 disposition des administrateurs de l’Eure quatre pièces de canon, de la fabrique

174 1713 299 37 du citoyen Périer.

58 1750 1467 45 4501 Ganova (Ant.), l’illustre statuaire romain. — L. a. s. à J.-A.

171 1794 1356 46 Santorelh; célèbre graveur sur pierre, à Florence; Rome,

174 1837 1356 48 19 juil. 1806,2 p. pl. in-4, cachet. Un tiers du blanc de la

174 1883 1353 36 feuille d’adresse enlevé. 8 »

217 1927 1314 41 Très intéressante épître relative à un portrait de Ganova exécuté deux fois par

181 1967 164 31 Santorelli.

62 2004 1468 47 4502 Chesterfield (Philippe, lord), un des plus beaux esprits de

175 2048 1356 47 l’Angleterre au XVIIIe siècle. — L. autog., en français, à son

175 2093 1356 46 fils; Bath, 18 oct. 1738, 1 p. 1 /2 in-4. Rare. 35 »

222 2138 1313 40 Son jugement sur la Grèce antique et ses grands hommes. Cette épître est

186 2176 1349 41 l’original d’une des Lettres écrites à son fils, recueil publié après sa mort et

188 2216 600 40 qui est son plus beau titre littéraire.

68 2253 1466 47 4503 Dolomieu (Gratet de), célèbre voyageur et minéralogiste, un

176 2297 1361 47 des créateurs de la géologie, né dans l’Isère. — L. a. s. à

181 2342 1353 46 l’abbé Fortis ; Inspruck, 10 sept. 1789, 1 p. in-4. 5 »

232 2389 851 37 Relative à son voyage minéralogique dans le Tyrol.

72 2423 1465 49 4504. Esquiros (Alphonse), célèbre écrivain démocrate, député de

185 2469 1352 47 Saône-et-Loire, puis de Marseille. — L. a. s. (à M. R. Gro¬

186 2514 1351 46 mier); Londres, 31 oct. 1868, 4 p. pl. in-8. 4 »

233 2557 1307 40 Belle et intéressante lettre dans laquelle il donne son avis sur les élections

193 2598 138 32 de 1869.
