1841 2972
870 142 173 60 - 2 -

223 255 1460 51 portons garant, mais à grand regret. M. Succi, un des curieux d’auto¬

223 304 1460 52 graphes les plus distingués de l'Italie, homme de goût et grand con¬

223 354 1461 53 naisseur, a conservé le feu sacré, et nous ne serions point surpris de le

223 404 1461 51 voir, avec l’ardeur que nous lui connaissons, recommencer, pour la

221 454 1459 51 troisième fois, une collection dont il lui a été si pénible de se séparer.

270 509 1414 52 Voici les prix auxquels se sont élevés les principaux articles de

218 558 1462 51 celte dernière vente : Alexandre VI, pièce sig., 65 fr ; Alfieri, 42 fr.;

220 609 1465 51 Ancre (la maréchale d’), lettre d’une insigne rareté, car on n’en connaît

218 658 1463 51 qu’une seule autre, dans la collection de M. Feuillet de Conches, 235 f.,

217 708 1468 58 acquise par M. Labouchère; Arioste (Louis), 305 fr., acquis par M. Jules

220 758 1462 51 Boilly ; Arrivabène, 33 fr., acquis par M. Feuillet de Conches; Bembo,

219 808 1462 50 L. s., 40 fr.; Bernini, 106 fr.; Bourbon (le connétable de), pièce sig.,

216 857 1466 53 33 fr. ; Buonarotti (Michel-Ange ), acquis par M. Benj. Fillon,

216 907 1465 52 205 fr. ; Byron (lord), acquis par M. Diederichs, 48 fr. ;

216 957 1463 52 Calasanzio (Saint), 50 fr.; Campistron, lettre écrite et à la fois sig. de

216 1008 1463 52 sa main, ce qui est rare, 40 fr.; Cavalier (Jean), curieuse pièce sur un

216 1057 1465 53 guet-à-pens qui lui fut tendu, 52 fr.; Cavalieri (Bonavenlure), lettre

216 1106 1465 52 où il parle de la cécité de Galilée, son maître, 83 fr., acquise pour le doc¬

218 1156 1464 51 teur Wagener; Charles-le-Téméraire, let. sig. 46 fr.; Colonna (Vic¬

218 1207 1464 51 toire), pièce sig., acquise par M. Fillon, 60 fr.; Condorcet, lettre très-

219 1256 1463 52 intéressante, acquise par M. Alfred Sensier, 64 fr. ; Cortone (Pierre de),

218 1307 1460 51 acquis par M. Kneppelhout, 85 fr.; Este (Eléonore d’), let. sig., 50 fr.

219 1356 1461 56 Ficin (Marsile), acquis par M. B. Fillon, 118 fr.; Guericke (Otto),

220 1405 1464 60 acquis par M. Chasles, 40 fr.; Jove (Paul), 50 fr.; La Balue (le cardi¬

220 1446 1461 62 nal), pièce sig., acquise par M. Petit, 160 fr.; Maillard (Stanislas),

221 1505 1466 52 une des deux seules pièces connues, 74 fr.; Malpighi (Marcel), acquis par

225 1555 1462 61 M. Feuillet de Conches, 52 fr ; Marini, 40 fr.; Ratte (de), acquis par

224 1604 1462 51 M. Forestier, 36 fr.; Rousseau (J.-J ), acquis par M. Dieaerichs, 63 f,

223 1654 1269 52 etc. En somme, la vente a dépassé le chiffre de 6,000 francs.

275 1716 1416 51 Il vient de se faire à Londres, coup sur coup, deux ventes d’autogra¬

227 1766 1465 51 phes importantes, comme il n’y en avait pas eu depuis plusieurs an¬

229 1816 1461 50 nées. La première, celle de M. Young, qui a eu lieu du 26 avril au

227 1865 1461 52 1er mai, a produit, en six jours, 2,318 liv , 16 shel., 6 pence (57,970 f.

231 1915 1462 52 60 c.); la seconde, celle de feu M. John Dillon, a produit, en cinq

228 1965 1464 52 jours, du 10 au 15 juin, la somme de 3,080 liv., 6 pence (77,000 fr. 60).

286 2025 1407 52 Ce sont surtout les autographes anglais qui ont atteint des prix

235 2075 1461 57 élevés. Nous avions déjà assisté, à Londres, à un certain nombre de

237 2125 1461 51 ventes, mais nous n’avions jamais vu ces mêmes autographes arriver à

238 2175 1458 51 des prix aussi exorbitants. A quoi attribuer ce résultat splendide,

239 2225 1461 51 vraiment extraordinaire? Sans doute, on doit compter pour quelque

241 2274 1458 51 chose les noms des deux collectionneurs, très connus en Angleterre ;

244 2325 1458 51 mais cela ne suffit point pour expliquer une hausse hors de toute pro¬

243 2374 1458 51 portion. La cause en est dans ce seul fait : deux amateurs étaient en

246 2424 1458 51 lutte, voulant à tout prix les pièces qui leur convenaient, sans tenir

245 2473 1461 52 compte des guinées. Ils ont ainsi, sans exagérer, fait gagner trente

244 2523 870 40 mille francs à chacune de ces deux ventes

297 2583 1408 53 L’un de ces amateurs avait donné à un libraire, M. Halloway, ses
