1850 2972
900 151 169 37 - 6 -

309 248 1408 52 — M. A. Decaïeu, avoué à Amiens, amateur très-intelligent, écri¬

257 298 1460 52 vain à ses heures, s’étonne, dans une lettre qu’il nous adresse, qu’après

260 348 1458 52 le succès de l'Autographe, il ne se soit pas créé une publication ré¬

259 397 1461 51 gulière de fac-similé II pense qu’on accueillerait avec faveur une

260 447 1460 51 suite de fac-similé d'autographes, imprimés d’un seul côté, d’un

262 497 1460 51 format commode, moins cher que ceux de l'Isographie, et mieux

262 547 1461 50 exécutés que ceux du journal de M. de Villemessant. M. de Caïeu a

264 596 1460 51 parfaitement compris comment la publication devrait se faire, mais

264 647 1460 50 nous ne sommes pas de son avis quant au succès. l'Isographie fran¬

264 696 1461 52 çaise, d’une exécution parfaite, n’a pas été une opération brillante

266 745 1460 51 comme affaire, et je ne suppose pas que les éditeurs de l'Autographe

266 795 655 49 soient disposés à recommencer.

316 844 1411 52 Quelque économique que soit le procédé que l’on emploierait pour

267 894 1459 51 ces fac-similé, nous sommes persuadé que Ion ne trouverait pas un

268 944 836 50 débouché suffisant pour couvrir les frais.

455 1171 1108 66 LETTRES AUTOGRAPHES

742 1301 523 38 A PRIX MARQUÉS

413 1409 1194 46 En vente chez Gabriel CHARAVAY, expert,

679 1470 665 44 rue Saint-André-des-Arts, 50.

280 1578 1461 51 4087 Adam (Ad.), célèbre compositeur, auteur du Chalet. — L. a. s.

394 1623 1351 45 à M. Rety, 1 p. in-8. 2 »

284 1678 1464 46 4088 Adélaïde (Mme Marie-), tante de Louis XVI. — L. a. s. à la

395 1722 1352 46 comtesse de Civrac, 9 nov. 1790, 3/4 de p. pet. in-4. Cachet

397 1766 1351 36 enlevé. 2 50

285 1821 1464 45 4089 Affry (L.-A.-Aug. d’), colonel des Cent-Suisses de Louis XVI

389 1864 1357 47 jusqu’au 10 août. — L. s. à Pastoret; 1791,1 p. in-f. Rare. 2 »

285 1920 1464 47 4090 Affry (Louis, comte d’), fils du précédent, lieut.-gén., landam¬

398 1964 1352 44 man et pacificateur de la Suisse sous le Consulat.— L. a. s. au

401 2008 1350 47 général Vial, ambassadeur de France; Fribourg, 17 octobre

407 2053 1347 45 1807, 2 p. in-4. 2 50

446 2097 1304 40 Lettre relative aux affaires de la Suisse, avec la minute de la réponse du

406 2136 205 38 général Vial.

291 2184 1462 46 4091 Aguesseau (H.-F. d’), illustre chancelier de France, né à Li¬

402 2229 1353 47 moges. — L. a. s. au R. P. Galipaud, assistant de l’Oratoire;

402 2273 1355 46 Versailles, 5 sept. 1733, 2 p. 1/4 in-4. Belle pièce. 5 50

448 2319 1307 39 Relative à la promotion d’un de ses parents, évêque de Châlons, à l'arche¬

409 2357 1349 40 vêché de Rouen. Il va lui recommander les trois maisons que l’Oratoire a dans

410 2396 1158 40 ce diocèse. (On sait que le chancelier était favorable aux Jansénistes).

294 2445 1463 47 4092 Amyot (Jacques), évêque d’Auxerre, le célèbre traducteur de

403 2491 1355 46 Plutarque. — Pièce sig. sur vélin, en latin, avec ses titres

406 2534 1351 47 d’évêque et de grand aumônier aut. ; 11 août 1576, in-f., avec son

406 2578 1351 37 sceau en cire. 10 »

455 2624 1302 40 Publication d’une bulle du pape pour le mariage d’Hubert de La Rivière,
