1867 2930
776 160 196 39 — 13 -

148 252 1452 51 la Destruction de Jérusalem, grand oratorio de Zingarelli ; le Calvaire,

146 302 1458 51 oratorio inédit de Paisiello; un Requiem inédit, donné à Donizetti par

146 352 1455 50 son auteur, l’illustre Simon Mayr, dont Rossini a été l’éléve; Camilla,

146 401 1459 53 de Paër ; trois Miserere composés pour la chapelle sixtine, par Valentino

149 450 1454 50 Fioraventi ; la Race, de Paisiello; il Taccelto d’Occidente, de Carafa ;

148 501 1457 49 une collection d’airs inédits de Scarlatli, un recueil inédit d’airs orien¬

148 552 1458 51 taux de Mayr; enfin plus de trois ou quatre cents feuilles volantes sur

149 601 1456 57 lesquelles d'illustres compositeurs ont improvisé de petites mélodies

148 652 1459 52 qui sont devenues populaires, et qui sont allées grossir le répertoire

148 702 783 50 charmant des Chansons napolitaines.

325 923 1112 66 LETTRES AUTOGRAPHES

605 1032 553 38 A PRIX MARQUÉS

262 1114 1236 45 En vente chez Gabriel CHARAVAY, expert ,

548 1181 670 44 rue Saint-André-des-Arts, 50.

152 1408 1457 48 3924 Abd-el-Kader (l’émir). — L. aut., année 1269 de l’égire, 1 p.

269 1453 1343 38 in-4. 2 50

150 1496 1460 49 3925 Adélaïde (Madame Marie-), tante de Louis XVI, sur qui elle

264 1541 1345 48 exerçait un grand ascendant. — L. a. s. au garde des Sceaux

263 1585 1350 46 (Lamoignon), 1/2 p. in-4. Joli cachet à ses armes. 4 50

310 1631 1303 41 Elle recommande un médecin, M Brun, pour une chaire vacante de professeur

272 1672 234 37 à Montpellier.

153 1709 1459 47 3926 Affre (Denis), archevêque de Paris, tué pendant les Journées

267 1753 1343 46 de Juin. — L. a. s. à une dame auteur; Paris, 13 mai 1840.

266 1798 1344 45 2 p. in-8. 4 »

154 1843 1458 46 3927 Alberoni (le card. Jules), le fameux premier ministre de

266 1888 1345 46 Philippe V.— L. a. s. au cardinal Bentivoglio; San-Lorenzo,

265 1933 1348 51 23 oct. 1719, 1 p. pet. in-4. Quelques taches d’eau; la suscrip¬

268 1976 1342 46 tion du bas coupée. Rare. 8 »

316 2021 971 41 Lettre écrite six semaines avant son expulsion d’Espagne,

155 2060 1457 47 3928 Ancelot (Virginie), célèbre poète dramatique. — L. a. s. à un

268 2105 1347 50 critique du Moniteur ; (oct. 1843), 1 p. 1/2 in-18. 1 25

312 2150 755 39 Curieuse épître sur sa pièce de Mme Roland.

158 2189 1456 48 3929 Antomarchi (le docteur), dernier médecin de Napoléon Ier

269 2233 1344 39 et auteur de Mémoires sur ses derniers moments. — 1° L. a. s.

270 2278 1343 49 à un maire de Paris, 1833, 1 p. in-4. 2° Pièce autog., 4 p.

270 2323 1341 37 in-4. 7 »

157 2366 1458 50 3930 Aquaviva (Claude), célèbre général des Jésuites, qui obtint

269 2411 1348 47 de Henri IV leur retour en France et protesta contre la théo¬

270 2456 1345 46 rie régicide de ses subordonnés à l’occasion du crime de Ra¬

268 2501 1347 48 vaillac. — Belle pièce, sig. comme général des Jésuites;

268 2546 1343 47 Rome, 1592, 1/2 p. in-f., cachet de la compagnie. 3 »

157 2591 1456 46 3931 Arago (Fr.), illustre astronome. — L. a. s., 1843, 1 p.

271 2635 1342 39 in-12. 1 25
