1850 2972
913 197 176 50 - 6 -

453 381 1106 66 LETTRES AUTOGRAPHES

741 506 522 37 A PRIX MARQUÉS

408 604 1191 45 En vente chez Gabriel CHARAVAY, expert,

673 663 663 44 rue Saint-André-des-Arts, 50.

275 772 1458 46 4305 Adélaïde (Marie), fille aîné de Louis XV, tante de Louis XVI,

388 817 1345 53 qui se Réfugia à Rome en 1791. — L. a. s. (au chancelier de

387 861 1344 46 Miromenil) ; Versailles, 15 mars 1781, 1 p. in-4. 5 »

433 906 1303 43 Epître très-cavalière relative à l’expédition de lettres patentes qui l'intéressent,

398 946 287 31 elle et ses sœurs.

278 982 1456 47 4306 Adry (J.-Fél.), savant bibliographe, dernier bibliothécaire

391 1028 1343 46 de l’Oratoire, né en Bourgogne. — Belle pièce autog., 4 p.

392 1073 1343 35 in-4. 2 »

437 1116 1299 40 Chant funèbre de David sur la mort de Saül et de Jonathas, traduction

397 1155 945 39 française, avec le latin et l'hébreu, et des notes critiques.

283 1194 1454 45 4307 Albret (Henry II d’), roi de Navarre, fait prisonnier à la

395 1238 1340 51 bataille de Pavie, époux de la Marguerite des Marguerites. — L.

393 1283 1343 45 s., avec la souscription aut., au comte du Ludde ; Mont-de-

394 1326 1342 46 Marsan, 21 janv. 1554, 1 p. in-f. Très-belle pièce. 8 »

444 1372 1296 39 Il lui demande un rapport sur ce qu’il aura vu à Bayonne, pays de Labour et

405 1412 160 31 Bordelais.

285 1449 1453 46 4308 Alembert (d’), illustre géomètre et philosophe du XVIIIe siècle,

397 1492 1342 48 de l’Acad. franç. — L. aut. à Mme Necker, (vers 1776), 2 p.

398 1530 1342 44 in-8. 3 6 »

447 1582 1295 41 Intéressante épître, dans laquelle il donne des nouvelles de Mlle de l’Espinasse

408 1622 1333 44 (sa maîtresse), qui est malade. « Mlle de l’Espinasse, dit-il, profitera comme moi

407 1661 1335 38 des belles poires que M. et Mme Necker veulent bien m’envoyer; car son médecin

408 1700 1253 39 lui a permis d’en manger, au lieu de bouillon, qui l’incommode beaucoup. »

289 1738 1453 47 4309 Ancre (Concini, maréchal d’), qui gouverna la France pen¬

402 1783 1341 46 dant les premières années du règne de Louis XIII, assassiné

400 1827 1350 52 par Vitry en 1617.— L. s., avec un post-script, ds 4 lignes aut..

403 1871 1340 47 a M. de Nerestang; Amiens, 15 sept. 1615, 1 p. pl. in-f. 22 »

451 1917 1295 39 Belle pièce, relative à la guerre en Picardie. Il apprend que les ennemis ont

410 1954 1334 42 l’intention de s’approcher de la rivière de Somme. « Nous n’avons pas de quoy

411 1989 1334 45 les craindre icy, dit-il, pour ce qu’ils disent d’Ancre : s’ils y viennent, ils n'y

412 2034 1335 40 auront point d’honneur et peu de proufficts.» (Ancre, menacé par les

410 2073 624 38 ennemis, était son propre marquisat.)

292 2111 1456 45 4310 Anquetil (L.-P.), célèbre historien, auteur de l'Histoire de

403 2156 1345 46 France. — L. a. s. à Mme Nyon, libraire, 1 p. in-18. 2 50

294 2200 1452 46 4311 Augustin (J.-B.), peintre sur émail et en miniature, le

405 2244 1343 45 restaurateur de l’art de Petitot, maître de Mme Mirbel, né à

406 2288 1339 47 Saint-Dié. — L. a. s.; 12 juillet 1816, 1 p. in-4. 3 »

452 2334 1295 39 Relative à son beau portrait de Louis XVIII, exécuté comme peintre du

410 2372 242 32 cabinet du roi.

293 2410 1457 47 4312 Babinet (Jacq.), célèbre physicien et astronome, né à

404 2455 1344 46 Lusignan (Vienne). — L. a. s. à Ach. Comte, 1 p. in-8. 2 »

292 2499 1457 49 4313 Bacon (François), baron de Vérulam, un des plus grands génies

405 2543 1345 47 du XVIIe siècle, le créateur de la philosophie moderne.—Pièce

405 2588 1342 46 sig. Fr. Verulam Canc. (Fr. Verulam, chancelier); 20 nov. 1618,

406 2632 1340 46 1 p. in-f. 100 »
