1793 3007
783 173 191 54 - 11 -

149 280 1454 45 4357 Charles VII, roi de France. — L. s. à Barth. Bourrassier,

259 324 1351 47 trésorier de Toulouse ; Bourges, 1er juin, 1/2 p. in-4, fragment

262 368 1347 46 de cachet, tachée d’eau, une petite déchirure dans la

262 417 1340 42 marge. 15 »

306 457 1302 39 Ordre de faire perler immédiatement les lettres qu'il adresse aux sénéchaux

265 497 578 37 et habitants du pays de Languedoc.

150 534 1458 49 4358 Charles-Quint, roi d’Espagne et empereur d’Allemagne. —

261 579 1345 51 L. s., en espagnol, contresig. Soria, au cardinal Salviati,

265 623 1341 45 1524, 1/2 p. in-1., trace de cachet. 8 »

151 667 1458 50 4359 Charles II, roi d’Angleterre. — L. s., en français, avec la

261 712 1347 52 souscrit, aut., au baron de Serteville ; Paris, 31 oct. 1652,

266 755 1340 47 1 p. in-f., fragment de cachet. 25 »

308 801 1301 40 Relative à la bonne réception de ses vaisseaux et gens de guerre, par M. de

268 841 1003 38 Serteville, dans les ports de Normandie, près de Cherbourg.

151 878 1457 42 4360 Châteaubriand, écrivain illustre, de l’Acad. franc. — L. a.

264 919 1342 49 s. à M. Dulau ; Paris, 14 mars 1803, 1 p. in-4. 6 »

309 967 1300 42 Il indique les prix des trois nouvelles éditions de son ouvrage (Génie du

272 1006 1087 41 Christianisme) et annonce qu'on en fait une traduction anglaise.

152 1046 1455 45 4361 Chaumette (Anaxagoras), procureur de la Commune de Paris,

265 1089 1345 46 célèbre révolutionnaire, décapité en 1794. — L. s. au proc.-

264 1133 1342 46 synd. du départ, de Paris, an II, 1 p. in-4. 3 »

151 1178 1455 46 4362 Chicoyneau (Fr.), médecin de Louis XV, illustre par son

263 1222 1343 52 dévouement pendant la peste de Marseille, né à Montpellier.

263 1267 1346 46 Certificat médical, Versailles, 23 déc. 1750, 1 p. in-8. Très-

260 1314 1345 33 rare. 5 »

151 1355 1455 46 4363 Choiseul (Et.-Fréd., duc de), célèbre ministre de Louis XV,

263 1401 1343 50 créature de Mme de Pompadour et victime de la Du Barry.

263 1445 1343 46 — L. a. s. ; Turin, 20 mai 1776, 1 p. in-4. 6 »

308 1491 1298 38 Réponse à un astronome qui demandait l’agrément de la Cour de Turin pour

272 1529 1336 39 faire des observations sur les Alpes piémontaises. Le roi de Sardaigne s’y

270 1569 1337 39 oppose, la Cour de Turin ayant pour maxime « de ne pas permettre aux

264 1607 1343 40 étrangers la vue des monts qui l’environnent et qu’elle regarde comme la

269 1647 532 38 défense naturelle de son pays. »

151 1684 1453 47 4364 Christian, prince d’Anhalt, gouverneur du Palatinat, le

262 1730 1343 54 principal moteur de la Ligue protestante. — L. a. s., en franç.,

263 1774 1346 46 a Henri IV; Dusseldorf, 8 janv. 1610, 1 p. in-f., cachet. Belle

258 1821 1345 43 pièce. 10 »

311 1863 1296 39 Relative à la guerre pour la succession de Juliers, longue querelle dans

270 1903 1335 38 laquelle était intéressée la France, et qui se termina après la mort de Henri IV.

152 1941 1453 42 4365 Christine, la célèbre reine de Suède. — L. s., en italien, au

265 1985 1342 46 cardinal Bonelli; Rome, 9 fév. 1664, 1 p. in-f. Très-belle

259 2033 1344 42 pièce. 15 »

152 2074 1454 51 4366 Christophe (Henri), roi d’Haïti, chansonné par Béranger. —

263 2118 1341 46 L. s. à l’amiral Goodhal ; de son Palais, 1808,1 p. 1/4 in-f. 4 »

152 2154 1455 55 4367 Clément XII (Laurent Corsini), pape, auquel les Romains ont

265 2207 1340 51 élevé une statue au Capitole. — L. s. comme archevêque de

263 2252 1346 46 Nicomédie, à Gavassini; Rome, 8 mars 1704, 1 p. in-f. Belle

261 2300 1344 42 pièce. 3 »

151 2340 1457 46 4368 Condé (L.-H.-Jos. de Bourbon, prince de), père du duc d’En¬

264 2385 1344 46 ghien, trouvé pendu à Chantilly en 1830. — L. a. s. ; Chan¬

263 2430 1345 47 tilly, 1827, 1 p. in-4. 2 50

154 2478 1453 47 4369 Condillac (l’abbé Bonnot de), célèbre métaphysicien, chef de

266 2523 1343 44 l’école sensualiste, membre de l’Acad. franc., né à Grenoble.

266 2568 1341 43 — L. a. s. au duc de Nivernois, son confrère à l’Académie ;

267 2612 1340 46 Parme, 1er mars 1766, 3 p. in-4. 22 »
