<?xml version="1.0" encoding="utf-8"?>
<alto xmlns="http://www.loc.gov/standards/alto/ns-v4#" xmlns:xsi="http://www.w3.org/2001/XMLSchema-instance" xsi:schemaLocation="http://www.loc.gov/standards/alto/ns-v4# https://gitlab.inria.fr/scripta/escriptorium/-/raw/develop/app/escriptorium/static/alto-4-1-baselines.xsd">
<Description>
<MeasurementUnit>pixel</MeasurementUnit><sourceImageInformation><fileName>2-REV DES AUTO 1868-69 OCR-110.png</fileName></sourceImageInformation>
<OCRProcessing ID="IdOcr">
<ocrProcessingStep>
<processingDateTime>2020-10-31T11:20:43.547+01:00</processingDateTime>
<processingSoftware>
<softwareCreator>READ COOP</softwareCreator>
<softwareName>Transkribus</softwareName>
</processingSoftware>
</ocrProcessingStep>
</OCRProcessing>
</Description>
<Layout>
<Page HEIGHT="2972" ID="Page1" PHYSICAL_IMG_NR="1" WIDTH="1850">
<TopMargin HEIGHT="131" HPOS="0" VPOS="0" WIDTH="1850"/>
<LeftMargin HEIGHT="2546" HPOS="0" VPOS="131" WIDTH="223"/>
<RightMargin HEIGHT="2546" HPOS="1716" VPOS="131" WIDTH="134"/>
<BottomMargin HEIGHT="295" HPOS="0" VPOS="2677" WIDTH="1850"/>
<PrintSpace HEIGHT="2546" HPOS="223" VPOS="131" WIDTH="1493">
<TextBlock HEIGHT="54" HPOS="855" ID="region_1533116887433_12" VPOS="138" WIDTH="211">
<Shape>
<Polygon POINTS="855 138 1066 139 1066 192 855 191"/>
</Shape>
<TextLine BASELINE="855 191 1066 191" HEIGHT="52" HPOS="855" ID="line_1533116898290_13" VPOS="139" WIDTH="211">
<String CONTENT="- 22 -" HEIGHT="52" HPOS="855" ID="string_line_1533116898290_13" VPOS="139" WIDTH="211"/>
</TextLine>
</TextBlock>
<TextBlock HEIGHT="49" HPOS="233" ID="r_1_1" VPOS="245" WIDTH="1467">
<Shape>
<Polygon POINTS="233 245 1700 245 1700 294 233 294"/>
</Shape>
<TextLine BASELINE="234 293 1699 293" HEIGHT="47" HPOS="234" ID="tl_1" VPOS="246" WIDTH="1465">
<String CONTENT="190 Simon (Jules), philosophe et publiciste, député de Paris, né à" HEIGHT="47" HPOS="234" ID="string_tl_1" VPOS="246" WIDTH="1465"/>
</TextLine>
</TextBlock>
<TextBlock HEIGHT="50" HPOS="319" ID="r_1_2" VPOS="288" WIDTH="1378">
<Shape>
<Polygon POINTS="319 288 1697 288 1697 338 319 338"/>
</Shape>
<TextLine BASELINE="320 337 1696 337" HEIGHT="48" HPOS="320" ID="tl_2" VPOS="289" WIDTH="1376">
<String CONTENT="Lorient. — L. a. s. à M. Gromier, (1868), 2 p. in-12. 3 »" HEIGHT="48" HPOS="320" ID="string_tl_2" VPOS="289" WIDTH="1376"/>
</TextLine>
</TextBlock>
<TextBlock HEIGHT="35" HPOS="360" ID="r_1_3" VPOS="336" WIDTH="1027">
<Shape>
<Polygon POINTS="360 336 1387 336 1387 371 360 371"/>
</Shape>
<TextLine BASELINE="361 370 1386 370" HEIGHT="33" HPOS="361" ID="tl_3" VPOS="337" WIDTH="1025">
<String CONTENT="Relative aux élections de 1869 et aux candidatures officielles." HEIGHT="33" HPOS="361" ID="string_tl_3" VPOS="337" WIDTH="1025"/>
</TextLine>
</TextBlock>
<TextBlock HEIGHT="50" HPOS="234" ID="r_1_4" VPOS="379" WIDTH="1465">
<Shape>
<Polygon POINTS="234 379 1699 379 1699 429 234 429"/>
</Shape>
<TextLine BASELINE="235 428 1698 428" HEIGHT="48" HPOS="235" ID="tl_4" VPOS="380" WIDTH="1463">
<String CONTENT="191 Target (G.-J.-B.), célèbre avocat et constituant, qui refusa de" HEIGHT="48" HPOS="235" ID="string_tl_4" VPOS="380" WIDTH="1463"/>
</TextLine>
</TextBlock>
<TextBlock HEIGHT="93" HPOS="318" ID="r_1_5" VPOS="425" WIDTH="1382">
<Shape>
<Polygon POINTS="318 425 1700 425 1700 518 318 518"/>
</Shape>
<TextLine BASELINE="319 474 1696 474" HEIGHT="48" HPOS="319" ID="tl_5" VPOS="426" WIDTH="1377">
<String CONTENT="défendre Louis XVI, memb. de l’Acad. fr. — Belle pièce sig.," HEIGHT="48" HPOS="319" ID="string_tl_5" VPOS="426" WIDTH="1377"/>
</TextLine>
<TextLine BASELINE="324 517 1699 517" HEIGHT="46" HPOS="324" ID="tl_6" VPOS="471" WIDTH="1375">
<String CONTENT="1793, 1/2 p. in-f. 150" HEIGHT="46" HPOS="324" ID="string_tl_6" VPOS="471" WIDTH="1375"/>
</TextLine>
</TextBlock>
<TextBlock HEIGHT="49" HPOS="234" ID="r_1_6" VPOS="520" WIDTH="1464">
<Shape>
<Polygon POINTS="234 520 1698 520 1698 569 234 569"/>
</Shape>
<TextLine BASELINE="235 568 1697 568" HEIGHT="47" HPOS="235" ID="tl_7" VPOS="521" WIDTH="1462">
<String CONTENT="192 Texier (Ch.), savant archéologue, voyageur en Asie, de l’Inst.," HEIGHT="47" HPOS="235" ID="string_tl_7" VPOS="521" WIDTH="1462"/>
</TextLine>
</TextBlock>
<TextBlock HEIGHT="49" HPOS="318" ID="r_1_7" VPOS="565" WIDTH="1382">
<Shape>
<Polygon POINTS="318 565 1700 565 1700 614 318 614"/>
</Shape>
<TextLine BASELINE="319 613 1699 613" HEIGHT="47" HPOS="319" ID="tl_8" VPOS="566" WIDTH="1380">
<String CONTENT="né à Versailles. — L. a. s. à M. Duruy, 1863, 2 p. in-4. 1 50" HEIGHT="47" HPOS="319" ID="string_tl_8" VPOS="566" WIDTH="1380"/>
</TextLine>
</TextBlock>
<TextBlock HEIGHT="41" HPOS="363" ID="r_1_8" VPOS="610" WIDTH="728">
<Shape>
<Polygon POINTS="363 610 1091 610 1091 651 363 651"/>
</Shape>
<TextLine BASELINE="364 650 1090 650" HEIGHT="39" HPOS="364" ID="tl_9" VPOS="611" WIDTH="726">
<String CONTENT="Relative à son ouvrage sur l'art bizantin." HEIGHT="39" HPOS="364" ID="string_tl_9" VPOS="611" WIDTH="726"/>
</TextLine>
</TextBlock>
<TextBlock HEIGHT="50" HPOS="236" ID="r_1_9" VPOS="655" WIDTH="1462">
<Shape>
<Polygon POINTS="236 655 1698 655 1698 705 236 705"/>
</Shape>
<TextLine BASELINE="237 704 1697 704" HEIGHT="48" HPOS="237" ID="tl_10" VPOS="656" WIDTH="1460">
<String CONTENT="193 Thiers (Ad.), homme d’Etat, de l’Acad. fr. — L. a. s. au libraire" HEIGHT="48" HPOS="237" ID="string_tl_10" VPOS="656" WIDTH="1460"/>
</TextLine>
</TextBlock>
<TextBlock HEIGHT="48" HPOS="319" ID="r_1_10" VPOS="700" WIDTH="1378">
<Shape>
<Polygon POINTS="319 700 1697 700 1697 748 319 748"/>
</Shape>
<TextLine BASELINE="320 747 1696 747" HEIGHT="46" HPOS="320" ID="tl_11" VPOS="701" WIDTH="1376">
<String CONTENT="Naradan; Paris, 9 mai 1822, 1 p. in-8. 6 »" HEIGHT="46" HPOS="320" ID="string_tl_11" VPOS="701" WIDTH="1376"/>
</TextLine>
</TextBlock>
<TextBlock HEIGHT="81" HPOS="322" ID="r_1_11" VPOS="747" WIDTH="1378">
<Shape>
<Polygon POINTS="322 747 1700 747 1700 828 322 828"/>
</Shape>
<TextLine BASELINE="362 787 1699 787" HEIGHT="39" HPOS="362" ID="tl_12" VPOS="748" WIDTH="1337">
<String CONTENT="C’est la plus ancienne lettre de M. Thiers que nous ayons encore vue. Il n’était" HEIGHT="39" HPOS="362" ID="string_tl_12" VPOS="748" WIDTH="1337"/>
</TextLine>
<TextLine BASELINE="323 827 1598 827" HEIGHT="40" HPOS="323" ID="tl_13" VPOS="787" WIDTH="1275">
<String CONTENT="que depuis un an à Paris. Il donne son adresse: rue et hôtel Montesquieu." HEIGHT="40" HPOS="323" ID="string_tl_13" VPOS="787" WIDTH="1275"/>
</TextLine>
</TextBlock>
<TextBlock HEIGHT="49" HPOS="237" ID="r_1_12" VPOS="829" WIDTH="1462">
<Shape>
<Polygon POINTS="237 829 1699 829 1699 878 237 878"/>
</Shape>
<TextLine BASELINE="238 877 1698 877" HEIGHT="47" HPOS="238" ID="tl_14" VPOS="830" WIDTH="1460">
<String CONTENT="194 Tiedge (Christ.-Aug.), illustre poète allemand. — L. a. s.;" HEIGHT="47" HPOS="238" ID="string_tl_14" VPOS="830" WIDTH="1460"/>
</TextLine>
</TextBlock>
<TextBlock HEIGHT="48" HPOS="322" ID="r_1_13" VPOS="875" WIDTH="1376">
<Shape>
<Polygon POINTS="322 875 1698 875 1698 923 322 923"/>
</Shape>
<TextLine BASELINE="323 922 1697 922" HEIGHT="46" HPOS="323" ID="tl_15" VPOS="876" WIDTH="1374">
<String CONTENT="Halle, 1810, 2 p. in-4, cachet. Belle pièce. 5 »" HEIGHT="46" HPOS="323" ID="string_tl_15" VPOS="876" WIDTH="1374"/>
</TextLine>
</TextBlock>
<TextBlock HEIGHT="48" HPOS="236" ID="r_1_14" VPOS="925" WIDTH="1465">
<Shape>
<Polygon POINTS="236 925 1701 925 1701 973 236 973"/>
</Shape>
<TextLine BASELINE="237 972 1700 972" HEIGHT="46" HPOS="237" ID="tl_16" VPOS="926" WIDTH="1463">
<String CONTENT="195 Tocqueville (Alexis de), célèbre publiciste et homme d’Etat, de" HEIGHT="46" HPOS="237" ID="string_tl_16" VPOS="926" WIDTH="1463"/>
</TextLine>
</TextBlock>
<TextBlock HEIGHT="138" HPOS="321" ID="r_1_15" VPOS="971" WIDTH="1385">
<Shape>
<Polygon POINTS="321 971 1706 971 1706 1109 321 1109"/>
</Shape>
<TextLine BASELINE="322 1016 1702 1016" HEIGHT="44" HPOS="322" ID="tl_17" VPOS="972" WIDTH="1380">
<String CONTENT="l’Acad. fr., auteur de la Démocratie en Amérique. — L. a. s. à" HEIGHT="44" HPOS="322" ID="string_tl_17" VPOS="972" WIDTH="1380"/>
</TextLine>
<TextLine BASELINE="323 1063 1699 1063" HEIGHT="47" HPOS="323" ID="tl_18" VPOS="1016" WIDTH="1376">
<String CONTENT="M. Sumner, 14 oct. 1848, 2 p. in-8, enveloppe et cachet. Rela¬" HEIGHT="47" HPOS="323" ID="string_tl_18" VPOS="1016" WIDTH="1376"/>
</TextLine>
<TextLine BASELINE="324 1108 1705 1108" HEIGHT="47" HPOS="324" ID="tl_19" VPOS="1061" WIDTH="1381">
<String CONTENT="tive au rapport de M. Quentin-Bauchard. 2 50" HEIGHT="47" HPOS="324" ID="string_tl_19" VPOS="1061" WIDTH="1381"/>
</TextLine>
</TextBlock>
<TextBlock HEIGHT="50" HPOS="238" ID="r_1_16" VPOS="1110" WIDTH="1464">
<Shape>
<Polygon POINTS="238 1110 1702 1110 1702 1160 238 1160"/>
</Shape>
<TextLine BASELINE="239 1159 1701 1159" HEIGHT="48" HPOS="239" ID="tl_20" VPOS="1111" WIDTH="1462">
<String CONTENT="196 Vauban (Séb. de), maréchal de France, l’illustre ingénieur de" HEIGHT="48" HPOS="239" ID="string_tl_20" VPOS="1111" WIDTH="1462"/>
</TextLine>
</TextBlock>
<TextBlock HEIGHT="93" HPOS="321" ID="r_1_17" VPOS="1156" WIDTH="1380">
<Shape>
<Polygon POINTS="321 1156 1701 1156 1701 1249 321 1249"/>
</Shape>
<TextLine BASELINE="322 1205 1700 1205" HEIGHT="48" HPOS="322" ID="tl_21" VPOS="1157" WIDTH="1378">
<String CONTENT="nos places fortes, né dans la Nièvre. — Ordre sig., 1695, 1 p." HEIGHT="48" HPOS="322" ID="string_tl_21" VPOS="1157" WIDTH="1378"/>
</TextLine>
<TextLine BASELINE="324 1248 1699 1248" HEIGHT="44" HPOS="324" ID="tl_22" VPOS="1204" WIDTH="1375">
<String CONTENT="in-8. Très-jolie pièce. 6 »" HEIGHT="44" HPOS="324" ID="string_tl_22" VPOS="1204" WIDTH="1375"/>
</TextLine>
</TextBlock>
<TextBlock HEIGHT="50" HPOS="237" ID="r_1_18" VPOS="1250" WIDTH="1464">
<Shape>
<Polygon POINTS="237 1250 1701 1250 1701 1300 237 1300"/>
</Shape>
<TextLine BASELINE="238 1299 1700 1299" HEIGHT="48" HPOS="238" ID="tl_23" VPOS="1251" WIDTH="1462">
<String CONTENT="197 Vauquelin (L.-N.), un de nos plus grands chimistes, né près" HEIGHT="48" HPOS="238" ID="string_tl_23" VPOS="1251" WIDTH="1462"/>
</TextLine>
</TextBlock>
<TextBlock HEIGHT="48" HPOS="322" ID="r_1_19" VPOS="1297" WIDTH="1379">
<Shape>
<Polygon POINTS="322 1297 1701 1297 1701 1345 322 1345"/>
</Shape>
<TextLine BASELINE="323 1344 1700 1344" HEIGHT="46" HPOS="323" ID="tl_24" VPOS="1298" WIDTH="1377">
<String CONTENT="Pont-Lévèque. — L. a. s., 1827, 1 p. in-4. 2 »" HEIGHT="46" HPOS="323" ID="string_tl_24" VPOS="1298" WIDTH="1377"/>
</TextLine>
</TextBlock>
<TextBlock HEIGHT="49" HPOS="238" ID="r_1_20" VPOS="1341" WIDTH="1466">
<Shape>
<Polygon POINTS="238 1341 1704 1341 1704 1390 238 1390"/>
</Shape>
<TextLine BASELINE="239 1389 1703 1389" HEIGHT="47" HPOS="239" ID="tl_25" VPOS="1342" WIDTH="1464">
<String CONTENT="198 Vernet (Horace), l’illustre peintre d’histoire. — L. a. s. (à" HEIGHT="47" HPOS="239" ID="string_tl_25" VPOS="1342" WIDTH="1464"/>
</TextLine>
</TextBlock>
<TextBlock HEIGHT="49" HPOS="323" ID="r_1_21" VPOS="1386" WIDTH="1378">
<Shape>
<Polygon POINTS="323 1386 1701 1386 1701 1435 323 1435"/>
</Shape>
<TextLine BASELINE="324 1434 1700 1434" HEIGHT="47" HPOS="324" ID="tl_26" VPOS="1387" WIDTH="1376">
<String CONTENT="M. Genty de Bussy), 1854, 2 p. in-8. 3 »" HEIGHT="47" HPOS="324" ID="string_tl_26" VPOS="1387" WIDTH="1376"/>
</TextLine>
</TextBlock>
<TextBlock HEIGHT="42" HPOS="368" ID="r_1_22" VPOS="1432" WIDTH="1106">
<Shape>
<Polygon POINTS="368 1432 1474 1432 1474 1474 368 1474"/>
</Shape>
<TextLine BASELINE="369 1473 1473 1473" HEIGHT="40" HPOS="369" ID="tl_27" VPOS="1433" WIDTH="1104">
<String CONTENT="Jolie épître contenant des détails intéressants sur le général Ysuf." HEIGHT="40" HPOS="369" ID="string_tl_27" VPOS="1433" WIDTH="1104"/>
</TextLine>
</TextBlock>
<TextBlock HEIGHT="48" HPOS="239" ID="r_1_23" VPOS="1471" WIDTH="1461">
<Shape>
<Polygon POINTS="239 1471 1700 1471 1700 1519 239 1519"/>
</Shape>
<TextLine BASELINE="240 1518 1699 1518" HEIGHT="46" HPOS="240" ID="tl_28" VPOS="1472" WIDTH="1459">
<String CONTENT="199 Victoire (Mmel, fille de Louis XV, qui émigra à Rome en 1791," HEIGHT="46" HPOS="240" ID="string_tl_28" VPOS="1472" WIDTH="1459"/>
</TextLine>
</TextBlock>
<TextBlock HEIGHT="98" HPOS="325" ID="r_1_24" VPOS="1512" WIDTH="1379">
<Shape>
<Polygon POINTS="325 1512 1704 1512 1704 1610 325 1610"/>
</Shape>
<TextLine BASELINE="326 1561 1700 1561" HEIGHT="48" HPOS="326" ID="tl_29" VPOS="1513" WIDTH="1374">
<String CONTENT="avec sa sœur Adélaïde. — L. a. s. à Mme de Civrac, 21 mai 1750," HEIGHT="48" HPOS="326" ID="string_tl_29" VPOS="1513" WIDTH="1374"/>
</TextLine>
<TextLine BASELINE="328 1609 1703 1609" HEIGHT="48" HPOS="328" ID="tl_30" VPOS="1561" WIDTH="1375">
<String CONTENT="1 /2 p. in-4, cachet camée. Jolie pièce. 3 50" HEIGHT="48" HPOS="328" ID="string_tl_30" VPOS="1561" WIDTH="1375"/>
</TextLine>
</TextBlock>
<TextBlock HEIGHT="49" HPOS="236" ID="r_1_25" VPOS="1605" WIDTH="1467">
<Shape>
<Polygon POINTS="236 1605 1703 1605 1703 1654 236 1654"/>
</Shape>
<TextLine BASELINE="237 1653 1702 1653" HEIGHT="47" HPOS="237" ID="tl_31" VPOS="1606" WIDTH="1465">
<String CONTENT="200 Viennet (J.-P.-G.), célèbre littérateur et homme d’Etat, de" HEIGHT="47" HPOS="237" ID="string_tl_31" VPOS="1606" WIDTH="1465"/>
</TextLine>
</TextBlock>
<TextBlock HEIGHT="94" HPOS="325" ID="r_1_26" VPOS="1650" WIDTH="1378">
<Shape>
<Polygon POINTS="325 1650 1703 1650 1703 1744 325 1744"/>
</Shape>
<TextLine BASELINE="326 1697 1702 1697" HEIGHT="46" HPOS="326" ID="tl_32" VPOS="1651" WIDTH="1376">
<String CONTENT="l’Acad. fr., né à Béziers. — L. a. s. à Ach. Comte; Val-Saint-" HEIGHT="46" HPOS="326" ID="string_tl_32" VPOS="1651" WIDTH="1376"/>
</TextLine>
<TextLine BASELINE="326 1743 1702 1743" HEIGHT="47" HPOS="326" ID="tl_33" VPOS="1696" WIDTH="1376">
<String CONTENT="Germain, 19 juil. 1843, 2 p. in-8. 2 50" HEIGHT="47" HPOS="326" ID="string_tl_33" VPOS="1696" WIDTH="1376"/>
</TextLine>
</TextBlock>
<TextBlock HEIGHT="82" HPOS="323" ID="r_1_27" VPOS="1741" WIDTH="1380">
<Shape>
<Polygon POINTS="323 1741 1703 1741 1703 1823 323 1823"/>
</Shape>
<TextLine BASELINE="366 1783 1702 1783" HEIGHT="41" HPOS="366" ID="tl_34" VPOS="1742" WIDTH="1336">
<String CONTENT="Spirituelle épître où il plaisante agréablement sur l'anniversaire des glorieuses" HEIGHT="41" HPOS="366" ID="string_tl_34" VPOS="1742" WIDTH="1336"/>
</TextLine>
<TextLine BASELINE="324 1822 631 1822" HEIGHT="40" HPOS="324" ID="tl_35" VPOS="1782" WIDTH="307">
<String CONTENT="journées de juillet." HEIGHT="40" HPOS="324" ID="string_tl_35" VPOS="1782" WIDTH="307"/>
</TextLine>
</TextBlock>
<TextBlock HEIGHT="95" HPOS="236" ID="r_1_28" VPOS="1819" WIDTH="1467">
<Shape>
<Polygon POINTS="236 1819 1703 1819 1703 1914 236 1914"/>
</Shape>
<TextLine BASELINE="237 1867 1702 1867" HEIGHT="47" HPOS="237" ID="tl_36" VPOS="1820" WIDTH="1465">
<String CONTENT="201 Vigny (Alf. de), poète célèbre, do l’Acad. fr. — L. a. s. à l’im¬" HEIGHT="47" HPOS="237" ID="string_tl_36" VPOS="1820" WIDTH="1465"/>
</TextLine>
<TextLine BASELINE="325 1913 1701 1913" HEIGHT="47" HPOS="325" ID="tl_37" VPOS="1866" WIDTH="1376">
<String CONTENT="primeur Tastu, 1825, 1 p. in-8, beau cachet à ses armes. 3 »" HEIGHT="47" HPOS="325" ID="string_tl_37" VPOS="1866" WIDTH="1376"/>
</TextLine>
</TextBlock>
<TextBlock HEIGHT="51" HPOS="237" ID="r_1_29" VPOS="1908" WIDTH="1466">
<Shape>
<Polygon POINTS="237 1908 1703 1908 1703 1959 237 1959"/>
</Shape>
<TextLine BASELINE="238 1958 1702 1958" HEIGHT="49" HPOS="238" ID="tl_38" VPOS="1909" WIDTH="1464">
<String CONTENT="202 Villars (Dom.), savant botaniste, de l’Institut, auteur de" HEIGHT="49" HPOS="238" ID="string_tl_38" VPOS="1909" WIDTH="1464"/>
</TextLine>
</TextBlock>
<TextBlock HEIGHT="129" HPOS="327" ID="r_1_30" VPOS="1955" WIDTH="1378">
<Shape>
<Polygon POINTS="327 1955 1705 1955 1705 2084 327 2084"/>
</Shape>
<TextLine BASELINE="328 2002 1699 2002" HEIGHT="46" HPOS="328" ID="tl_39" VPOS="1956" WIDTH="1371">
<String CONTENT="l’Histoire des Plantes du Dauphiné, né prés de Gap. — L. a. s. au" HEIGHT="46" HPOS="328" ID="string_tl_39" VPOS="1956" WIDTH="1371"/>
</TextLine>
<TextLine BASELINE="328 2048 1704 2048" HEIGHT="48" HPOS="328" ID="tl_40" VPOS="2000" WIDTH="1376">
<String CONTENT="botaniste Jacquin; Grenoble, 1791, 2 p. in-4, beau cachet à" HEIGHT="48" HPOS="328" ID="string_tl_40" VPOS="2000" WIDTH="1376"/>
</TextLine>
<TextLine BASELINE="328 2083 1702 2083" HEIGHT="35" HPOS="328" ID="tl_41" VPOS="2048" WIDTH="1374">
<String CONTENT="ses armes. 5 »" HEIGHT="35" HPOS="328" ID="string_tl_41" VPOS="2048" WIDTH="1374"/>
</TextLine>
</TextBlock>
<TextBlock HEIGHT="82" HPOS="327" ID="r_1_31" VPOS="2090" WIDTH="1378">
<Shape>
<Polygon POINTS="327 2090 1705 2090 1705 2172 327 2172"/>
</Shape>
<TextLine BASELINE="368 2131 1704 2131" HEIGHT="40" HPOS="368" ID="tl_42" VPOS="2091" WIDTH="1336">
<String CONTENT="Intéressante lettre relative aux vertus médicales de l'Ipécacuanha, et dans" HEIGHT="40" HPOS="368" ID="string_tl_42" VPOS="2091" WIDTH="1336"/>
</TextLine>
<TextLine BASELINE="328 2171 1029 2171" HEIGHT="51" HPOS="328" ID="tl_43" VPOS="2120" WIDTH="701">
<String CONTENT="laquelle il recommande le chevalier Beyle." HEIGHT="51" HPOS="328" ID="string_tl_43" VPOS="2120" WIDTH="701"/>
</TextLine>
</TextBlock>
<TextBlock HEIGHT="48" HPOS="239" ID="r_1_32" VPOS="2168" WIDTH="1464">
<Shape>
<Polygon POINTS="239 2168 1703 2168 1703 2216 239 2216"/>
</Shape>
<TextLine BASELINE="240 2215 1702 2215" HEIGHT="46" HPOS="240" ID="tl_44" VPOS="2169" WIDTH="1462">
<String CONTENT="203 Voltaire. L. aut. à l’éditeur de ses œuvres, 1 p. in-8. — Rela¬" HEIGHT="46" HPOS="240" ID="string_tl_44" VPOS="2169" WIDTH="1462"/>
</TextLine>
</TextBlock>
<TextBlock HEIGHT="220" HPOS="327" ID="r_1_33" VPOS="2213" WIDTH="1377">
<Shape>
<Polygon POINTS="327 2213 1704 2213 1704 2433 327 2433"/>
</Shape>
<TextLine BASELINE="328 2262 1703 2262" HEIGHT="48" HPOS="328" ID="tl_45" VPOS="2214" WIDTH="1375">
<String CONTENT="tive, en partie, à ses commentaires sur Corneille. « Si M. Phi¬" HEIGHT="48" HPOS="328" ID="string_tl_45" VPOS="2214" WIDTH="1375"/>
</TextLine>
<TextLine BASELINE="329 2311 1702 2311" HEIGHT="51" HPOS="329" ID="tl_46" VPOS="2260" WIDTH="1373">
<String CONTENT="libert ne fait pas envoyer des imprimés chez les souscripteurs" HEIGHT="51" HPOS="329" ID="string_tl_46" VPOS="2260" WIDTH="1373"/>
</TextLine>
<TextLine BASELINE="329 2351 1702 2351" HEIGHT="47" HPOS="329" ID="tl_47" VPOS="2304" WIDTH="1373">
<String CONTENT="Cornéliens qui n’ont pas payé , tout est perdu. Nos seigneurs" HEIGHT="47" HPOS="329" ID="string_tl_47" VPOS="2304" WIDTH="1373"/>
</TextLine>
<TextLine BASELINE="331 2400 1702 2400" HEIGHT="50" HPOS="331" ID="tl_48" VPOS="2350" WIDTH="1371">
<String CONTENT="français sont le contraire des Anglais : ils promettent et ne" HEIGHT="50" HPOS="331" ID="string_tl_48" VPOS="2350" WIDTH="1371"/>
</TextLine>
<TextLine BASELINE="330 2432 1702 2432" HEIGHT="36" HPOS="330" ID="tl_49" VPOS="2396" WIDTH="1372">
<String CONTENT="tiennent rien. » 10" HEIGHT="36" HPOS="330" ID="string_tl_49" VPOS="2396" WIDTH="1372"/>
</TextLine>
</TextBlock>
<TextBlock HEIGHT="48" HPOS="241" ID="r_1_34" VPOS="2438" WIDTH="1462">
<Shape>
<Polygon POINTS="241 2438 1703 2438 1703 2486 241 2486"/>
</Shape>
<TextLine BASELINE="242 2485 1702 2485" HEIGHT="46" HPOS="242" ID="tl_50" VPOS="2439" WIDTH="1460">
<String CONTENT="204 Volterrano (Baldassar-Franceschini, dit LE), célèbre peintre" HEIGHT="46" HPOS="242" ID="string_tl_50" VPOS="2439" WIDTH="1460"/>
</TextLine>
</TextBlock>
<TextBlock HEIGHT="183" HPOS="329" ID="r_1_35" VPOS="2483" WIDTH="1374">
<Shape>
<Polygon POINTS="329 2483 1703 2483 1703 2666 329 2666"/>
</Shape>
<TextLine BASELINE="330 2528 1702 2528" HEIGHT="44" HPOS="330" ID="tl_51" VPOS="2484" WIDTH="1372">
<String CONTENT="de l’Ecole florentine, un des meilleurs élèves de Mateo Ros¬" HEIGHT="44" HPOS="330" ID="string_tl_51" VPOS="2484" WIDTH="1372"/>
</TextLine>
<TextLine BASELINE="332 2579 1701 2579" HEIGHT="50" HPOS="332" ID="tl_52" VPOS="2529" WIDTH="1369">
<String CONTENT="selli. — Reçu aut. sig. (à la 3e pers.), pour travaux de peinture" HEIGHT="50" HPOS="332" ID="string_tl_52" VPOS="2529" WIDTH="1369"/>
</TextLine>
<TextLine BASELINE="332 2619 1700 2619" HEIGHT="45" HPOS="332" ID="tl_53" VPOS="2574" WIDTH="1368">
<String CONTENT="faits aux Monache di Santa-Teresia, 30 av. 1649, 1/4 de p. in-f." HEIGHT="45" HPOS="332" ID="string_tl_53" VPOS="2574" WIDTH="1368"/>
</TextLine>
<TextLine BASELINE="331 2665 1699 2665" HEIGHT="44" HPOS="331" ID="tl_54" VPOS="2621" WIDTH="1368">
<String CONTENT="Belle pièce. 4 »" HEIGHT="44" HPOS="331" ID="string_tl_54" VPOS="2621" WIDTH="1368"/>
</TextLine>
</TextBlock>
<GraphicalElement HEIGHT="119" HPOS="1842" ID="r_2" VPOS="604" WIDTH="5"/>
</PrintSpace>
</Page>
</Layout>
</alto>