1802 3007
761 175 166 38 - 7 -

133 273 1441 46 24 Belloc (Louise Sw.), célèbre femme de lettres, traductrice du

206 318 1370 48 Vicaire de Wakefield, née à La Rochelle. — L. a. s., 19 mai 1818,

200 361 1375 47 2 p. in-8, cachet. 2 »

134 411 1445 49 25 Berryer, l’illustre orateur. — L. a. s., 1 p. in-8. 1 50

135 462 1446 48 26 Bertrand (le général), fidèle compagnon de Napoléon Ier à

202 506 1377 45 Sainte-Hélène, né à Châteauroux. — L. a. s., comme chef de

203 550 1376 47 brigade du génie, au général Dugua; le Kaire, 14 vent, an VII,

208 595 1375 45 1 p. in-4. 2 50

138 645 1447 47 27 Bethmont (Eug.), célèbre avocat, ministre du gouvernement-

206 689 1379 46 provisoire de 1848. — L. a. s , 1857, 1 p. in-4. 2 50

139 740 1444 46 28 Bineau (J.-M.), ingénieur, ministre de Napoléon III, dont le

206 784 1376 44 nom a été donné à un boulevard de Paris, né dans Maine-et-

205 829 1380 45 Loire. — L. a. s., 1850, 1 p. in-4. 2 50

139 878 1445 46 29 Binet (Réné), dernier recteur de l’ancienne Université de

206 923 1377 47 Paris, traducteur estimé de Virgile et d’Horace, né près de

207 968 1377 45 Beauvais. — L. a. s.; Paris, an XII, 2 p. in-4. 3 »

248 1018 1340 40 Intéressante épître relative à sa traduction de Virgile, qu'il regarde comme

209 1058 1379 39 son ouvrage le plus considérable et à une pension de 500 fr. que vient de lui

208 1098 441 38 accorder le gouvernement.

140 1140 1448 48 30 Blondel (Jacq.-Fr.), architecte, aussi célèbre par ses écrits sur

208 1185 1377 52 son art que par ses constructions, né à Rouen. — L. a. s.;

209 1230 1376 46 Paris, 6 février 1770, 3 p. in-4. 4 »

246 1282 1344 39 Curieuse épître relative à ses dettes, à son logement an Couvre et à sa place de

212 1322 404 38 professeur à l’Académie.

142 1363 1443 48 31 Bonald (L.-Gab., vicomte de), le célèbre publiciste ultramon¬

208 1409 1377 46 tain, de l’Acad. franc., né dans l’Aveyron.— L. a. s. (au baron

210 1455 1375 46 de Trémont, 1812), 2 p. in-4. 6 »

250 1504 1338 40 Epître très-curieuse relative à l'incendie de Moscou, qui lui inspire de profondes

212 1544 1375 40 réflexions. Voilà une population sans pain, sans habits, et à l’entrée d’un hiver

211 1583 1375 39 de Russie ! Si Napoléon va à Pétersbourg, il y fera sur les établissements du gou¬

212 1623 1374 40 vernement ce qu’il a fait à Moscou sur les habitations, et voilà un empire acéphale,

213 1662 1373 40 un gouvernement obligé de reprendre la vie nomade. Nul doute que l'Angleterre

211 1701 1375 40 ne ressente vivement la perle de Moscou, qui offrait un vaste entrepôt à son com¬

210 1741 1376 39 merce. » Ce triste événement éloigne toute possibilité de paix, et voilà encore une

210 1781 1376 40 guerre de sauvages dans les déserts... Il n'y a pas de réflexions à faire sur tout

208 1820 951 37 cela : nos neveux en feront, si nous avons des neveux. »

142 1867 1442 49 32 Bonald (L.-J.-M. de), cardinal-archevêque de Lyon, fils du

210 1913 1374 48 précédent, né à Milnau. — L. a. s.; Lyon, 1849, 1 p. in-8.

208 1960 1380 46 Papier à ses armes. 2 50

143 2012 1442 50 33 Bonaparte, général en chef de l’armée d’Egypte. — Belle

210 2057 1375 50 pièce écrite par Bourrienne et sig. par Bonaparte; le Caire,

214 2104 1372 47 12 therm. an VI, 1 p. in-f. 6 »

252 2152 1339 41 Contribution de 150,000 fr. levée sur les négociants de Damiette, pour subvenir

214 2196 416 40 aux dépenses de l’armée.

145 2242 1444 49 34 Bonaparte, premier consul. — Pièce sig., relative à un fusil

213 2286 1378 46 d’honneur accordé à un fQiimer.de l’armée d’Egypte, an X,

216 2333 1375 49 1 p. in-f. 4 »

146 2383 1446 50 35 Bonaparte (Lucien), frère de Napoléon 1er.— L. s. à Cartaux,

215 2422 1381 61 an X, 1 p. in-4. 25

148 2483 1444 50 36 Bonaparte (le prince Napoléon), fils- du roi Jérôme, cousin

216 2527 1377 52 de Napoléon III. — L. a. s. à M. Bixio; Palais-Royal, 1 p. in-8,

216 2576 1381 48 enveloppe avec beau cachet à ses armes. Charmante invitation à

217 2612 1378 47 dîner. 4 »
