<?xml version="1.0" encoding="utf-8"?>
<alto xmlns="http://www.loc.gov/standards/alto/ns-v4#" xmlns:xsi="http://www.w3.org/2001/XMLSchema-instance" xsi:schemaLocation="http://www.loc.gov/standards/alto/ns-v4# https://gitlab.inria.fr/scripta/escriptorium/-/raw/develop/app/escriptorium/static/alto-4-1-baselines.xsd">
<Description>
<MeasurementUnit>pixel</MeasurementUnit><sourceImageInformation><fileName>2-REV DES AUTO 1868-69 OCR-54.png</fileName></sourceImageInformation>
<OCRProcessing ID="IdOcr">
<ocrProcessingStep>
<processingDateTime>2020-10-31T11:20:14.724+01:00</processingDateTime>
<processingSoftware>
<softwareCreator>READ COOP</softwareCreator>
<softwareName>Transkribus</softwareName>
</processingSoftware>
</ocrProcessingStep>
</OCRProcessing>
</Description>
<Layout>
<Page HEIGHT="2972" ID="Page1" PHYSICAL_IMG_NR="1" WIDTH="1841">
<TopMargin HEIGHT="151" HPOS="0" VPOS="0" WIDTH="1841"/>
<LeftMargin HEIGHT="2596" HPOS="0" VPOS="151" WIDTH="198"/>
<RightMargin HEIGHT="2596" HPOS="1733" VPOS="151" WIDTH="108"/>
<BottomMargin HEIGHT="225" HPOS="0" VPOS="2747" WIDTH="1841"/>
<PrintSpace HEIGHT="2596" HPOS="198" VPOS="151" WIDTH="1535">
<TextBlock HEIGHT="40" HPOS="849" ID="r_1_1" VPOS="186" WIDTH="200">
<Shape>
<Polygon POINTS="849 186 1049 186 1049 226 849 226"/>
</Shape>
<TextLine BASELINE="850 225 1048 225" HEIGHT="38" HPOS="850" ID="tl_1" VPOS="187" WIDTH="198">
<String CONTENT="- 14 -" HEIGHT="38" HPOS="850" ID="string_tl_1" VPOS="187" WIDTH="198"/>
</TextLine>
</TextBlock>
<TextBlock HEIGHT="56" HPOS="218" ID="r_2_1" VPOS="283" WIDTH="1462">
<Shape>
<Polygon POINTS="218 283 1680 283 1680 339 218 339"/>
</Shape>
<TextLine BASELINE="219 338 1679 338" HEIGHT="54" HPOS="219" ID="tl_2" VPOS="284" WIDTH="1460">
<String CONTENT="4191 Dibdin (Th.-Frognall). le plus grand bibliographe de l’Angle¬" HEIGHT="54" HPOS="219" ID="string_tl_2" VPOS="284" WIDTH="1460"/>
</TextLine>
</TextBlock>
<TextBlock HEIGHT="88" HPOS="327" ID="r_2_2" VPOS="328" WIDTH="1352">
<Shape>
<Polygon POINTS="327 328 1679 328 1679 416 327 416"/>
</Shape>
<TextLine BASELINE="328 375 1678 375" HEIGHT="46" HPOS="328" ID="tl_3" VPOS="329" WIDTH="1350">
<String CONTENT="terre. — L. a. s. a Renouard ; Kensington, 8 juillet 1813, 1 p." HEIGHT="46" HPOS="328" ID="string_tl_3" VPOS="329" WIDTH="1350"/>
</TextLine>
<TextLine BASELINE="331 415 1677 415" HEIGHT="43" HPOS="331" ID="tl_4" VPOS="372" WIDTH="1346">
<String CONTENT="in-4, cachet à son chiffre. 3 »" HEIGHT="43" HPOS="331" ID="string_tl_4" VPOS="372" WIDTH="1346"/>
</TextLine>
</TextBlock>
<TextBlock HEIGHT="119" HPOS="337" ID="r_2_3" VPOS="417" WIDTH="1345">
<Shape>
<Polygon POINTS="337 417 1682 417 1682 536 337 536"/>
</Shape>
<TextLine BASELINE="377 457 1678 457" HEIGHT="39" HPOS="377" ID="tl_5" VPOS="418" WIDTH="1301">
<String CONTENT="Envoi de son Spenceriana pour divers bibliophiles. Il aime M. Peignot, qui" HEIGHT="39" HPOS="377" ID="string_tl_5" VPOS="418" WIDTH="1301"/>
</TextLine>
<TextLine BASELINE="338 496 1681 496" HEIGHT="40" HPOS="338" ID="tl_6" VPOS="456" WIDTH="1343">
<String CONTENT="est le plus brave des hommes, et il espère qu'il voudra bien lui écrire, de même" HEIGHT="40" HPOS="338" ID="string_tl_6" VPOS="456" WIDTH="1343"/>
</TextLine>
<TextLine BASELINE="339 535 1163 535" HEIGHT="39" HPOS="339" ID="tl_7" VPOS="496" WIDTH="824">
<String CONTENT="que M. Van Pract. Quelques mots sur des Aldes." HEIGHT="39" HPOS="339" ID="string_tl_7" VPOS="496" WIDTH="824"/>
</TextLine>
</TextBlock>
<TextBlock HEIGHT="49" HPOS="222" ID="r_2_4" VPOS="543" WIDTH="1458">
<Shape>
<Polygon POINTS="222 543 1680 543 1680 592 222 592"/>
</Shape>
<TextLine BASELINE="223 591 1679 591" HEIGHT="47" HPOS="223" ID="tl_8" VPOS="544" WIDTH="1456">
<String CONTENT="4192 Le même. — L. a. s. au même; Kensington, 16juin 1814, 2 p." HEIGHT="47" HPOS="223" ID="string_tl_8" VPOS="544" WIDTH="1456"/>
</TextLine>
</TextBlock>
<TextBlock HEIGHT="47" HPOS="332" ID="r_2_5" VPOS="587" WIDTH="1351">
<Shape>
<Polygon POINTS="332 587 1683 587 1683 634 332 634"/>
</Shape>
<TextLine BASELINE="333 633 1682 633" HEIGHT="45" HPOS="333" ID="tl_9" VPOS="588" WIDTH="1349">
<String CONTENT="in-8, cachet à l’encre, avec le mot Aldus. 3 50" HEIGHT="45" HPOS="333" ID="string_tl_9" VPOS="588" WIDTH="1349"/>
</TextLine>
</TextBlock>
<TextBlock HEIGHT="42" HPOS="383" ID="r_2_6" VPOS="633" WIDTH="1300">
<Shape>
<Polygon POINTS="383 633 1683 633 1683 675 383 675"/>
</Shape>
<TextLine BASELINE="384 674 1682 674" HEIGHT="40" HPOS="384" ID="tl_10" VPOS="634" WIDTH="1298">
<String CONTENT="Relative à sa Bibliotheca spenceriana dont il ne peut plus fournir que" HEIGHT="40" HPOS="384" ID="string_tl_10" VPOS="634" WIDTH="1298"/>
</TextLine>
</TextBlock>
<TextBlock HEIGHT="82" HPOS="338" ID="r_2_7" VPOS="672" WIDTH="1346">
<Shape>
<Polygon POINTS="338 672 1684 672 1684 754 338 754"/>
</Shape>
<TextLine BASELINE="339 712 1683 712" HEIGHT="39" HPOS="339" ID="tl_11" VPOS="673" WIDTH="1344">
<String CONTENT="6 exemplaires, en les augmentant de 8 liv. 8 sb. Le prix primitif était de" HEIGHT="39" HPOS="339" ID="string_tl_11" VPOS="673" WIDTH="1344"/>
</TextLine>
<TextLine BASELINE="344 753 1681 753" HEIGHT="41" HPOS="344" ID="tl_12" VPOS="712" WIDTH="1337">
<String CONTENT="15 liv. 15. Il regrette de n’avoir pas eu la bonne fortune de voir M. Crapelet, etc." HEIGHT="41" HPOS="344" ID="string_tl_12" VPOS="712" WIDTH="1337"/>
</TextLine>
</TextBlock>
<TextBlock HEIGHT="50" HPOS="223" ID="r_2_8" VPOS="754" WIDTH="1460">
<Shape>
<Polygon POINTS="223 754 1683 754 1683 804 223 804"/>
</Shape>
<TextLine BASELINE="224 803 1682 803" HEIGHT="48" HPOS="224" ID="tl_13" VPOS="755" WIDTH="1458">
<String CONTENT="4193 Le même. — L. a. s. au même ; Brigton, 30 juin 1814, 3 p." HEIGHT="48" HPOS="224" ID="string_tl_13" VPOS="755" WIDTH="1458"/>
</TextLine>
</TextBlock>
<TextBlock HEIGHT="45" HPOS="336" ID="r_2_9" VPOS="799" WIDTH="1345">
<Shape>
<Polygon POINTS="336 799 1681 799 1681 844 336 844"/>
</Shape>
<TextLine BASELINE="337 843 1680 843" HEIGHT="43" HPOS="337" ID="tl_14" VPOS="800" WIDTH="1343">
<String CONTENT="1 /2 in-4. 6 »" HEIGHT="43" HPOS="337" ID="string_tl_14" VPOS="800" WIDTH="1343"/>
</TextLine>
</TextBlock>
<TextBlock HEIGHT="387" HPOS="337" ID="r_2_10" VPOS="843" WIDTH="1350">
<Shape>
<Polygon POINTS="337 843 1687 843 1687 1230 337 1230"/>
</Shape>
<TextLine BASELINE="380 885 1684 885" HEIGHT="41" HPOS="380" ID="tl_15" VPOS="844" WIDTH="1304">
<String CONTENT="Epitre très-intéressante, dans laquelle il réfute les critiques dont sa Bibliotheca" HEIGHT="41" HPOS="380" ID="string_tl_15" VPOS="844" WIDTH="1304"/>
</TextLine>
<TextLine BASELINE="341 924 1684 924" HEIGHT="40" HPOS="341" ID="tl_16" VPOS="884" WIDTH="1343">
<String CONTENT="spenceriana a été l'objet, critiques résumées en ces mots : « De vielles formes" HEIGHT="40" HPOS="341" ID="string_tl_16" VPOS="884" WIDTH="1343"/>
</TextLine>
<TextLine BASELINE="341 963 1684 963" HEIGHT="39" HPOS="341" ID="tl_17" VPOS="924" WIDTH="1343">
<String CONTENT="de lettres sur du papier tout moderne est un anachronisme que nous" HEIGHT="39" HPOS="341" ID="string_tl_17" VPOS="924" WIDTH="1343"/>
</TextLine>
<TextLine BASELINE="341 1002 1684 1002" HEIGHT="39" HPOS="341" ID="tl_18" VPOS="963" WIDTH="1343">
<String CONTENT="trouvons tout à fait singulier. » Selon lui, les bibliographes parisiens raisonnent" HEIGHT="39" HPOS="341" ID="string_tl_18" VPOS="963" WIDTH="1343"/>
</TextLine>
<TextLine BASELINE="342 1041 1686 1041" HEIGHT="40" HPOS="342" ID="tl_19" VPOS="1001" WIDTH="1344">
<String CONTENT="fort mal sur les vieux livres à figures et à lettres ornées. Néanmoins, il se pro¬" HEIGHT="40" HPOS="342" ID="string_tl_19" VPOS="1001" WIDTH="1344"/>
</TextLine>
<TextLine BASELINE="344 1081 1686 1081" HEIGHT="40" HPOS="344" ID="tl_20" VPOS="1041" WIDTH="1342">
<String CONTENT="pose de leur rendre visite prochainement, dans le voyage qu’il va entreprendre" HEIGHT="40" HPOS="344" ID="string_tl_20" VPOS="1041" WIDTH="1342"/>
</TextLine>
<TextLine BASELINE="343 1119 1685 1119" HEIGHT="39" HPOS="343" ID="tl_21" VPOS="1080" WIDTH="1342">
<String CONTENT="avant la publication de son Decameron, et il se propose même de demander" HEIGHT="39" HPOS="343" ID="string_tl_21" VPOS="1080" WIDTH="1342"/>
</TextLine>
<TextLine BASELINE="345 1157 1683 1157" HEIGHT="38" HPOS="345" ID="tl_22" VPOS="1119" WIDTH="1338">
<String CONTENT="leurs portraits à MM. Van Praet, Renouard, de Dure, Brunet et Barbier. Curieux" HEIGHT="38" HPOS="345" ID="string_tl_22" VPOS="1119" WIDTH="1338"/>
</TextLine>
<TextLine BASELINE="338 1198 1684 1198" HEIGHT="40" HPOS="338" ID="tl_23" VPOS="1158" WIDTH="1346">
<String CONTENT="détails sur un Aristote des Aldes qu’il laisse pour compte à Renouard comme" HEIGHT="40" HPOS="338" ID="string_tl_23" VPOS="1158" WIDTH="1346"/>
</TextLine>
<TextLine BASELINE="344 1229 525 1229" HEIGHT="32" HPOS="344" ID="tl_24" VPOS="1197" WIDTH="181">
<String CONTENT="défectueux." HEIGHT="32" HPOS="344" ID="string_tl_24" VPOS="1197" WIDTH="181"/>
</TextLine>
</TextBlock>
<TextBlock HEIGHT="57" HPOS="226" ID="r_2_11" VPOS="1245" WIDTH="1456">
<Shape>
<Polygon POINTS="226 1245 1682 1245 1682 1302 226 1302"/>
</Shape>
<TextLine BASELINE="227 1301 1681 1301" HEIGHT="55" HPOS="227" ID="tl_25" VPOS="1246" WIDTH="1454">
<String CONTENT="4194 Le même. — L. a. s. au marquis de Châteaugiron; Londres," HEIGHT="55" HPOS="227" ID="string_tl_25" VPOS="1246" WIDTH="1454"/>
</TextLine>
</TextBlock>
<TextBlock HEIGHT="49" HPOS="335" ID="r_2_12" VPOS="1290" WIDTH="1348">
<Shape>
<Polygon POINTS="335 1290 1683 1290 1683 1339 335 1339"/>
</Shape>
<TextLine BASELINE="336 1338 1682 1338" HEIGHT="47" HPOS="336" ID="tl_26" VPOS="1291" WIDTH="1346">
<String CONTENT="7 mai 1834, 1 p. in-4, cachet à son chiffre. 3 »" HEIGHT="47" HPOS="336" ID="string_tl_26" VPOS="1291" WIDTH="1346"/>
</TextLine>
</TextBlock>
<TextBlock HEIGHT="45" HPOS="385" ID="r_2_13" VPOS="1334" WIDTH="1300">
<Shape>
<Polygon POINTS="385 1334 1685 1334 1685 1379 385 1379"/>
</Shape>
<TextLine BASELINE="386 1378 1684 1378" HEIGHT="43" HPOS="386" ID="tl_27" VPOS="1335" WIDTH="1298">
<String CONTENT="Relative à son Voyage bibliog. en Angleterre, en Ecosse et en Irlande," HEIGHT="43" HPOS="386" ID="string_tl_27" VPOS="1335" WIDTH="1298"/>
</TextLine>
</TextBlock>
<TextBlock HEIGHT="43" HPOS="344" ID="r_2_14" VPOS="1374" WIDTH="940">
<Shape>
<Polygon POINTS="344 1374 1284 1374 1284 1417 344 1417"/>
</Shape>
<TextLine BASELINE="345 1416 1283 1416" HEIGHT="41" HPOS="345" ID="tl_28" VPOS="1375" WIDTH="938">
<String CONTENT="dont le prospectus est imprimé sur une page de la lettre." HEIGHT="41" HPOS="345" ID="string_tl_28" VPOS="1375" WIDTH="938"/>
</TextLine>
</TextBlock>
<TextBlock HEIGHT="47" HPOS="229" ID="r_2_15" VPOS="1424" WIDTH="1458">
<Shape>
<Polygon POINTS="229 1424 1687 1424 1687 1471 229 1471"/>
</Shape>
<TextLine BASELINE="230 1470 1686 1470" HEIGHT="45" HPOS="230" ID="tl_29" VPOS="1425" WIDTH="1456">
<String CONTENT="4195 Ducray-Duminil, le charmant romancier enfantin, auteur" HEIGHT="45" HPOS="230" ID="string_tl_29" VPOS="1425" WIDTH="1456"/>
</TextLine>
</TextBlock>
<TextBlock HEIGHT="85" HPOS="339" ID="r_2_16" VPOS="1468" WIDTH="1348">
<Shape>
<Polygon POINTS="339 1468 1687 1468 1687 1553 339 1553"/>
</Shape>
<TextLine BASELINE="341 1516 1686 1516" HEIGHT="47" HPOS="341" ID="tl_30" VPOS="1469" WIDTH="1345">
<String CONTENT="de Victor ou l’Enfant de la foret. — L. a. s. à Capelle, 1808, 1 p." HEIGHT="47" HPOS="341" ID="string_tl_30" VPOS="1469" WIDTH="1345"/>
</TextLine>
<TextLine BASELINE="340 1552 1685 1552" HEIGHT="39" HPOS="340" ID="tl_31" VPOS="1513" WIDTH="1345">
<String CONTENT="in-12. Relative au Caveau moderne. 2 »" HEIGHT="39" HPOS="340" ID="string_tl_31" VPOS="1513" WIDTH="1345"/>
</TextLine>
</TextBlock>
<TextBlock HEIGHT="49" HPOS="231" ID="r_2_17" VPOS="1568" WIDTH="1456">
<Shape>
<Polygon POINTS="231 1568 1687 1568 1687 1617 231 1617"/>
</Shape>
<TextLine BASELINE="232 1616 1686 1616" HEIGHT="47" HPOS="232" ID="tl_32" VPOS="1569" WIDTH="1454">
<String CONTENT="4196 Dumas (Alex.), le grand romancier. — L. a. s. à un ministre," HEIGHT="47" HPOS="232" ID="string_tl_32" VPOS="1569" WIDTH="1454"/>
</TextLine>
</TextBlock>
<TextBlock HEIGHT="38" HPOS="340" ID="r_2_18" VPOS="1612" WIDTH="1350">
<Shape>
<Polygon POINTS="340 1612 1690 1612 1690 1650 340 1650"/>
</Shape>
<TextLine BASELINE="341 1649 1689 1649" HEIGHT="36" HPOS="341" ID="tl_33" VPOS="1613" WIDTH="1348">
<String CONTENT="in-8. 1 50" HEIGHT="36" HPOS="341" ID="string_tl_33" VPOS="1613" WIDTH="1348"/>
</TextLine>
</TextBlock>
<TextBlock HEIGHT="49" HPOS="231" ID="r_2_19" VPOS="1663" WIDTH="1458">
<Shape>
<Polygon POINTS="231 1663 1689 1663 1689 1712 231 1712"/>
</Shape>
<TextLine BASELINE="232 1711 1688 1711" HEIGHT="47" HPOS="232" ID="tl_34" VPOS="1664" WIDTH="1456">
<String CONTENT="4197 Dupanloup (Félix), célèbre évêque d’Orléans. — L. s., 1856," HEIGHT="47" HPOS="232" ID="string_tl_34" VPOS="1664" WIDTH="1456"/>
</TextLine>
</TextBlock>
<TextBlock HEIGHT="47" HPOS="344" ID="r_2_20" VPOS="1707" WIDTH="1346">
<Shape>
<Polygon POINTS="344 1707 1690 1707 1690 1754 344 1754"/>
</Shape>
<TextLine BASELINE="345 1753 1689 1753" HEIGHT="45" HPOS="345" ID="tl_35" VPOS="1708" WIDTH="1344">
<String CONTENT="1 p. in-8. 1 25" HEIGHT="45" HPOS="345" ID="string_tl_35" VPOS="1708" WIDTH="1344"/>
</TextLine>
</TextBlock>
<TextBlock HEIGHT="52" HPOS="230" ID="r_2_21" VPOS="1756" WIDTH="1460">
<Shape>
<Polygon POINTS="230 1756 1690 1756 1690 1808 230 1808"/>
</Shape>
<TextLine BASELINE="231 1807 1689 1807" HEIGHT="50" HPOS="231" ID="tl_36" VPOS="1757" WIDTH="1458">
<String CONTENT="4198 Favre (Jules), le célèbre orateur, de l’Académie française.—" HEIGHT="50" HPOS="231" ID="string_tl_36" VPOS="1757" WIDTH="1458"/>
</TextLine>
</TextBlock>
<TextBlock HEIGHT="57" HPOS="340" ID="r_2_22" VPOS="1794" WIDTH="1348">
<Shape>
<Polygon POINTS="340 1794 1688 1794 1688 1851 340 1851"/>
</Shape>
<TextLine BASELINE="341 1850 1687 1850" HEIGHT="55" HPOS="341" ID="tl_37" VPOS="1795" WIDTH="1346">
<String CONTENT="L. a., sig. Jules, à un ami, 1853, 1 p. in-8. J 2 »" HEIGHT="55" HPOS="341" ID="string_tl_37" VPOS="1795" WIDTH="1346"/>
</TextLine>
</TextBlock>
<TextBlock HEIGHT="51" HPOS="231" ID="r_2_23" VPOS="1855" WIDTH="1460">
<Shape>
<Polygon POINTS="231 1855 1691 1855 1691 1906 231 1906"/>
</Shape>
<TextLine BASELINE="232 1905 1690 1905" HEIGHT="49" HPOS="232" ID="tl_38" VPOS="1856" WIDTH="1458">
<String CONTENT="4199 Fellenberg (Ph.-Emel.) illustre philanthrope suisse, fonda¬" HEIGHT="49" HPOS="232" ID="string_tl_38" VPOS="1856" WIDTH="1458"/>
</TextLine>
</TextBlock>
<TextBlock HEIGHT="136" HPOS="341" ID="r_2_24" VPOS="1901" WIDTH="1352">
<Shape>
<Polygon POINTS="341 1901 1693 1901 1693 2037 341 2037"/>
</Shape>
<TextLine BASELINE="343 1949 1688 1949" HEIGHT="47" HPOS="343" ID="tl_39" VPOS="1902" WIDTH="1345">
<String CONTENT="teur de l’Institut d’Hofwyl, corresp. de l’Institut de France." HEIGHT="47" HPOS="343" ID="string_tl_39" VPOS="1902" WIDTH="1345"/>
</TextLine>
<TextLine BASELINE="342 1994 1692 1994" HEIGHT="49" HPOS="342" ID="tl_40" VPOS="1945" WIDTH="1350">
<String CONTENT="— L. a. s. au général Vial, ambassadeur en Suisse ; 1er janvier" HEIGHT="49" HPOS="342" ID="string_tl_40" VPOS="1945" WIDTH="1350"/>
</TextLine>
<TextLine BASELINE="349 2036 1689 2036" HEIGHT="44" HPOS="349" ID="tl_41" VPOS="1992" WIDTH="1340">
<String CONTENT="1 p. 1/2 in-4. 5 »" HEIGHT="44" HPOS="349" ID="string_tl_41" VPOS="1992" WIDTH="1340"/>
</TextLine>
</TextBlock>
<TextBlock HEIGHT="120" HPOS="354" ID="r_2_25" VPOS="2035" WIDTH="1340">
<Shape>
<Polygon POINTS="354 2035 1694 2035 1694 2155 354 2155"/>
</Shape>
<TextLine BASELINE="396 2076 1693 2076" HEIGHT="40" HPOS="396" ID="tl_42" VPOS="2036" WIDTH="1297">
<String CONTENT="Relative à son Institut d’Hofwyl. A cette lettre est jointe lit minute de" HEIGHT="40" HPOS="396" ID="string_tl_42" VPOS="2036" WIDTH="1297"/>
</TextLine>
<TextLine BASELINE="356 2115 1693 2115" HEIGHT="40" HPOS="356" ID="tl_43" VPOS="2075" WIDTH="1337">
<String CONTENT="la réponse du général Vial, et la copie d’une lettre de C. Pictet à François de" HEIGHT="40" HPOS="356" ID="string_tl_43" VPOS="2075" WIDTH="1337"/>
</TextLine>
<TextLine BASELINE="355 2154 1312 2154" HEIGHT="39" HPOS="355" ID="tl_44" VPOS="2115" WIDTH="957">
<String CONTENT="Neufchâteau, pièces très-intéressantes sur cette institution." HEIGHT="39" HPOS="355" ID="string_tl_44" VPOS="2115" WIDTH="957"/>
</TextLine>
</TextBlock>
<TextBlock HEIGHT="183" HPOS="235" ID="r_2_26" VPOS="2162" WIDTH="1461">
<Shape>
<Polygon POINTS="235 2162 1696 2162 1696 2345 235 2345"/>
</Shape>
<TextLine BASELINE="236 2211 1694 2211" HEIGHT="48" HPOS="236" ID="tl_45" VPOS="2163" WIDTH="1458">
<String CONTENT="4200 Ferdinand III, empereur d’Allemagne, qui continua la" HEIGHT="48" HPOS="236" ID="string_tl_45" VPOS="2163" WIDTH="1458"/>
</TextLine>
<TextLine BASELINE="346 2257 1695 2257" HEIGHT="48" HPOS="346" ID="tl_46" VPOS="2209" WIDTH="1349">
<String CONTENT="guerre de trente ans, et signa la paix de Westphaiie, qui ga¬" HEIGHT="48" HPOS="346" ID="string_tl_46" VPOS="2209" WIDTH="1349"/>
</TextLine>
<TextLine BASELINE="345 2300 1693 2300" HEIGHT="46" HPOS="345" ID="tl_47" VPOS="2254" WIDTH="1348">
<String CONTENT="rantit la liberté de conscience à l’Allemagne. — L. a. s., en" HEIGHT="46" HPOS="345" ID="string_tl_47" VPOS="2254" WIDTH="1348"/>
</TextLine>
<TextLine BASELINE="346 2344 1692 2344" HEIGHT="48" HPOS="346" ID="tl_48" VPOS="2296" WIDTH="1346">
<String CONTENT="italien, à Louis XIV; Vienne, 24 juin 1656,2 p. in-f. 6 »" HEIGHT="48" HPOS="346" ID="string_tl_48" VPOS="2296" WIDTH="1346"/>
</TextLine>
</TextBlock>
<TextBlock HEIGHT="276" HPOS="351" ID="r_2_27" VPOS="2342" WIDTH="1347">
<Shape>
<Polygon POINTS="351 2342 1698 2342 1698 2618 351 2618"/>
</Shape>
<TextLine BASELINE="394 2382 1696 2382" HEIGHT="39" HPOS="394" ID="tl_49" VPOS="2343" WIDTH="1302">
<String CONTENT="Lettre politique d’un haut intérêt. — L’empereur proteste de sa ferme volonté" HEIGHT="39" HPOS="394" ID="string_tl_49" VPOS="2343" WIDTH="1302"/>
</TextLine>
<TextLine BASELINE="353 2423 1696 2423" HEIGHT="41" HPOS="353" ID="tl_50" VPOS="2382" WIDTH="1343">
<String CONTENT="à maintenir les conditions de la paix de Munster (signée en 1618), et il assure le" HEIGHT="41" HPOS="353" ID="string_tl_50" VPOS="2382" WIDTH="1343"/>
</TextLine>
<TextLine BASELINE="352 2460 1696 2460" HEIGHT="39" HPOS="352" ID="tl_51" VPOS="2421" WIDTH="1344">
<String CONTENT="roi qu'il n’est pour rien dans la lenteur des négociations de Francfort. Malgré" HEIGHT="39" HPOS="352" ID="string_tl_51" VPOS="2421" WIDTH="1344"/>
</TextLine>
<TextLine BASELINE="354 2501 1696 2501" HEIGHT="42" HPOS="354" ID="tl_52" VPOS="2459" WIDTH="1342">
<String CONTENT="les hostilités commencées entre l'Espagne et la France, il ne perd pas l’espoir de" HEIGHT="42" HPOS="354" ID="string_tl_52" VPOS="2459" WIDTH="1342"/>
</TextLine>
<TextLine BASELINE="354 2540 1697 2540" HEIGHT="41" HPOS="354" ID="tl_53" VPOS="2499" WIDTH="1343">
<String CONTENT="voir la paix se rétablir. (En ce moment, Mazarin négociait avec Madrid pour le" HEIGHT="41" HPOS="354" ID="string_tl_53" VPOS="2499" WIDTH="1343"/>
</TextLine>
<TextLine BASELINE="355 2578 1695 2578" HEIGHT="41" HPOS="355" ID="tl_54" VPOS="2537" WIDTH="1340">
<String CONTENT="mariage de l’infante Marie-Thérèse avec le roi, pendant que Ferdinand lll de¬" HEIGHT="41" HPOS="355" ID="string_tl_54" VPOS="2537" WIDTH="1340"/>
</TextLine>
<TextLine BASELINE="356 2617 1237 2617" HEIGHT="38" HPOS="356" ID="tl_55" VPOS="2579" WIDTH="881">
<String CONTENT="mandait cette même princesse pour son fils Léopold.)" HEIGHT="38" HPOS="356" ID="string_tl_55" VPOS="2579" WIDTH="881"/>
</TextLine>
</TextBlock>
<TextBlock HEIGHT="94" HPOS="239" ID="r_2_28" VPOS="2620" WIDTH="1459">
<Shape>
<Polygon POINTS="239 2620 1698 2620 1698 2714 239 2714"/>
</Shape>
<TextLine BASELINE="240 2668 1697 2668" HEIGHT="47" HPOS="240" ID="tl_56" VPOS="2621" WIDTH="1457">
<String CONTENT="4201 Feuchères (Sophie Dawes, baronne de), maîtresse du dernier" HEIGHT="47" HPOS="240" ID="string_tl_56" VPOS="2621" WIDTH="1457"/>
</TextLine>
<TextLine BASELINE="350 2713 1696 2713" HEIGHT="48" HPOS="350" ID="tl_57" VPOS="2665" WIDTH="1346">
<String CONTENT="des Condé. — L. a. s., en anglais, à Georges Manby; Saint-" HEIGHT="48" HPOS="350" ID="string_tl_57" VPOS="2665" WIDTH="1346"/>
</TextLine>
</TextBlock>
<GraphicalElement HEIGHT="1120" HPOS="1820" ID="r_4" VPOS="1847" WIDTH="21"/>
</PrintSpace>
</Page>
</Layout>
</alto>