<?xml version="1.0" encoding="utf-8"?>
<alto xmlns="http://www.loc.gov/standards/alto/ns-v4#" xmlns:xsi="http://www.w3.org/2001/XMLSchema-instance" xsi:schemaLocation="http://www.loc.gov/standards/alto/ns-v4# https://gitlab.inria.fr/scripta/escriptorium/-/raw/develop/app/escriptorium/static/alto-4-1-baselines.xsd">
<Description>
<MeasurementUnit>pixel</MeasurementUnit><sourceImageInformation><fileName>2-REV DES AUTO 1868-69 OCR-20.png</fileName></sourceImageInformation>
<OCRProcessing ID="IdOcr">
<ocrProcessingStep>
<processingDateTime>2020-10-31T11:20:05.685+01:00</processingDateTime>
<processingSoftware>
<softwareCreator>READ COOP</softwareCreator>
<softwareName>Transkribus</softwareName>
</processingSoftware>
</ocrProcessingStep>
</OCRProcessing>
</Description>
<Layout>
<Page HEIGHT="2972" ID="Page1" PHYSICAL_IMG_NR="1" WIDTH="1850">
<TopMargin HEIGHT="165" HPOS="0" VPOS="0" WIDTH="1850"/>
<LeftMargin HEIGHT="2521" HPOS="0" VPOS="165" WIDTH="204"/>
<RightMargin HEIGHT="2521" HPOS="1707" VPOS="165" WIDTH="143"/>
<BottomMargin HEIGHT="286" HPOS="0" VPOS="2686" WIDTH="1850"/>
<PrintSpace HEIGHT="2521" HPOS="204" VPOS="165" WIDTH="1503">
<TextBlock HEIGHT="40" HPOS="842" ID="r_1_1" VPOS="177" WIDTH="196">
<Shape>
<Polygon POINTS="842 177 1038 177 1038 217 842 217"/>
</Shape>
<TextLine BASELINE="843 216 1037 216" HEIGHT="38" HPOS="843" ID="tl_1" VPOS="178" WIDTH="194">
<String CONTENT="- 20 -" HEIGHT="38" HPOS="843" ID="string_tl_1" VPOS="178" WIDTH="194"/>
</TextLine>
</TextBlock>
<TextBlock HEIGHT="93" HPOS="326" ID="r_2_1" VPOS="275" WIDTH="1354">
<Shape>
<Polygon POINTS="326 275 1680 275 1680 368 326 368"/>
</Shape>
<TextLine BASELINE="327 322 1679 322" HEIGHT="46" HPOS="327" ID="tl_2" VPOS="276" WIDTH="1352">
<String CONTENT="pièce, mais à laquelle se trouve une petite coupure dans la" HEIGHT="46" HPOS="327" ID="string_tl_2" VPOS="276" WIDTH="1352"/>
</TextLine>
<TextLine BASELINE="328 367 1677 367" HEIGHT="45" HPOS="328" ID="tl_3" VPOS="322" WIDTH="1349">
<String CONTENT="marge. 18 »" HEIGHT="45" HPOS="328" ID="string_tl_3" VPOS="322" WIDTH="1349"/>
</TextLine>
</TextBlock>
<TextBlock HEIGHT="197" HPOS="331" ID="r_2_2" VPOS="364" WIDTH="1350">
<Shape>
<Polygon POINTS="331 364 1681 364 1681 561 331 561"/>
</Shape>
<TextLine BASELINE="373 405 1675 405" HEIGHT="40" HPOS="373" ID="tl_4" VPOS="365" WIDTH="1302">
<String CONTENT="Pièce historique. — Il vient d'apprendre que le Directoire l’a compris parmi" HEIGHT="40" HPOS="373" ID="string_tl_4" VPOS="365" WIDTH="1302"/>
</TextLine>
<TextLine BASELINE="334 444 1680 444" HEIGHT="41" HPOS="334" ID="tl_5" VPOS="403" WIDTH="1346">
<String CONTENT="les généraux de l’armée d’Angleterre (armée d’Egypte). Les périls que doit" HEIGHT="41" HPOS="334" ID="string_tl_5" VPOS="403" WIDTH="1346"/>
</TextLine>
<TextLine BASELINE="334 482 1678 482" HEIGHT="39" HPOS="334" ID="tl_6" VPOS="443" WIDTH="1344">
<String CONTENT="affronter cette armée, la gloire qui l’attend, le rendent sensible à cette marque" HEIGHT="39" HPOS="334" ID="string_tl_6" VPOS="443" WIDTH="1344"/>
</TextLine>
<TextLine BASELINE="332 520 1679 520" HEIGHT="37" HPOS="332" ID="tl_7" VPOS="483" WIDTH="1347">
<String CONTENT="de confiance. Encore cette fois, il tâchera de laisser derrière lui quelques traces" HEIGHT="37" HPOS="332" ID="string_tl_7" VPOS="483" WIDTH="1347"/>
</TextLine>
<TextLine BASELINE="335 560 1598 560" HEIGHT="38" HPOS="335" ID="tl_8" VPOS="522" WIDTH="1263">
<String CONTENT="honorables, en donnant de nouvelles preuves de son amour pour la patrie." HEIGHT="38" HPOS="335" ID="string_tl_8" VPOS="522" WIDTH="1263"/>
</TextLine>
</TextBlock>
<TextBlock HEIGHT="48" HPOS="214" ID="r_2_3" VPOS="564" WIDTH="1465">
<Shape>
<Polygon POINTS="214 564 1679 564 1679 612 214 612"/>
</Shape>
<TextLine BASELINE="215 611 1678 611" HEIGHT="46" HPOS="215" ID="tl_9" VPOS="565" WIDTH="1463">
<String CONTENT="4020 La Chaise (le Père de), jésuite, fameux confesseur de" HEIGHT="46" HPOS="215" ID="string_tl_9" VPOS="565" WIDTH="1463"/>
</TextLine>
</TextBlock>
<TextBlock HEIGHT="92" HPOS="324" ID="r_2_4" VPOS="609" WIDTH="1355">
<Shape>
<Polygon POINTS="324 609 1679 609 1679 701 324 701"/>
</Shape>
<TextLine BASELINE="325 655 1678 655" HEIGHT="45" HPOS="325" ID="tl_10" VPOS="610" WIDTH="1353">
<String CONTENT="Louis XIV, né dans le Forez. — L. a. s. ; Paris, 24 sept. 1706," HEIGHT="45" HPOS="325" ID="string_tl_10" VPOS="610" WIDTH="1353"/>
</TextLine>
<TextLine BASELINE="328 700 1678 700" HEIGHT="45" HPOS="328" ID="tl_11" VPOS="655" WIDTH="1350">
<String CONTENT="3 p. in-4. 33 »" HEIGHT="45" HPOS="328" ID="string_tl_11" VPOS="655" WIDTH="1350"/>
</TextLine>
</TextBlock>
<TextBlock HEIGHT="51" HPOS="214" ID="r_2_5" VPOS="697" WIDTH="1464">
<Shape>
<Polygon POINTS="214 697 1678 697 1678 748 214 748"/>
</Shape>
<TextLine BASELINE="215 747 1677 747" HEIGHT="49" HPOS="215" ID="tl_12" VPOS="698" WIDTH="1462">
<String CONTENT="4021 Landais (Napoléon), l’auteur du Dictionnaire français. — L." HEIGHT="49" HPOS="215" ID="string_tl_12" VPOS="698" WIDTH="1462"/>
</TextLine>
</TextBlock>
<TextBlock HEIGHT="55" HPOS="326" ID="r_2_6" VPOS="735" WIDTH="1356">
<Shape>
<Polygon POINTS="326 735 1682 735 1682 790 326 790"/>
</Shape>
<TextLine BASELINE="327 789 1681 789" HEIGHT="53" HPOS="327" ID="tl_13" VPOS="736" WIDTH="1354">
<String CONTENT="a. s. au libraire Renouard, 1842, 1 p. in-4. J 2 50" HEIGHT="53" HPOS="327" ID="string_tl_13" VPOS="736" WIDTH="1354"/>
</TextLine>
</TextBlock>
<TextBlock HEIGHT="41" HPOS="371" ID="r_2_7" VPOS="788" WIDTH="666">
<Shape>
<Polygon POINTS="371 788 1037 788 1037 829 371 829"/>
</Shape>
<TextLine BASELINE="372 828 1036 828" HEIGHT="39" HPOS="372" ID="tl_14" VPOS="789" WIDTH="664">
<String CONTENT="Relative à son ouvrage sur le Mariage." HEIGHT="39" HPOS="372" ID="string_tl_14" VPOS="789" WIDTH="664"/>
</TextLine>
</TextBlock>
<TextBlock HEIGHT="48" HPOS="214" ID="r_2_8" VPOS="831" WIDTH="1465">
<Shape>
<Polygon POINTS="214 831 1679 831 1679 879 214 879"/>
</Shape>
<TextLine BASELINE="215 878 1678 878" HEIGHT="46" HPOS="215" ID="tl_15" VPOS="832" WIDTH="1463">
<String CONTENT="4022 Laprade (Victor de), poète, de l’Acad. fr. — L. a. s. ; Lyon," HEIGHT="46" HPOS="215" ID="string_tl_15" VPOS="832" WIDTH="1463"/>
</TextLine>
</TextBlock>
<TextBlock HEIGHT="48" HPOS="330" ID="r_2_9" VPOS="876" WIDTH="1352">
<Shape>
<Polygon POINTS="330 876 1682 876 1682 924 330 924"/>
</Shape>
<TextLine BASELINE="331 923 1681 923" HEIGHT="46" HPOS="331" ID="tl_16" VPOS="877" WIDTH="1350">
<String CONTENT="14 mai, 1 p. 1/2 in-8. 3 50" HEIGHT="46" HPOS="331" ID="string_tl_16" VPOS="877" WIDTH="1350"/>
</TextLine>
</TextBlock>
<TextBlock HEIGHT="73" HPOS="334" ID="r_2_10" VPOS="920" WIDTH="1347">
<Shape>
<Polygon POINTS="334 920 1681 920 1681 993 334 993"/>
</Shape>
<TextLine BASELINE="376 960 1680 960" HEIGHT="39" HPOS="376" ID="tl_17" VPOS="921" WIDTH="1304">
<String CONTENT="Il y fait la critique d’une tragédie, dont Jean Reboul venait de lire des frag" HEIGHT="39" HPOS="376" ID="string_tl_17" VPOS="921" WIDTH="1304"/>
</TextLine>
<TextLine BASELINE="335 992 440 992" HEIGHT="29" HPOS="335" ID="tl_18" VPOS="963" WIDTH="105">
<String CONTENT="ments." HEIGHT="29" HPOS="335" ID="string_tl_18" VPOS="963" WIDTH="105"/>
</TextLine>
</TextBlock>
<TextBlock HEIGHT="48" HPOS="217" ID="r_2_11" VPOS="998" WIDTH="1463">
<Shape>
<Polygon POINTS="217 998 1680 998 1680 1046 217 1046"/>
</Shape>
<TextLine BASELINE="218 1045 1679 1045" HEIGHT="46" HPOS="218" ID="tl_19" VPOS="999" WIDTH="1461">
<String CONTENT="4023 La Rochejacquelein (H., le marquis de), célèbre homme" HEIGHT="46" HPOS="218" ID="string_tl_19" VPOS="999" WIDTH="1461"/>
</TextLine>
</TextBlock>
<TextBlock HEIGHT="83" HPOS="327" ID="r_2_12" VPOS="1042" WIDTH="1353">
<Shape>
<Polygon POINTS="327 1042 1680 1042 1680 1125 327 1125"/>
</Shape>
<TextLine BASELINE="328 1090 1679 1090" HEIGHT="47" HPOS="328" ID="tl_20" VPOS="1043" WIDTH="1351">
<String CONTENT="d’Etat légitimiste. — L. a. s. ; Paris, 15 fév. 1844, 1 p. in-4," HEIGHT="47" HPOS="328" ID="string_tl_20" VPOS="1043" WIDTH="1351"/>
</TextLine>
<TextLine BASELINE="329 1124 1677 1124" HEIGHT="36" HPOS="329" ID="tl_21" VPOS="1088" WIDTH="1348">
<String CONTENT="cachet. 2 »" HEIGHT="36" HPOS="329" ID="string_tl_21" VPOS="1088" WIDTH="1348"/>
</TextLine>
</TextBlock>
<TextBlock HEIGHT="49" HPOS="216" ID="r_2_13" VPOS="1130" WIDTH="1465">
<Shape>
<Polygon POINTS="216 1130 1681 1130 1681 1179 216 1179"/>
</Shape>
<TextLine BASELINE="217 1178 1680 1178" HEIGHT="47" HPOS="217" ID="tl_22" VPOS="1131" WIDTH="1463">
<String CONTENT="4024 Lavater (Gaspard), le créateur de la physiognomonie. Trois" HEIGHT="47" HPOS="217" ID="string_tl_22" VPOS="1131" WIDTH="1463"/>
</TextLine>
</TextBlock>
<TextBlock HEIGHT="83" HPOS="328" ID="r_2_14" VPOS="1175" WIDTH="1354">
<Shape>
<Polygon POINTS="328 1175 1682 1175 1682 1258 328 1258"/>
</Shape>
<TextLine BASELINE="329 1223 1681 1223" HEIGHT="47" HPOS="329" ID="tl_23" VPOS="1176" WIDTH="1352">
<String CONTENT="vers, en allemand, aut. sig.; Zurich, 1791. Jolie pièce d’al¬" HEIGHT="47" HPOS="329" ID="string_tl_23" VPOS="1176" WIDTH="1352"/>
</TextLine>
<TextLine BASELINE="329 1257 1681 1257" HEIGHT="36" HPOS="329" ID="tl_24" VPOS="1221" WIDTH="1352">
<String CONTENT="bum. 2 50" HEIGHT="36" HPOS="329" ID="string_tl_24" VPOS="1221" WIDTH="1352"/>
</TextLine>
</TextBlock>
<TextBlock HEIGHT="48" HPOS="219" ID="r_2_15" VPOS="1264" WIDTH="1460">
<Shape>
<Polygon POINTS="219 1264 1679 1264 1679 1312 219 1312"/>
</Shape>
<TextLine BASELINE="220 1311 1678 1311" HEIGHT="46" HPOS="220" ID="tl_25" VPOS="1265" WIDTH="1458">
<String CONTENT="4025 Laya (Léon), l’auteur du Dite Job. — L. a. s. à un critique;" HEIGHT="46" HPOS="220" ID="string_tl_25" VPOS="1265" WIDTH="1458"/>
</TextLine>
</TextBlock>
<TextBlock HEIGHT="49" HPOS="333" ID="r_2_16" VPOS="1309" WIDTH="1347">
<Shape>
<Polygon POINTS="333 1309 1680 1309 1680 1358 333 1358"/>
</Shape>
<TextLine BASELINE="334 1357 1679 1357" HEIGHT="47" HPOS="334" ID="tl_26" VPOS="1310" WIDTH="1345">
<String CONTENT="16 fév. 1840, 2 p. in-8. 1 75" HEIGHT="47" HPOS="334" ID="string_tl_26" VPOS="1310" WIDTH="1345"/>
</TextLine>
</TextBlock>
<TextBlock HEIGHT="36" HPOS="375" ID="r_2_17" VPOS="1353" WIDTH="814">
<Shape>
<Polygon POINTS="375 1353 1189 1353 1189 1389 375 1389"/>
</Shape>
<TextLine BASELINE="376 1388 1188 1388" HEIGHT="34" HPOS="376" ID="tl_27" VPOS="1354" WIDTH="812">
<String CONTENT="Curieuse lettre relative à sa comédie la Lionne." HEIGHT="34" HPOS="376" ID="string_tl_27" VPOS="1354" WIDTH="812"/>
</TextLine>
</TextBlock>
<TextBlock HEIGHT="49" HPOS="218" ID="r_2_18" VPOS="1398" WIDTH="1464">
<Shape>
<Polygon POINTS="218 1398 1682 1398 1682 1447 218 1447"/>
</Shape>
<TextLine BASELINE="219 1446 1681 1446" HEIGHT="47" HPOS="219" ID="tl_28" VPOS="1399" WIDTH="1462">
<String CONTENT="4026 Lebon (Jos.), le fameux proconsul d’Arras. — L. s. à son col¬" HEIGHT="47" HPOS="219" ID="string_tl_28" VPOS="1399" WIDTH="1462"/>
</TextLine>
</TextBlock>
<TextBlock HEIGHT="91" HPOS="331" ID="r_2_19" VPOS="1443" WIDTH="1351">
<Shape>
<Polygon POINTS="331 1443 1682 1443 1682 1534 331 1534"/>
</Shape>
<TextLine BASELINE="332 1491 1681 1491" HEIGHT="47" HPOS="332" ID="tl_29" VPOS="1444" WIDTH="1349">
<String CONTENT="lègue Laurent, à Maubeuge; Arras, 13 vent, an 2, 3/4 de p." HEIGHT="47" HPOS="332" ID="string_tl_29" VPOS="1444" WIDTH="1349"/>
</TextLine>
<TextLine BASELINE="332 1533 1679 1533" HEIGHT="43" HPOS="332" ID="tl_30" VPOS="1490" WIDTH="1347">
<String CONTENT="in-4, cachet. 7 »" HEIGHT="43" HPOS="332" ID="string_tl_30" VPOS="1490" WIDTH="1347"/>
</TextLine>
</TextBlock>
<TextBlock HEIGHT="203" HPOS="337" ID="r_2_20" VPOS="1530" WIDTH="1350">
<Shape>
<Polygon POINTS="337 1530 1687 1530 1687 1733 337 1733"/>
</Shape>
<TextLine BASELINE="380 1573 1683 1573" HEIGHT="42" HPOS="380" ID="tl_31" VPOS="1531" WIDTH="1303">
<String CONTENT="Il lui donne avis de nouvelles machinations pour affaiblir nos armées: on ré¬" HEIGHT="42" HPOS="380" ID="string_tl_31" VPOS="1531" WIDTH="1303"/>
</TextLine>
<TextLine BASELINE="341 1611 1686 1611" HEIGHT="38" HPOS="341" ID="tl_32" VPOS="1573" WIDTH="1345">
<String CONTENT="forme d’anciens canonniers de bonne taille; une multitude de soldats courent les" HEIGHT="38" HPOS="341" ID="string_tl_32" VPOS="1573" WIDTH="1345"/>
</TextLine>
<TextLine BASELINE="339 1652 1685 1652" HEIGHT="41" HPOS="339" ID="tl_33" VPOS="1611" WIDTH="1346">
<String CONTENT="routes avec de faux billets d'hôpital, et l’on craint, ajoute-il, qu’ils n'aient ordre" HEIGHT="41" HPOS="339" ID="string_tl_33" VPOS="1611" WIDTH="1346"/>
</TextLine>
<TextLine BASELINE="338 1691 1684 1691" HEIGHT="41" HPOS="338" ID="tl_34" VPOS="1650" WIDTH="1346">
<String CONTENT="de se rassembler dans l’intérieur ou aux environs, pour nous distraire du grand" HEIGHT="41" HPOS="338" ID="string_tl_34" VPOS="1650" WIDTH="1346"/>
</TextLine>
<TextLine BASELINE="340 1732 778 1732" HEIGHT="39" HPOS="340" ID="tl_35" VPOS="1693" WIDTH="438">
<String CONTENT="coup que l’on va porter." HEIGHT="39" HPOS="340" ID="string_tl_35" VPOS="1693" WIDTH="438"/>
</TextLine>
</TextBlock>
<TextBlock HEIGHT="139" HPOS="215" ID="r_2_21" VPOS="1733" WIDTH="1469">
<Shape>
<Polygon POINTS="215 1733 1684 1734 1684 1872 215 1871"/>
</Shape>
<TextLine BASELINE="220 1782 1683 1782" HEIGHT="48" HPOS="220" ID="tl_36" VPOS="1734" WIDTH="1463">
<String CONTENT="4027 Leibnitz (God.-Guillaume), un des plus grands génies du" HEIGHT="48" HPOS="220" ID="string_tl_36" VPOS="1734" WIDTH="1463"/>
</TextLine>
<TextLine BASELINE="334 1826 1683 1826" HEIGHT="46" HPOS="334" ID="tl_37" VPOS="1780" WIDTH="1349">
<String CONTENT="XVIIe siècle. — L. a. s. à Mme de Brinon; Hanovre, 7-17 déc." HEIGHT="46" HPOS="334" ID="string_tl_37" VPOS="1780" WIDTH="1349"/>
</TextLine>
<TextLine BASELINE="337 1871 1682 1871" HEIGHT="46" HPOS="337" ID="tl_38" VPOS="1825" WIDTH="1345">
<String CONTENT="1691, 1 p. pl. in-4. Belle pièce. 55 »" HEIGHT="46" HPOS="337" ID="string_tl_38" VPOS="1825" WIDTH="1345"/>
</TextLine>
</TextBlock>
<TextBlock HEIGHT="308" HPOS="339" ID="r_2_22" VPOS="1869" WIDTH="1350">
<Shape>
<Polygon POINTS="339 1869 1689 1869 1689 2177 339 2177"/>
</Shape>
<TextLine BASELINE="383 1909 1687 1909" HEIGHT="39" HPOS="383" ID="tl_39" VPOS="1870" WIDTH="1304">
<String CONTENT="Relative aux négociations entre Bossuet et Pellisson, d’une pari, et Leibnitz et" HEIGHT="39" HPOS="383" ID="string_tl_39" VPOS="1870" WIDTH="1304"/>
</TextLine>
<TextLine BASELINE="342 1949 1685 1949" HEIGHT="40" HPOS="342" ID="tl_40" VPOS="1909" WIDTH="1343">
<String CONTENT="le théologien honovrien Molanus, de l’autre, pour la fusion des communions pro¬" HEIGHT="40" HPOS="342" ID="string_tl_40" VPOS="1909" WIDTH="1343"/>
</TextLine>
<TextLine BASELINE="340 1988 1687 1988" HEIGHT="40" HPOS="340" ID="tl_41" VPOS="1948" WIDTH="1347">
<String CONTENT="testante et catholique. Mme de Brinon, première, supérieure de Saint-Cyr, amie" HEIGHT="40" HPOS="340" ID="string_tl_41" VPOS="1948" WIDTH="1347"/>
</TextLine>
<TextLine BASELINE="342 2026 1688 2026" HEIGHT="39" HPOS="342" ID="tl_42" VPOS="1987" WIDTH="1346">
<String CONTENT="de Madame de Maintenon et pénitente de Bossuet, était l’intermédiaire. —" HEIGHT="39" HPOS="342" ID="string_tl_42" VPOS="1987" WIDTH="1346"/>
</TextLine>
<TextLine BASELINE="342 2065 1688 2065" HEIGHT="38" HPOS="342" ID="tl_43" VPOS="2027" WIDTH="1346">
<String CONTENT="Leibnitz lui adresse un écrit de l’abbé Molanus, en la priant de le faire tenir à" HEIGHT="38" HPOS="342" ID="string_tl_43" VPOS="2027" WIDTH="1346"/>
</TextLine>
<TextLine BASELINE="343 2105 1687 2105" HEIGHT="39" HPOS="343" ID="tl_44" VPOS="2066" WIDTH="1344">
<String CONTENT="l'évêque de Meaux, avec ses propres réflexions, de lui Leibnitz. Il supplie aussi" HEIGHT="39" HPOS="343" ID="string_tl_44" VPOS="2066" WIDTH="1344"/>
</TextLine>
<TextLine BASELINE="342 2145 1687 2145" HEIGHT="39" HPOS="342" ID="tl_45" VPOS="2106" WIDTH="1345">
<String CONTENT="cette dame de remettre une lettre à M. de Laroque, connu de Bossuet et de" HEIGHT="39" HPOS="342" ID="string_tl_45" VPOS="2106" WIDTH="1345"/>
</TextLine>
<TextLine BASELINE="342 2176 495 2176" HEIGHT="32" HPOS="342" ID="tl_46" VPOS="2144" WIDTH="153">
<String CONTENT="Pellisson." HEIGHT="32" HPOS="342" ID="string_tl_46" VPOS="2144" WIDTH="153"/>
</TextLine>
</TextBlock>
<TextBlock HEIGHT="47" HPOS="226" ID="r_2_23" VPOS="2188" WIDTH="1462">
<Shape>
<Polygon POINTS="226 2188 1688 2188 1688 2235 226 2235"/>
</Shape>
<TextLine BASELINE="227 2234 1687 2234" HEIGHT="45" HPOS="227" ID="tl_47" VPOS="2189" WIDTH="1460">
<String CONTENT="4028 Le Laboureur (Cl.), auteur des Mazures de l’Ile-Barbe. — Quit." HEIGHT="45" HPOS="227" ID="string_tl_47" VPOS="2189" WIDTH="1460"/>
</TextLine>
</TextBlock>
<TextBlock HEIGHT="93" HPOS="337" ID="r_2_24" VPOS="2232" WIDTH="1352">
<Shape>
<Polygon POINTS="337 2232 1689 2232 1689 2325 337 2325"/>
</Shape>
<TextLine BASELINE="338 2279 1688 2279" HEIGHT="46" HPOS="338" ID="tl_48" VPOS="2233" WIDTH="1350">
<String CONTENT="sig. de la pension que lui font les oratoriens de N.-D. de" HEIGHT="46" HPOS="338" ID="string_tl_48" VPOS="2233" WIDTH="1350"/>
</TextLine>
<TextLine BASELINE="339 2324 1686 2324" HEIGHT="47" HPOS="339" ID="tl_49" VPOS="2277" WIDTH="1347">
<String CONTENT="Grâce en Forez; Lyon, 1677, 1/2 p. in-8. Jolie pièce. 6 »" HEIGHT="47" HPOS="339" ID="string_tl_49" VPOS="2277" WIDTH="1347"/>
</TextLine>
</TextBlock>
<TextBlock HEIGHT="47" HPOS="225" ID="r_2_25" VPOS="2326" WIDTH="1463">
<Shape>
<Polygon POINTS="225 2326 1688 2326 1688 2373 225 2373"/>
</Shape>
<TextLine BASELINE="226 2372 1687 2372" HEIGHT="45" HPOS="226" ID="tl_50" VPOS="2327" WIDTH="1461">
<String CONTENT="4029 Loriquet (le Père), auteur d’une histoire de France restée" HEIGHT="45" HPOS="226" ID="string_tl_50" VPOS="2327" WIDTH="1461"/>
</TextLine>
</TextBlock>
<TextBlock HEIGHT="92" HPOS="338" ID="r_2_26" VPOS="2370" WIDTH="1353">
<Shape>
<Polygon POINTS="338 2370 1691 2370 1691 2462 338 2462"/>
</Shape>
<TextLine BASELINE="340 2418 1689 2418" HEIGHT="47" HPOS="340" ID="tl_51" VPOS="2371" WIDTH="1349">
<String CONTENT="fameuse. — Certificat aut. sig.; St-Acheul, 1825, in-8. Jolie" HEIGHT="47" HPOS="340" ID="string_tl_51" VPOS="2371" WIDTH="1349"/>
</TextLine>
<TextLine BASELINE="339 2461 1690 2461" HEIGHT="45" HPOS="339" ID="tl_52" VPOS="2416" WIDTH="1351">
<String CONTENT="pièce, avec le timbre de Saint-Acheul. 4 50" HEIGHT="45" HPOS="339" ID="string_tl_52" VPOS="2416" WIDTH="1351"/>
</TextLine>
</TextBlock>
<TextBlock HEIGHT="47" HPOS="226" ID="r_2_27" VPOS="2465" WIDTH="1465">
<Shape>
<Polygon POINTS="226 2465 1691 2465 1691 2512 226 2512"/>
</Shape>
<TextLine BASELINE="227 2511 1690 2511" HEIGHT="45" HPOS="227" ID="tl_53" VPOS="2466" WIDTH="1463">
<String CONTENT="4030 Louvet (J.-B.), conventionnel, non moins célèbre comme au¬" HEIGHT="45" HPOS="227" ID="string_tl_53" VPOS="2466" WIDTH="1463"/>
</TextLine>
</TextBlock>
<TextBlock HEIGHT="171" HPOS="338" ID="r_2_28" VPOS="2509" WIDTH="1357">
<Shape>
<Polygon POINTS="338 2509 1695 2509 1695 2680 338 2680"/>
</Shape>
<TextLine BASELINE="339 2557 1691 2557" HEIGHT="47" HPOS="339" ID="tl_54" VPOS="2510" WIDTH="1352">
<String CONTENT="tour de Faublas que par ses persistantes accusations contre" HEIGHT="47" HPOS="339" ID="string_tl_54" VPOS="2510" WIDTH="1352"/>
</TextLine>
<TextLine BASELINE="340 2600 1690 2600" HEIGHT="46" HPOS="340" ID="tl_55" VPOS="2554" WIDTH="1350">
<String CONTENT="Robespierre. Arrêté du Comité de Salut public sig. de lui," HEIGHT="46" HPOS="340" ID="string_tl_55" VPOS="2554" WIDTH="1350"/>
</TextLine>
<TextLine BASELINE="341 2646 1694 2646" HEIGHT="47" HPOS="341" ID="tl_56" VPOS="2599" WIDTH="1353">
<String CONTENT="de Doulcet et de J. Debry ; an III, 1 p. in-4, vignette et cachet" HEIGHT="47" HPOS="341" ID="string_tl_56" VPOS="2599" WIDTH="1353"/>
</TextLine>
<TextLine BASELINE="342 2679 1689 2679" HEIGHT="36" HPOS="342" ID="tl_57" VPOS="2643" WIDTH="1347">
<String CONTENT="du Comité. 5 »" HEIGHT="36" HPOS="342" ID="string_tl_57" VPOS="2643" WIDTH="1347"/>
</TextLine>
</TextBlock>
<GraphicalElement HEIGHT="432" HPOS="1848" ID="r_3" VPOS="9" WIDTH="2"/>
</PrintSpace>
</Page>
</Layout>
</alto>