1793 3007
726 170 169 38 - 8 -

84 267 1451 52 Belhaven. Elles se composent d’un meuble en ivoire orné de dessins en

84 317 1453 53 écaille, d’environ quatre pieds de hauteur; d’une bourse faite des

85 367 1452 53 propres mains de Marie Suart, et portant en relief, en fil d’or, une

84 419 1451 49 couronne, un sceptre, une épée et ces mots: « Dieu sauve le roi

82 467 1452 52 Jacques ! » d’un morceau d’hostie, conservé dans une cassette, et qui

83 516 1456 52 serait un fragment de celle que Marie aurait prise en recevant sa der¬

85 565 1450 54 nière communion ; enfin, d’une tresse de ses cheveux. Une relique qui

84 615 1453 53 irait fort bien avec celles-ci, et qui du moins a le mérite d’une au¬

83 665 1451 52 thenticité irrécusable, c’est la dernière lettre écrite par Marie Stuart,

85 714 1452 50 la veille de son exécution, et terminée au moment de monter sur l’é¬

83 763 1454 55 chaffaud. Celle précieuse lettre fait partie de la collection d’autographes

83 813 468 41 d’un amateur de Paris.

134 917 1404 52 — On a trouvé, il y a quelque temps, dans l’élude d’un notaire de

84 964 1451 55 Château-Thierry, des papiers très-intéressants relatifs à La Fontaine,

84 1017 1454 53 au nombre desquels est son testament Ces papiers étaient mêlés à de

83 1066 1453 54 vieilles minutes que le notaire avilit fait descendre du grenier, et qui

83 1116 1451 53 gisaient depuis plusieurs mois sous un table, quand un de ses amis,

82 1168 1455 51 amateur parisien, eut l’idée d’y fouiller. Il découvrit les précieux do¬

83 1217 1454 52 cuments, dont peut s'enorgueillir aujourd’hui le notaire de Château¬

81 1265 1455 58 Thierry, mais qui, sans ce hasard, seraient peut-être à jamais perdus

82 1316 493 51 pour l’histoire littéraire.

132 1421 1405 52 — Un de nos abonnés nous écrit à propos de notre procès : « Quant

83 1470 1453 64 aux droits des notaires de revendiquer leurs minutes à perpétuité, ils

81 1519 1453 54 devraient en déduire l’obligation de les conserver avec soin. J’ai eu,

83 1569 1451 51 l’année dernière, à faire des recherches dans une étude de Paris, où

81 1622 1454 51 une partie des minutes sont entassées pêle-mêle dans un cabinet noir

81 1671 1453 51 servant de débarras. Après de longues recherches, il a été reconnu que

84 1718 1449 55 les actes dont j’avais besoin faisaient, partie d’un trimestre du siècle

82 1768 586 53 dernier, dévoré par les rats.

132 1869 1402 53 — Nous croyons devoir donner le concours de notre publicité à

82 1917 1235 52 l’avis suivant inséré dans le Journal officiel du 28 février :

134 1984 1399 53 « Le cinquième registre des Conférences de l’Académie royale

84 2034 1450 53 « d’architecture manque depuis plusieurs années aux archives de

86 2083 1444 52 « l’Institut. Ce volume est in-folio, manuscrit, relié en parchemin

84 2134 1447 52 « blanc, doré sur tranche, fileté or; il porte sur ses plats l’écusson royal

85 2184 1448 52 « entouré du collier de l’ordre du Saint-Esprit, et sur le dos des fleurs

85 2233 1446 52 « de lis, avec l’étiquette manuscrite suivante : Académie d’architec¬

85 2285 1448 49 « turc, registre 1711 à 1723. — Le bibliothécaire ou toute autre

86 2334 1448 53 « personne qui auraient connaissance de ce registre sont priés de

86 2383 1228 42 « vouloir bien en donner avis au secrétariat de l’Institut. »

129 2483 1402 51 — Le propriétaire actuel du château de Saint-Brice, près de Rennes,

80 2531 1454 53 vient de donner aux archives départementales d’Ille-et-Vilaine les

81 2582 1454 53 titres et tous les registres de la justice féodale de cette ancienne

79 2631 218 51 seigneurie-
