<?xml version="1.0" encoding="utf-8"?>
<alto xmlns="http://www.loc.gov/standards/alto/ns-v4#" xmlns:xsi="http://www.w3.org/2001/XMLSchema-instance" xsi:schemaLocation="http://www.loc.gov/standards/alto/ns-v4# https://gitlab.inria.fr/scripta/escriptorium/-/raw/develop/app/escriptorium/static/alto-4-1-baselines.xsd">
<Description>
<MeasurementUnit>pixel</MeasurementUnit><sourceImageInformation><fileName>2-REV DES AUTO 1868-69 OCR-73.png</fileName></sourceImageInformation>
<OCRProcessing ID="IdOcr">
<ocrProcessingStep>
<processingDateTime>2020-10-31T11:20:24.561+01:00</processingDateTime>
<processingSoftware>
<softwareCreator>READ COOP</softwareCreator>
<softwareName>Transkribus</softwareName>
</processingSoftware>
</ocrProcessingStep>
</OCRProcessing>
</Description>
<Layout>
<Page HEIGHT="3007" ID="Page1" PHYSICAL_IMG_NR="1" WIDTH="1793">
<TopMargin HEIGHT="148" HPOS="0" VPOS="0" WIDTH="1793"/>
<LeftMargin HEIGHT="2504" HPOS="0" VPOS="148" WIDTH="162"/>
<RightMargin HEIGHT="2504" HPOS="1672" VPOS="148" WIDTH="121"/>
<BottomMargin HEIGHT="355" HPOS="0" VPOS="2652" WIDTH="1793"/>
<PrintSpace HEIGHT="2504" HPOS="162" VPOS="148" WIDTH="1510">
<TextBlock HEIGHT="56" HPOS="814" ID="region_1533112471741_1" VPOS="165" WIDTH="192">
<Shape>
<Polygon POINTS="814 165 1006 165 1006 221 814 221"/>
</Shape>
<TextLine BASELINE="822 217 997 217" HEIGHT="52" HPOS="822" ID="line_1533112483461_2" VPOS="165" WIDTH="175">
<String CONTENT="- 9 -" HEIGHT="52" HPOS="822" ID="string_line_1533112483461_2" VPOS="165" WIDTH="175"/>
</TextLine>
</TextBlock>
<TextBlock HEIGHT="131" HPOS="283" ID="r_1_1" VPOS="268" WIDTH="1356">
<Shape>
<Polygon POINTS="283 268 1639 268 1639 399 283 399"/>
</Shape>
<TextLine BASELINE="284 316 1636 316" HEIGHT="47" HPOS="284" ID="tl_1" VPOS="269" WIDTH="1352">
<String CONTENT="Quatrain aut. sig. à Baculard d’Arnaud, (sur ses Epreuves du" HEIGHT="47" HPOS="284" ID="string_tl_1" VPOS="269" WIDTH="1352"/>
</TextLine>
<TextLine BASELINE="286 361 1638 361" HEIGHT="47" HPOS="286" ID="tl_2" VPOS="314" WIDTH="1352">
<String CONTENT="Sentiment), mars 1768, 1 p. in-8. Jolie pièce avec encadrement" HEIGHT="47" HPOS="286" ID="string_tl_2" VPOS="314" WIDTH="1352"/>
</TextLine>
<TextLine BASELINE="286 398 1638 398" HEIGHT="33" HPOS="286" ID="tl_3" VPOS="365" WIDTH="1352">
<String CONTENT="rose. 2 50" HEIGHT="33" HPOS="286" ID="string_tl_3" VPOS="365" WIDTH="1352"/>
</TextLine>
</TextBlock>
<TextBlock HEIGHT="100" HPOS="174" ID="r_1_2" VPOS="401" WIDTH="1463">
<Shape>
<Polygon POINTS="174 401 1637 401 1637 501 174 501"/>
</Shape>
<TextLine BASELINE="175 452 1636 452" HEIGHT="50" HPOS="175" ID="tl_4" VPOS="402" WIDTH="1461">
<String CONTENT="4337 Bréa (le général de), assassiné pendant les journées de juin" HEIGHT="50" HPOS="175" ID="string_tl_4" VPOS="402" WIDTH="1461"/>
</TextLine>
<TextLine BASELINE="292 500 1634 500" HEIGHT="53" HPOS="292" ID="tl_5" VPOS="447" WIDTH="1342">
<String CONTENT="1848. — L. a. s. à M. Bacqua (à Nantes), 1847, 2p. in-8. 3 »" HEIGHT="53" HPOS="292" ID="string_tl_5" VPOS="447" WIDTH="1342"/>
</TextLine>
</TextBlock>
<TextBlock HEIGHT="56" HPOS="175" ID="r_1_3" VPOS="491" WIDTH="1464">
<Shape>
<Polygon POINTS="175 491 1639 491 1639 547 175 547"/>
</Shape>
<TextLine BASELINE="176 546 1638 546" HEIGHT="54" HPOS="176" ID="tl_6" VPOS="492" WIDTH="1462">
<String CONTENT="4338 Breschet (Gilbert), savant anatomiste et physiologiste, de" HEIGHT="54" HPOS="176" ID="string_tl_6" VPOS="492" WIDTH="1462"/>
</TextLine>
</TextBlock>
<TextBlock HEIGHT="94" HPOS="286" ID="r_1_4" VPOS="533" WIDTH="1353">
<Shape>
<Polygon POINTS="286 533 1639 533 1639 627 286 627"/>
</Shape>
<TextLine BASELINE="287 582 1637 582" HEIGHT="48" HPOS="287" ID="tl_7" VPOS="534" WIDTH="1350">
<String CONTENT="l’Institut, né à Clermont-Ferrand. — L. a. s. à Ach. Comte," HEIGHT="48" HPOS="287" ID="string_tl_7" VPOS="534" WIDTH="1350"/>
</TextLine>
<TextLine BASELINE="291 626 1638 626" HEIGHT="48" HPOS="291" ID="tl_8" VPOS="578" WIDTH="1347">
<String CONTENT="19 juil. 1832, 4 p. in-8. 2 50" HEIGHT="48" HPOS="291" ID="string_tl_8" VPOS="578" WIDTH="1347"/>
</TextLine>
</TextBlock>
<TextBlock HEIGHT="80" HPOS="294" ID="r_1_5" VPOS="624" WIDTH="1346">
<Shape>
<Polygon POINTS="294 624 1640 624 1640 704 294 704"/>
</Shape>
<TextLine BASELINE="333 666 1639 666" HEIGHT="41" HPOS="333" ID="tl_9" VPOS="625" WIDTH="1306">
<String CONTENT="Epître très-intéressante relative à son Mémoire sur l'Œuf, et aux services" HEIGHT="41" HPOS="333" ID="string_tl_9" VPOS="625" WIDTH="1306"/>
</TextLine>
<TextLine BASELINE="295 703 1453 703" HEIGHT="39" HPOS="295" ID="tl_10" VPOS="664" WIDTH="1158">
<String CONTENT="qu’il a rendus, lui et ses collègues de l'Hôtel-Dieu, pendant le choléra." HEIGHT="39" HPOS="295" ID="string_tl_10" VPOS="664" WIDTH="1158"/>
</TextLine>
</TextBlock>
<TextBlock HEIGHT="93" HPOS="177" ID="r_1_6" VPOS="702" WIDTH="1460">
<Shape>
<Polygon POINTS="177 702 1637 702 1637 795 177 795"/>
</Shape>
<TextLine BASELINE="178 748 1636 748" HEIGHT="45" HPOS="178" ID="tl_11" VPOS="703" WIDTH="1458">
<String CONTENT="4339 Brial (Dom), savant bénédictin, de l’Acad. des insc., un des" HEIGHT="45" HPOS="178" ID="string_tl_11" VPOS="703" WIDTH="1458"/>
</TextLine>
<TextLine BASELINE="288 794 1633 794" HEIGHT="48" HPOS="288" ID="tl_12" VPOS="746" WIDTH="1345">
<String CONTENT="éditeurs du Recueil des Historiens des Gaules, né à Perpignan. —" HEIGHT="48" HPOS="288" ID="string_tl_12" VPOS="746" WIDTH="1345"/>
</TextLine>
</TextBlock>
<TextBlock HEIGHT="49" HPOS="290" ID="r_1_7" VPOS="789" WIDTH="1347">
<Shape>
<Polygon POINTS="290 789 1637 789 1637 838 290 838"/>
</Shape>
<TextLine BASELINE="291 837 1636 837" HEIGHT="47" HPOS="291" ID="tl_13" VPOS="790" WIDTH="1345">
<String CONTENT="L. a. s., 1825, 1/2 p. in-4. 2 »" HEIGHT="47" HPOS="291" ID="string_tl_13" VPOS="790" WIDTH="1345"/>
</TextLine>
</TextBlock>
<TextBlock HEIGHT="182" HPOS="179" ID="r_1_8" VPOS="834" WIDTH="1461">
<Shape>
<Polygon POINTS="179 834 1640 834 1640 1016 179 1016"/>
</Shape>
<TextLine BASELINE="180 882 1637 882" HEIGHT="47" HPOS="180" ID="tl_14" VPOS="835" WIDTH="1457">
<String CONTENT="4340 Brissot (Jacq.-Pierre ), célèbre publiciste et conventionnel," HEIGHT="47" HPOS="180" ID="string_tl_14" VPOS="835" WIDTH="1457"/>
</TextLine>
<TextLine BASELINE="292 927 1637 927" HEIGHT="49" HPOS="292" ID="tl_15" VPOS="878" WIDTH="1345">
<String CONTENT="chef du parti de la Gironde, né près de Chartres, décapité en" HEIGHT="49" HPOS="292" ID="string_tl_15" VPOS="878" WIDTH="1345"/>
</TextLine>
<TextLine BASELINE="294 971 1638 971" HEIGHT="48" HPOS="294" ID="tl_16" VPOS="923" WIDTH="1344">
<String CONTENT="1793. — L. a. s. à miss Cappet, (américaine) ; Paris, 3 nov." HEIGHT="48" HPOS="294" ID="string_tl_16" VPOS="923" WIDTH="1344"/>
</TextLine>
<TextLine BASELINE="295 1015 1639 1015" HEIGHT="46" HPOS="295" ID="tl_17" VPOS="969" WIDTH="1344">
<String CONTENT="1786,3 p. in-4. Légère déchirure par la rupture du cachet. 25 »" HEIGHT="46" HPOS="295" ID="string_tl_17" VPOS="969" WIDTH="1344"/>
</TextLine>
</TextBlock>
<TextBlock HEIGHT="269" HPOS="298" ID="r_1_9" VPOS="1012" WIDTH="1347">
<Shape>
<Polygon POINTS="298 1012 1645 1012 1645 1281 298 1281"/>
</Shape>
<TextLine BASELINE="339 1054 1642 1054" HEIGHT="41" HPOS="339" ID="tl_18" VPOS="1013" WIDTH="1303">
<String CONTENT="Curieuse épitre en français et en anglais, dans laquelle il prend la qualité de" HEIGHT="41" HPOS="339" ID="string_tl_18" VPOS="1013" WIDTH="1303"/>
</TextLine>
<TextLine BASELINE="299 1095 1640 1095" HEIGHT="43" HPOS="299" ID="tl_19" VPOS="1052" WIDTH="1341">
<String CONTENT="Secrétaire général de la Chancellerie d’Orléans, et toute relative à son pam¬" HEIGHT="43" HPOS="299" ID="string_tl_19" VPOS="1052" WIDTH="1341"/>
</TextLine>
<TextLine BASELINE="301 1132 1641 1132" HEIGHT="42" HPOS="301" ID="tl_20" VPOS="1090" WIDTH="1340">
<String CONTENT="phlet sur les Quakers. Il aime les Quakers, et il espère faire un voyage en Amé¬" HEIGHT="42" HPOS="301" ID="string_tl_20" VPOS="1090" WIDTH="1340"/>
</TextLine>
<TextLine BASELINE="300 1171 1644 1171" HEIGHT="41" HPOS="300" ID="tl_21" VPOS="1130" WIDTH="1344">
<String CONTENT="rique pour les visiter. S’ils se montraient moins complaisants pour la tyrannie, il" HEIGHT="41" HPOS="300" ID="string_tl_21" VPOS="1130" WIDTH="1344"/>
</TextLine>
<TextLine BASELINE="300 1210 1643 1210" HEIGHT="41" HPOS="300" ID="tl_22" VPOS="1169" WIDTH="1343">
<String CONTENT="n'hésiterait pas à se faire recevoir parmi eux ; mais, pour cela, Dieu a mis dans" HEIGHT="41" HPOS="300" ID="string_tl_22" VPOS="1169" WIDTH="1343"/>
</TextLine>
<TextLine BASELINE="301 1249 1641 1249" HEIGHT="39" HPOS="301" ID="tl_23" VPOS="1210" WIDTH="1340">
<String CONTENT="son âme une trop forte aversion pour le despotisme. Détails intéressants sur sa" HEIGHT="39" HPOS="301" ID="string_tl_23" VPOS="1210" WIDTH="1340"/>
</TextLine>
<TextLine BASELINE="299 1280 654 1280" HEIGHT="32" HPOS="299" ID="tl_24" VPOS="1248" WIDTH="355">
<String CONTENT="femme et ses enfants." HEIGHT="32" HPOS="299" ID="string_tl_24" VPOS="1248" WIDTH="355"/>
</TextLine>
</TextBlock>
<TextBlock HEIGHT="47" HPOS="184" ID="r_1_10" VPOS="1286" WIDTH="1459">
<Shape>
<Polygon POINTS="184 1286 1643 1286 1643 1333 184 1333"/>
</Shape>
<TextLine BASELINE="185 1332 1642 1332" HEIGHT="45" HPOS="185" ID="tl_25" VPOS="1287" WIDTH="1457">
<String CONTENT="4341 Burr (Aaron ), vice-président des Etats-Unis. — L. a. s. au" HEIGHT="45" HPOS="185" ID="string_tl_25" VPOS="1287" WIDTH="1457"/>
</TextLine>
</TextBlock>
<TextBlock HEIGHT="50" HPOS="295" ID="r_1_11" VPOS="1329" WIDTH="1349">
<Shape>
<Polygon POINTS="295 1329 1644 1329 1644 1379 295 1379"/>
</Shape>
<TextLine BASELINE="296 1378 1643 1378" HEIGHT="48" HPOS="296" ID="tl_26" VPOS="1330" WIDTH="1347">
<String CONTENT="colonel S. Ogden; New-York, 14 av. 1801, 1 p. in-4. 6 »" HEIGHT="48" HPOS="296" ID="string_tl_26" VPOS="1330" WIDTH="1347"/>
</TextLine>
</TextBlock>
<TextBlock HEIGHT="47" HPOS="184" ID="r_1_12" VPOS="1376" WIDTH="1462">
<Shape>
<Polygon POINTS="184 1376 1646 1376 1646 1423 184 1423"/>
</Shape>
<TextLine BASELINE="185 1422 1645 1422" HEIGHT="45" HPOS="185" ID="tl_27" VPOS="1377" WIDTH="1460">
<String CONTENT="4342 Canova (Ant.), illustre statuaire italien. — L. a. s. à Dom." HEIGHT="45" HPOS="185" ID="string_tl_27" VPOS="1377" WIDTH="1460"/>
</TextLine>
</TextBlock>
<TextBlock HEIGHT="49" HPOS="298" ID="r_1_13" VPOS="1419" WIDTH="1349">
<Shape>
<Polygon POINTS="298 1419 1647 1419 1647 1468 298 1468"/>
</Shape>
<TextLine BASELINE="299 1467 1646 1467" HEIGHT="47" HPOS="299" ID="tl_28" VPOS="1420" WIDTH="1347">
<String CONTENT="Selva; Rome, 11 déc. 1816, 1 p. in-4. 4 »" HEIGHT="47" HPOS="299" ID="string_tl_28" VPOS="1420" WIDTH="1347"/>
</TextLine>
</TextBlock>
<TextBlock HEIGHT="57" HPOS="186" ID="r_1_14" VPOS="1464" WIDTH="1463">
<Shape>
<Polygon POINTS="186 1464 1649 1464 1649 1521 186 1521"/>
</Shape>
<TextLine BASELINE="187 1520 1648 1520" HEIGHT="55" HPOS="187" ID="tl_29" VPOS="1465" WIDTH="1461">
<String CONTENT="4343 Capiton (Wolfgang), un des plus éminents disciples de" HEIGHT="55" HPOS="187" ID="string_tl_29" VPOS="1465" WIDTH="1461"/>
</TextLine>
</TextBlock>
<TextBlock HEIGHT="180" HPOS="297" ID="r_1_15" VPOS="1508" WIDTH="1356">
<Shape>
<Polygon POINTS="297 1508 1653 1508 1653 1688 297 1688"/>
</Shape>
<TextLine BASELINE="298 1555 1652 1555" HEIGHT="46" HPOS="298" ID="tl_30" VPOS="1509" WIDTH="1354">
<String CONTENT="Luther, ami de Bucer et d’Œcolampade, dont il épousa la" HEIGHT="46" HPOS="298" ID="string_tl_30" VPOS="1509" WIDTH="1354"/>
</TextLine>
<TextLine BASELINE="298 1596 1651 1596" HEIGHT="42" HPOS="298" ID="tl_31" VPOS="1554" WIDTH="1353">
<String CONTENT="veuve, né en Alsace. — Let. en allemand, écrite en caractères" HEIGHT="42" HPOS="298" ID="string_tl_31" VPOS="1554" WIDTH="1353"/>
</TextLine>
<TextLine BASELINE="301 1643 1652 1643" HEIGHT="45" HPOS="301" ID="tl_32" VPOS="1598" WIDTH="1351">
<String CONTENT="romains, sig. de Wolfgang Capiton, de Martin Bucer et de Gaspard" HEIGHT="45" HPOS="301" ID="string_tl_32" VPOS="1598" WIDTH="1351"/>
</TextLine>
<TextLine BASELINE="301 1687 1651 1687" HEIGHT="44" HPOS="301" ID="tl_33" VPOS="1643" WIDTH="1350">
<String CONTENT="Hédio, (vers 1535), 3 p. 1/2 in-f. Magnifique pièce. 65 »" HEIGHT="44" HPOS="301" ID="string_tl_33" VPOS="1643" WIDTH="1350"/>
</TextLine>
</TextBlock>
<TextBlock HEIGHT="51" HPOS="189" ID="r_1_16" VPOS="1690" WIDTH="1467">
<Shape>
<Polygon POINTS="189 1690 1656 1690 1656 1741 189 1741"/>
</Shape>
<TextLine BASELINE="190 1740 1655 1740" HEIGHT="49" HPOS="190" ID="tl_34" VPOS="1691" WIDTH="1465">
<String CONTENT="4344 Capoul (Victor), célèbre chanteur de l’Opéra. — L. a. s. à" HEIGHT="49" HPOS="190" ID="string_tl_34" VPOS="1691" WIDTH="1465"/>
</TextLine>
</TextBlock>
<TextBlock HEIGHT="48" HPOS="301" ID="r_1_17" VPOS="1735" WIDTH="1355">
<Shape>
<Polygon POINTS="301 1735 1656 1735 1656 1783 301 1783"/>
</Shape>
<TextLine BASELINE="302 1782 1655 1782" HEIGHT="46" HPOS="302" ID="tl_35" VPOS="1736" WIDTH="1353">
<String CONTENT="M. d’Hormoy, 1/2 p. in-8. 1 50" HEIGHT="46" HPOS="302" ID="string_tl_35" VPOS="1736" WIDTH="1353"/>
</TextLine>
</TextBlock>
<TextBlock HEIGHT="48" HPOS="190" ID="r_1_18" VPOS="1784" WIDTH="1467">
<Shape>
<Polygon POINTS="190 1784 1657 1784 1657 1832 190 1832"/>
</Shape>
<TextLine BASELINE="191 1831 1656 1831" HEIGHT="46" HPOS="191" ID="tl_36" VPOS="1785" WIDTH="1465">
<String CONTENT="4345 Caraccioli (L.-Ant.), fécond écrivain du XVIIIe siècle, auteur" HEIGHT="46" HPOS="191" ID="string_tl_36" VPOS="1785" WIDTH="1465"/>
</TextLine>
</TextBlock>
<TextBlock HEIGHT="127" HPOS="302" ID="r_1_19" VPOS="1829" WIDTH="1358">
<Shape>
<Polygon POINTS="302 1829 1660 1829 1660 1956 302 1956"/>
</Shape>
<TextLine BASELINE="303 1875 1655 1875" HEIGHT="45" HPOS="303" ID="tl_37" VPOS="1830" WIDTH="1352">
<String CONTENT="des fameuses Lettres du pape Gaganelli, Clément XIV. — L. a. s." HEIGHT="45" HPOS="303" ID="string_tl_37" VPOS="1830" WIDTH="1352"/>
</TextLine>
<TextLine BASELINE="304 1920 1659 1920" HEIGHT="46" HPOS="304" ID="tl_38" VPOS="1874" WIDTH="1355">
<String CONTENT="au libraire Maradan ; Paris, 7 sept. 1790 , 3 p. in-4, cachet à" HEIGHT="46" HPOS="304" ID="string_tl_38" VPOS="1874" WIDTH="1355"/>
</TextLine>
<TextLine BASELINE="303 1955 1653 1955" HEIGHT="34" HPOS="303" ID="tl_39" VPOS="1921" WIDTH="1350">
<String CONTENT="ses armes. 3 »" HEIGHT="34" HPOS="303" ID="string_tl_39" VPOS="1921" WIDTH="1350"/>
</TextLine>
</TextBlock>
<TextBlock HEIGHT="80" HPOS="309" ID="r_1_20" VPOS="1962" WIDTH="1350">
<Shape>
<Polygon POINTS="309 1962 1659 1962 1659 2042 309 2042"/>
</Shape>
<TextLine BASELINE="350 2002 1658 2002" HEIGHT="39" HPOS="350" ID="tl_40" VPOS="1963" WIDTH="1308">
<String CONTENT="Il lui propose une Vie de Franklin, qu’il regarde comme un des auteurs de la" HEIGHT="39" HPOS="350" ID="string_tl_40" VPOS="1963" WIDTH="1308"/>
</TextLine>
<TextLine BASELINE="310 2041 657 2041" HEIGHT="37" HPOS="310" ID="tl_41" VPOS="2004" WIDTH="347">
<String CONTENT="Révolution française." HEIGHT="37" HPOS="310" ID="string_tl_41" VPOS="2004" WIDTH="347"/>
</TextLine>
</TextBlock>
<TextBlock HEIGHT="49" HPOS="194" ID="r_1_21" VPOS="2043" WIDTH="1468">
<Shape>
<Polygon POINTS="194 2043 1662 2043 1662 2092 194 2092"/>
</Shape>
<TextLine BASELINE="195 2091 1661 2091" HEIGHT="47" HPOS="195" ID="tl_42" VPOS="2044" WIDTH="1466">
<String CONTENT="4346 Cassini de Thury (César-Fr.), célèbre astronome, directeur" HEIGHT="47" HPOS="195" ID="string_tl_42" VPOS="2044" WIDTH="1466"/>
</TextLine>
</TextBlock>
<TextBlock HEIGHT="94" HPOS="304" ID="r_1_22" VPOS="2088" WIDTH="1355">
<Shape>
<Polygon POINTS="304 2088 1659 2088 1659 2182 304 2182"/>
</Shape>
<TextLine BASELINE="305 2135 1658 2135" HEIGHT="46" HPOS="305" ID="tl_43" VPOS="2089" WIDTH="1353">
<String CONTENT="de l’Observatoire, auteur de la grande carte de France. —" HEIGHT="46" HPOS="305" ID="string_tl_43" VPOS="2089" WIDTH="1353"/>
</TextLine>
<TextLine BASELINE="308 2181 1656 2181" HEIGHT="46" HPOS="308" ID="tl_44" VPOS="2135" WIDTH="1348">
<String CONTENT="Mémoire aut. ; 4 p. in-4. 5 »" HEIGHT="46" HPOS="308" ID="string_tl_44" VPOS="2135" WIDTH="1348"/>
</TextLine>
</TextBlock>
<TextBlock HEIGHT="120" HPOS="312" ID="r_1_23" VPOS="2177" WIDTH="1348">
<Shape>
<Polygon POINTS="312 2177 1660 2177 1660 2297 312 2297"/>
</Shape>
<TextLine BASELINE="353 2219 1659 2219" HEIGHT="41" HPOS="353" ID="tl_45" VPOS="2178" WIDTH="1306">
<String CONTENT="Ce mémoire a pour titre : Sur le degré de précision que l'on doit attendre" HEIGHT="41" HPOS="353" ID="string_tl_45" VPOS="2178" WIDTH="1306"/>
</TextLine>
<TextLine BASELINE="314 2256 1657 2256" HEIGHT="38" HPOS="314" ID="tl_46" VPOS="2218" WIDTH="1343">
<String CONTENT="des Instruments de l'Observatoire de Paris. — On a joint à cette pièce un" HEIGHT="38" HPOS="314" ID="string_tl_46" VPOS="2218" WIDTH="1343"/>
</TextLine>
<TextLine BASELINE="313 2296 759 2296" HEIGHT="38" HPOS="313" ID="tl_47" VPOS="2258" WIDTH="446">
<String CONTENT="reçu de dix lignes aut. sig." HEIGHT="38" HPOS="313" ID="string_tl_47" VPOS="2258" WIDTH="446"/>
</TextLine>
</TextBlock>
<TextBlock HEIGHT="48" HPOS="195" ID="r_1_24" VPOS="2299" WIDTH="1465">
<Shape>
<Polygon POINTS="195 2299 1660 2299 1660 2347 195 2347"/>
</Shape>
<TextLine BASELINE="196 2346 1659 2346" HEIGHT="46" HPOS="196" ID="tl_48" VPOS="2300" WIDTH="1463">
<String CONTENT="4347 Cassini (J.-Dom.), Gis du précédent, astronome, directeur de" HEIGHT="46" HPOS="196" ID="string_tl_48" VPOS="2300" WIDTH="1463"/>
</TextLine>
</TextBlock>
<TextBlock HEIGHT="94" HPOS="307" ID="r_1_25" VPOS="2343" WIDTH="1351">
<Shape>
<Polygon POINTS="307 2343 1658 2343 1658 2437 307 2437"/>
</Shape>
<TextLine BASELINE="308 2388 1657 2388" HEIGHT="44" HPOS="308" ID="tl_49" VPOS="2344" WIDTH="1349">
<String CONTENT="l’Observatoire, continuateur de la carte de France. — L. a. s." HEIGHT="44" HPOS="308" ID="string_tl_49" VPOS="2344" WIDTH="1349"/>
</TextLine>
<TextLine BASELINE="311 2436 1657 2436" HEIGHT="47" HPOS="311" ID="tl_50" VPOS="2389" WIDTH="1346">
<String CONTENT="à son père, 12 juin 1777, 1 p. in-4. Curieuse. 3 »" HEIGHT="47" HPOS="311" ID="string_tl_50" VPOS="2389" WIDTH="1346"/>
</TextLine>
</TextBlock>
<TextBlock HEIGHT="50" HPOS="197" ID="r_1_26" VPOS="2436" WIDTH="1463">
<Shape>
<Polygon POINTS="197 2436 1660 2436 1660 2486 197 2486"/>
</Shape>
<TextLine BASELINE="198 2485 1659 2485" HEIGHT="48" HPOS="198" ID="tl_51" VPOS="2437" WIDTH="1461">
<String CONTENT="4348 Casti (J.-B.), célèbre poète héroïque et satirique italien," HEIGHT="48" HPOS="198" ID="string_tl_51" VPOS="2437" WIDTH="1461"/>
</TextLine>
</TextBlock>
<TextBlock HEIGHT="93" HPOS="310" ID="r_1_27" VPOS="2480" WIDTH="1351">
<Shape>
<Polygon POINTS="310 2480 1661 2480 1661 2573 310 2573"/>
</Shape>
<TextLine BASELINE="311 2533 1660 2533" HEIGHT="52" HPOS="311" ID="tl_52" VPOS="2481" WIDTH="1349">
<String CONTENT="auteur des Animaux parlants. — L. a. s. à un ami; (Paris)," HEIGHT="52" HPOS="311" ID="string_tl_52" VPOS="2481" WIDTH="1349"/>
</TextLine>
<TextLine BASELINE="314 2572 1659 2572" HEIGHT="44" HPOS="314" ID="tl_53" VPOS="2528" WIDTH="1345">
<String CONTENT="17 fructidor, 1 p. pl. in-8. Rare. 15 »" HEIGHT="44" HPOS="314" ID="string_tl_53" VPOS="2528" WIDTH="1345"/>
</TextLine>
</TextBlock>
<TextBlock HEIGHT="74" HPOS="316" ID="r_1_28" VPOS="2570" WIDTH="1346">
<Shape>
<Polygon POINTS="316 2570 1662 2570 1662 2644 316 2644"/>
</Shape>
<TextLine BASELINE="357 2612 1661 2612" HEIGHT="41" HPOS="357" ID="tl_54" VPOS="2571" WIDTH="1304">
<String CONTENT="Très spirituelle épitre, écrite dans sa vieillesse, pendant son séjour à Paris, où" HEIGHT="41" HPOS="357" ID="string_tl_54" VPOS="2571" WIDTH="1304"/>
</TextLine>
<TextLine BASELINE="317 2643 479 2643" HEIGHT="30" HPOS="317" ID="tl_55" VPOS="2613" WIDTH="162">
<String CONTENT="il mourut." HEIGHT="30" HPOS="317" ID="string_tl_55" VPOS="2613" WIDTH="162"/>
</TextLine>
</TextBlock>
</PrintSpace>
</Page>
</Layout>
</alto>