1793 3007
714 170 168 38 - 3 -

72 268 1450 53 locuteur, qui fronça le sourcil, et donna quelques détails sur ce person¬

73 319 1445 52 nage. M. Chasles en parut vivement frappé. C’est alors, sans doute,

72 369 1448 51 qu’il s’adressa à M. le Préfet de police. Lucas fut surveillé et arrêté, et,

72 419 1452 51 le 13 septembre, M. Chasles révéla tout à l’Académie. On lut dans la

73 470 1451 42 même séance la déclaration de la commission de Florence constatant

72 521 1350 53 que les pièces photographiées par M. Chasles étaient apocryphes.

122 571 1404 53 Voici le texte de la révélation de M. Chasles, extrait du compte¬

72 622 1023 45 rendu officiel de l’Académie des Sciences, n° 11 :

115 689 1414 47 Lorsque, dans les premiers jours de juillet 1867, j’ai eu l’honneur

73 734 1455 47 de communiquer à l’Académie certains documents qui prouvaient

73 780 1456 44 que Pascal auraient eu connaissance des lois de l’attraction et au¬

73 824 1455 47 rait eu même des relations avec le jeune Newton, je n’agissais

76 870 1452 49 pas avec précipitation; car c’était depuis 1861, en novembre, qu’un

74 914 1454 47 individu, se disant archiviste paléographe et faisant commerce de

74 959 1458 52 titres généalogiques, me procurait ces documents étrangers à la

73 1003 1458 47 spécialité de son commerce, de la part du possesseur qui les faisait

77 1050 1453 46 proposer. Je connaissias donc l’importance scientifique de ces do¬

75 1095 1457 54 cuments; je savais, en outre, que je ne possédais pas toute la collec¬

75 1132 1456 54 tion; j’insistais pour qu’on me la livrât tout entière; mais on me

77 1184 1453 47 répondait que le possesseur, qui l’avait rapportée d’Amérique, où

77 1229 1454 47 elle avait passé en 1791, se plaisait à parcourir toutes ces pièces,

78 1274 1453 49 et ne voulait les livrer qu’à son loisir. J’ai donc dû, on le conçoit,

77 1319 1453 46 quand M. Le Verrier, en séance de l’Académie, le 19 août 1867,

78 1364 1455 48 m’a demandé de qui je tenais les documents, et de déclarer tout

77 1410 1454 46 ce qui en existait, me refuser à satisfaire à sa demande. Car, pu¬

78 1454 1455 53 blier dès ce moment de qui je les tenais, c’était provoquer tout

78 1500 1454 51 aussitôt auprès de celui qui me les proposait, des offres aux¬

79 1545 1453 46 quelles il n’aurait pas résisté. C’était compromettre le sort de

79 1589 1453 53 ces documents, que je regardais comme précieux. Tout le

78 1634 1452 46 monde, assurément, m’aurait blâmé. Je ne pouvais pas dire

77 1678 1454 53 non plus que les quelques milliers de pièces déjà entre mes

77 1724 1454 37 mains étaient les seules de la collection. J’ai donc dû m’ab¬

76 1769 1455 45 stenir nettement de satisfaire aux demandes de notre confrère,

76 1813 1456 48 sans qu’on en puisse jeter un blâme sur ma réserve; d’autant

77 1858 1455 48 plus, et l’Académie le sait parfaitement, que j’invitais avec insis¬

77 1904 1457 47 tance toutes les personnes que la question pouvait intéresser à

76 1948 1455 47 venir prendre connaissance de la masse des documents. Et bien

77 1994 1456 52 plus, dès que les objections sont venues de l’étranger, j’envoyais

76 2038 1456 51 toutes les pièces, soit originales, soit en photographie, à qui m’ex¬

77 2082 1236 48 primait le désir de les connaître. Pouvais-je faire plus?

122 2134 1411 52 Du reste, le grand nombre des documents, les noms de leurs

78 2179 1455 45 auteurs, la variété des matières scientifiques , littéraires, histo¬

79 2224 1454 48 riques qui s’y trouvaient traitées, et la parfaite concordance que

75 2269 1458 46 j’y reconnaissais, ne me laissaient aucun doute sur l’authenticité

79 2315 363 36 de leur contenu.

123 2363 1411 47 C’est cet accord entre ces documents qui m’a permis de toujours

80 2409 1455 47 répondre à toutes les objections qui se sont produites : tellement

80 2453 1453 49 que l’on a cru pouvoir imaginer un faussaire, et bientôt après une

80 2498 1455 47 association de faussaires, qui fabriquaient, même au dernier

81 2545 849 46 moment, pour les besoins de la cause.

125 2593 1410 53 Qu’on me permette d’ajouter à ce sujet que précisément la

81 2632 1455 54 lettre de Jacques II, qu’invoquait M. Faugère pour s’exprimer
