1841 2972
909 96 192 38 - 24 -

281 202 1458 48 4076 Talleyrand (Ch.-M. de), le grand diplomate. — Let. aut.

392 246 1349 49 (à M. Perrey, son secrétaire intime); 24 juin 1812, 3 p.

395 290 1346 38 in-8. 4 »

437 336 1307 41 Jolie lettre écrite des eaux de Bourbon, dans laquelle il donne divers ordres

400 376 565 39 pour expédier sa correspondance.

281 414 1460 46 4077 Thiers (Ad.), historien et homme d’Etat. — L. a. s. à

393 457 1350 48 M. Mornan, 1827, 1 p. in-f. et in-4. 5 »

281 502 1463 47 4078 Thunberg (Ch.-P.), botaniste suédois, élève de Linné,

392 545 1352 52 célèbre voyageur au Japon. — L. a. s., en français, à M. d’An-

392 590 1354 48 tic (Bosc) ; Upsale, 3 nov. 1789, 3 p. in-4, fragment de ca¬

394 633 1349 38 chet. 6 »

440 680 1307 41 Belle et intéressante lettre relative à des envois et de plantes et d’insectes que

402 717 211 34 lui fait Bosc.

280 758 1464 46 4079 Tocqueville (Alexis de), publiciste et homme d’Etat, de

397 800 1344 48 l’Acad. fr. — L. a. s., 1/2 p. in-8. 2 »

283 846 1463 50 4080 Trenck (Fred., baron de), célèbre par ses aventures et par la

395 890 1349 47 dure captivité de 10 années que lui lit subir Frédéric II. —

393 934 1348 50 Billet aut. sig., en français, à la citoyenne Onfroy, libraire ;

395 978 1349 48 (en prison, à Paris), 7 mess, (an 2), 1 p. in-8. Très-rare. 40 »

442 1024 1306 40 Billet écrit juste un mois avant qu’il fut guillotiné. Il monta sur l'échafaud lu

397 1064 1352 40 même jour que Boucher et André Chénier, le 7 thermidor, avant-veille de la chute

402 1104 1344 38 de Robespierre. — Il demande à la citoyenne Onfroy un exemplaire de son

406 1141 1342 41 Histoire (ses curieux Mémoires, publiés par lui-même en français en 1789). Il

406 1181 1341 40 la supplie de ne pas l’oublier, et ajoute tristement. « Je manque de tout. » —

404 1220 1342 40 On a joint à cette curieuse pièce, son portrait, joliment gravé par Lebert, où il

402 1260 941 39 est représenté enchaîné dans son cachot de Magdebourg.

285 1297 1461 47 4081 Truguet (L.-J.-F.), célèbre amiral, né à Toulon. — L. a. s. au

400 1342 1345 47 comte Anglès; Paris, 19 juil. 1818, 1 p. in-4. 3 »

443 1387 1254 40 Relative à son mariage avec Mme Costalie Truguet de la Fiteau, sa pupille.

285 1426 1461 46 4082 Verdi (Joseph), le célèbre compositeur italien. — Billet aut.

399 1471 1347 45 sig. à L. Balestra, 1/2 p. in-8. 4 »

286 1514 1460 46 4083 Volta (Alex.), illustre physicien, inventeur de la pile.—L. a.s.

397 1550 1349 55 à un ami, à Pise. Corne, 10 déc. 1819, 2 p. pl. in-f. Belle pièce.

397 1606 1344 34 Rare. 30 »

287 1647 1463 46 4084 Voltaire, l’illustre écrivain. — Let. sig. F., écrite par son se¬

400 1692 1346 46 crétaire Wagnères, à Algaroti, à Bologne; les Délices, 13 au¬

399 1735 1349 48 guste 1762, 2 p. in-4, cachet à ses armes. Belle pièce. 20 »

447 1781 1302 39 Belative à ses Commentaires sur Corneille. Il y trouve vingt pièces qu’on

405 1820 1345 39 n’aurait jamais dû imprimer, mais le public veut avoir toutes les sottises des

405 1860 1343 38 giands hommes. Il ne s’étendra que sur celles qui ont eu du succès. Si les dé¬

406 1898 1345 40 fauts de Corneille sont innombrables, ses beautés sont très-grandes. Il y remarque

404 1938 1341 39 quatre ou cinq cents beaux vers, qui sont tout ce qui nous reste de 3000 tragé¬

404 1977 1343 39 dies jusqu'à Racine. «Nous avons été bien barbares, dit-il, j’en suis tout effrayé.»

406 2015 1341 40 Pointe sur la tragédie de Russie (l’assassinat de Pierre III.) Engagé à faire une

408 2056 1342 40 tragédie sur Cromwell, il déclare ne jamais vouloir mettre cet illustre fripon

413 2096 234 30 sur le théâtre.

287 2132 1462 48 4085 Wiseman (le cardinal), célèbre prélat catholique anglais. —

400 2177 1349 48 L. a. s. à un ami. Londres, 5 déc. 1855, 4 p. in-8. 4 »

289 2222 1462 54 4086 Zeno (Apostolo), illustre poète lyrique italien du XVIIIe siècle

401 2266 1349 46 et savant antiquaire. — L. a. s. ( a J.-B. Sabbioni, à Cologne ) ;

402 2311 1347 46 Venise, 19 juin 1736, 2 p. in-4. 5 »

448 2357 555 39 Très-belle épitre, toute littéraire.

1159 2589 81 25 lêriàle

574 2588 893 34 Rouen.— J. Lecerf, imp. de la Cour impériale cl de la Mairie.
