1802 3007
702 192 163 37 - 7 -

169 288 1343 41 chambellan de Henri III, avec sa cousine germaine. On y a joint les lettres

168 328 1282 40 patentes du roi, gr. in-f° vélin, autorisant cette publication. Curieuses pièces.

53 377 1458 45 4093 Anne d’Autriche, reine et régente de France. — Pièce sig.;

166 421 1344 45 1628, 1/2 p. in-f. 5 »

207 464 1305 43 Ordre de payer 100 liv. à son valet de garde-robe Ph. de La Fresnays, à titre

170 503 503 39 de don pour ses bons services.

53 548 1457 45 4094 Antonelli (le cardinal), le célèbre ministre de Pie IX. — L.

161 591 1350 49 8. à l’év. de S. Severino ; Rome, 1859, 1 p. in-4. 1 50

52 648 1456 47 4095 Argenson (Marc-René d’), lieut, de police et garde des sc.,

160 690 1351 45 inventeur des lettres de cachet, de l’Acad. franc. — L. a. s. à

160 731 1348 53 Danchet, son collègue à l’Académie; 22 fév. 1706, 2 p. pl.

161 777 1347 40 in-4. 6 »

205 823 1306 42 Charmante épitre relative h Cyrus, tragédie de Danchet, qu'il est chargé

165 861 1345 43 d’examiner. Il la trouve sublime, et il lui prédit un grand succès, si les acteurs

165 901 270 32 font leur devoir.

50 952 1457 45 4096 Arnould-Plessy (Mme), célèbre comédienne du Théâtre Fran¬

159 995 1347 48 çais, née à Metz. — L. a. s. à un ministre; (Paris), 3 oct. 1841,

157 1039 1347 47 2 p. in-4. Belle et curieuse pièce. 2 »

49 1095 1455 47 4097 Artaignan (Pierre d’), d’abord mousquetaire, maréchal de

156 1139 1351 53 France, gouverneur de l’Artois, de Bretagne, de Languedoc

157 1183 1348 47 et de Provence, un des plus intrépides guerriers du siècle de

155 1227 1348 48 Louis XIV, immortalisé par Alex. Dumas. Quit. sur vélin sig.

157 1273 1346 46 Pierre Dartaignan, avec 5 grandes lignes autog., 5 août 1676,

157 1315 1345 38 in-8. Très-rare. 10 »

202 1361 1300 42 Reçu de 300 livres pour ses appointements de major de brigade pendant le

164 1401 560 39 1er mois de la campagne de 1676.

45 1450 1458 46 4098 Auber, célèbre compositeur, auteur de la Muette. — Billet

156 1495 1347 45 aut. sig., 1/2 p. in-8. 1 25

47 1549 1457 45 4099 Azeglio (Massimo d’), éminent homme d’Etat et littérateur

155 1594 1347 45 italien, prédécesseur de Cavour à la présidence du Conseil.—

154 1638 1348 46 L. a. s. (au comte Cibrario), 1863, 4 p. in-8, pap. à son

158 1682 1346 37 chiffre. 2 50

201 1727 1302 39 Demande de récompenses honorifiques pour le marq. de Breme et Fortuné

160 1768 97 29 Lanci.

48 1810 1456 46 4100 Balzac (Hon. de), le grand romancier. — L. a. s. au directeur

157 1854 1345 48 du Théâtre-Français, 1 p. in-12. Au sujet d’une pièce qu’il

157 1899 1349 37 donne à ce théâtre. 2 50

49 1953 1457 46 4101 Barbé-Marbois (F. de), ministre de Napoléon Ier, premier

159 1998 1344 46 président de la Cour des comptes, né à Metz. — L. a. s., 1822,

162 2044 1344 45 1 p. petit in-4. 1 25

50 2097 1454 46 4102 Barbés (Armand), célèbre révolutionnaire, représentant du

160 2141 1348 47 peuple en 1848. — L. a. s., (Belle-Ile, 1853), 4 p. in-8. Belle

157 2188 1348 43 pièce. 9 »

205 2229 1303 40 Curieuse épître, adressée à un représentant, son ancien collègue, prisonnier

168 2268 1339 39 comme lui : détails intéressants sur quelques-uns de ses compagnons d’infortune,

169 2307 1340 41 gracieux épisode sur un bouvreuil blessé. Nouvelles politiques sur la brouille

168 2346 1341 40 qui amena la guerre d’Orient. « Il paraît, dit-il, que le thermomètre, n’est pas

169 2385 1339 39 à l’enthousiasme guerrier, et que l’on craint toujours que la Prusse ne se mette

172 2427 309 31 avec la Russie... »

54 2467 1455 47 4103 Barnave, le plus grand orateur de l’Ass. constituante après

164 2512 1345 45 Mirabeau, né à Grenoble, décapité en 1793. — Etude du cœur

166 2557 1343 47 humain, pensées autog., 2 p. pet. in-4. Jolie pièce. 5 »

56 2611 1456 47 4104 Baroche (J.), ministre de Napoléon III. — L. a. s.; juillet

168 2659 1342 44 1849, 2 p. in-8. 2 »
