1850 2972
884 161 191 39 - 16 -

279 258 1433 48 96 Lafarge (Mario Capelle, femme), condamnée pour empoisonne¬

346 303 1364 47 ment sur la personne de son mari.—Let. aut. (manque la fin),

345 350 1365 46 4 p. in-8. 3 »

386 394 1327 41 Curieuse lettre écrite de sa prison, « Montpellier... En vain ma conscience est

346 433 1363 40 pure, dit-elle, des murs étouffent ma voix, un arrêt met les scellés sur mou avenir.

346 474 1365 39 Rien de plus dangereux que la calomnie : il se trouve toujours un sot pour y

346 513 1365 40 croire, un désœuvré pour y attacher des grelots, et un méchant pour s’en faire un

349 553 216 39 poignard...»

279 596 1433 56 97 La Harpe (J.-F. de), le plus grand critique du XVIIIe siècle,

347 642 1367 46 de l’Acad. franc. — L. a. s. à Palissot. 15 juin 1778, 1 p. 1/2

346 687 1365 43 in-4, beau cachet à ses armes. 10 »

388 732 1327 41 Curieuse épître sur une lettre de Palissot, insérée par La Harpe dans le

346 771 1367 41 Mercure, et dont la censure a fait retrancher quelques lignes, où il était question

347 812 1368 39 de Gilbert et de Clément. « Vous sentez, dit-il, qu’il y a des gens qui ont de

348 851 1366 40 grands ménagements pour cette espèce d’hommes. Il semble qu’il y ait dans ce

347 890 1369 41 pays-ci une protection exclusive pour les libelles... Il y aurait, bien plus à dire

347 930 1370 41 sur tout ce qui se passe aujourd’hui à propos du grand homme (Voltaire.) dont

346 970 1368 40 vous vous rappelez les conseils, mais cela me donnerait trop d’humeur... » — A

345 1010 943 39 cette lettre est jointe la réponse autographe de Palissot.

283 1054 1433 47 98 La Hodde (Lucien de), poète et fameux pamphlétaire. — L. a.

347 1099 1371 47 s.; préfecture de Police, 14 janv. 1850, 1 p. in-8. 2 50

386 1144 1327 40 Curieuse lettre où il propose à un éditeur la publication de son Histoire des

344 1184 871 40 Sociétés secrètes sous le Gouvernement de juillet.

279 1228 1437 46 99 La Mesangère (P. de), le célèbre rédacteur du Journal des

344 1267 1367 52 modes, né à La Flèche. — Costume de femme, avec 2 lignes aut.

353 1318 1362 46 sig., 1823, in-8. 2 »

263 1363 1453 46 100 La Rochefoucauld (Alex., duc de), célèbre constituant, pré¬

345 1408 1368 45 sident du département de Paris, massacré en 1792. — L. a. s.

346 1452 1368 47 au maréchal de Tonnerre, 1777, 1 p. in-4. 2 »

263 1497 1454 47 101 La Touche (Henri de), célèbre littérateur romantique, éditeur

355 1543 1365 41 des Œuvres inédites d’André Chénier, né à La Châtre. — L. a. s. à

352 1588 1367 45 Tissot, 3 p. in-8. 2 50

387 1633 1333 37 Très curieuse lettre relative à sa collaboration au Constitutionnel, dont on l’a

351 1672 395 38 évincé sans le prévenir.

266 1711 1454 48 102 La Trémoille (Henri, duc de), un des chefs du parti protes¬

349 1756 1371 47 tant sous Louis XIII, ennemi de Richelieu, avec lequel il se

350 1801 1370 45 réconcilia. — L. a. s. au maréchal de Brézé; Thouars, 7 mars

354 1846 1365 46 1649, 2 p. in-4, cachet à ses armes. Belle pièce. 10 »

390 1892 1096 39 Relative à la blessure et à l’emprisonnement du comte de Duras.

266 1931 1453 46 103 Lavoisier-Rumfort (la comtesse de), célèbre femme artiste,

350 1975 1370 46 d’abord épouse de Lavoisier, puis de Rumfort, née à Mont¬

354 2021 1368 46 brison. — L. a. s. à Paër, 1818,1 p. in-8, cachet à ses armes. 2 50

391 2066 992 39 Relative à une soirée musicale qu’elle doit donner chez elle.

266 2104 1451 47 104 Lava (J.-L.), célèbre poète dramat., auteur de l’Ami des Lois,

351 2149 1366 53 de l’Acad. fr. — L. a. s. à M. de Martignac, 1828, 1 p. in-4. 3 »

267 2195 1452 48 105 Lebœuf (Edmond), général du Génie, Ministre de la guerre.

352 2239 1369 52 — Billet sig., 1859, 1/2 p. in-8. 1 25

267 2285 1455 46 106 Lebrun (Pierre), savant prêtre de l’Oratoire, auteur de dis¬

352 2329 1369 47 sertations curieuses et de l'Explication des Cérémonies de la Messe,

352 2374 1366 48 né à Brignolles. — L. a. s. à M. Walker, 2 p. in-4. 5 »

392 2419 1330 42 Intéressante lettre dans laquelle il signale des manuscrits liturgiques et des missels

353 2459 829 41 anglais sur lesquels ils désire des renseignements.

268 2499 1450 47 107 Léopold II, empereur d’Allemagne, frère de Marie-Antoinette,

352 2543 1364 46 promoteur de la coalition contre la France. — L. s. ; Vienne,

357 2588 1362 46 14 av. 1790, 1/2 p. in-f. Relative au recrutement d’un nouveau

353 2632 1365 46 corps de troupes. 3 »
