1802 3007
735 144 169 62 - 5 -

87 242 1461 49 de M. Lotellier (mais ce cabinet ne renfermait que des pièces

87 287 1229 47 généalogiques, qui ont été vendues, je crois, vers 1860).

132 338 1418 47 Il déclare donc qu’il a fabriqué depuis 1861 les pièces, plus de

87 383 1467 47 20,000 certainement, qu’il m’a vendues : il déclare aussi qu’il m’a

87 428 1467 47 trompé depuis ce temps; dès lors on doit croire qu’il peut tromper

89 483 157 25 encore.

133 523 1422 46 Il trompe en effet, car non-seulement il est convenu, contraire¬

91 568 1462 49 ment à sa première déclaration, qu’il avait reçu des documents du

91 613 1466 45 comte de Menou, mort en 1862; mais une note de lui, trouvée

91 657 1466 49 dans ses papiers, porte qu’il a reçu en 1861, de ce même comte de

91 697 1467 52 Menou, des documents précieux, au nombre d’une vingtaine de

92 747 1465 53 mille, que le possesseur n’avait pas encore bien explorés, et qu’il

94 792 1466 51 lui cédait en échangé de quelques titres généalogiques et des tra¬

92 837 685 46 vaux qu’il avait faits pour lui.

136 888 1426 46 Peut-on admettre, du reste, qu’un individu aurait su composer

94 932 1468 47 une masse aussi énorme de documents sur toutes sortes de sujets,

93 978 1468 55 quand surtout on ne trouve chez lui aucun des matériaux primitifs

94 1013 1467 55 de livres, fragments, essais qu’aurait exigés une telle fabrication.

137 1073 1427 45 Les documents dont j’ai eu à entretenir l’Académie ne sont

93 1118 1465 56 qu’une partie de ceux qu’il m’a livrés; il en est beaucoup d’autres

95 1154 1467 55 dont je n’ai point eu à parler, puisque je devais me renfermer dans

96 1208 833 47 une question scientifique déterminée.

137 1264 1424 47 Ainsi, indépendamment des nombreuses séries de Galilée, de

94 1309 1466 57 Pascal, de Louis XIV, de Labruyère, de Molière, de Montesquieu ;

94 1355 1465 45 des séries, moins nombreuses de Boulliau, de Mariette, de Rohault,

95 1400 1464 46 de Saint-Evremont. de Locke, de Mme de Sévigné, de Rotrou, de

95 1445 1467 46 Corneille, de Lafontaine, d’Étienne Pascal, de Mme Périer, de sa

94 1490 1464 49 sœur Jacqueline, de Maupertuis, de Fontenelle, de J. Bernoulli,

94 1535 1464 53 etc., il se trouve un grand nombre de séries d’époques antérieu¬

97 1581 1462 44 res: deux mille lettres au moins de Rabelais, de très-nombreuses

95 1625 1463 48 lettres de Copernic, de Christophe Colomb, de Cardan, de Tartalea,

95 1671 1464 44 d’Oronce Finé, de Ramus, de Budée, de Grolier, de Michel Nostra-

92 1715 1465 47 damus, de Calvin, de Mélanchton, de Luther, de J.-C. Scaliger, de

92 1761 1463 52 Dolet, de Machaivel, de Michel-Ange, de Raphaël, de Thomas More,

92 1805 1466 46 de Charles-Quint, etc., adressées à Rabelais; de très-nombreuses

93 1850 1463 48 lettres et poésies de son ami Clément Marot; des Mystères inédits

92 1896 1464 51 et de nombreuses poésies de Marguerite d’Angoulême; des lettres

92 1941 1464 56 et de nombreux quatrains en latin d’Anne de Pisseleu ; de nom¬

92 1986 1463 47 breuses lettres, des poésies et des instructions pour son fils, de

92 2032 1463 50 François Ier; des lettres et de nombreuses poésies de Marie Stuart;

92 2076 1463 50 plusieurs centaines de lettres de Montaigne; de très-nombreuses

93 2121 1463 47 lettres de Shakspeare adressées à Larrivay, à Philippe Desportes,

92 2166 1465 47 à Melle de Gournay; des lettres et poésies de Philippe Desportes

94 2211 1461 47 lui-même, de Ronsard, de Régnier, du Tasse, de Michel Cervantes,

94 2256 1461 47 etc. En remontant au delà du XVIe siècle, je citerai de très-

93 2301 1464 46 nombreuses lettres et poésies de Dante, de Jean de Meung, de

93 2346 1466 54 Réné d’Anjou, de Pétrarque, de Boccace, de Laure de Cabrière, l’a¬

94 2391 1463 48 mie de Pétrarque, de Clemence Isaure, de Christine de Pisan, de

91 2437 1465 45 Villon, de Charles d’Orléans; de nombreuses lettres des rois, de

92 2482 1464 49 Philippe-Auguste, de saint Louis, de Philippe-le-Bel, de Charles V,

94 2527 1462 47 Charles VI, Charles VII; d’Agnès Sorel, de Jacques Cœur; de Co¬

94 2572 1462 46 mines, de Gutenberg, de Brantôme; des lettres et des récits de

94 2618 1465 47 Jeanne Darc, écrits les uns par Agnès Sorel, les autres pendant
