1802 3007
737 179 194 39 - 23 -

264 276 1306 40 Elle lui est très-obligée de vouloir bien donner son suffrage à l’abbé d’Arche,

224 316 1347 40 homme de beaucoup de mérite, aimé de l’évêque d’Agen et de M. de Betoulaud.

224 355 1349 39 Elle le remercie aussi de l'envoi du beau discours du Père de La Rue, ses mau¬

223 394 830 39 vaises oreilles la privant du plaisir de l’entendre.

107 440 1467 45 4296 Turenne (le vicomte de), illustre maréchal de France. —

218 484 1354 47 L. a. s. à sa femme (Anne de Caumont-La Force) ; Amiens,

218 528 1355 47 28 janv. 160), 1 p. pl. in-4, beaux cachets à ses armes et soies.

219 574 1354 44 Superbe pièce. 35 »

267 618 1306 38 Il vient de voir le contrat par lequel un de leur maison cède au roi le comté

227 657 1349 40 de Boulogne en échange de celui de Frougnès, près de Toulouse. « Il faudrait,

226 695 1351 40 dit-il, s’enquérir comme il est sorti de nostre maison. C’est du temps de

229 735 1348 39 Louis onzième ; c’est Bertrand de La Tour qui tenoit tout le Boulonnois comme

227 775 301 30 en souveraineté. »

111 823 1466 45 4297 Tyler (John), 10e président des Etats-Unis, qui abolit la traite

222 866 1355 48 des noirs. Pièce aut. sig.; Washington, 15 mai 1842,

227 911 1351 45 1 p. in-4. 5 »

269 956 1308 40 Curieuse pièce adressée à Vattemare, qui lui avait demandé son autographe.

231 996 1348 38 Il a fait signer après lui tous ses ministres, parmi lesquels Webster, John

231 1036 225 37 Spencer, etc.

116 1083 1464 46 4298 Vaëz (Gustave), auteur, avec Alph. Royer, de Lucie de Lam¬

223 1127 1356 45 mermoor, de la Favorite, etc. — L. a. s. à M. Desarbres, 1861,

232 1172 1351 45 1 p. in-8. 1 25

116 1226 1464 47 4299 Valincourt (du Trousset de), littér. et bel esprit, à qui

226 1270 1354 44 Boileau adressa sa 11e satire, successeur de Racine à l’Acad.

227 1315 1354 47 fr. — L. a. s. à Danchet, 15 janv. 1727, 1 p. pet. in-4. 5 »

275 1361 1310 39 Curieuse épitre relative à la réception de St-Aignan à l’Académie, où Danchet

235 1400 691 39 devait remplir les fonctions de directeur.

119 1449 1465 46 4300 Van Buren (Martin), 8e président des Etats-Unis, chef du

229 1494 1355 46 parti démocratique ou esclavagiste. — L. a. s. à Alex. Vatte¬

231 1537 1354 48 mare; Washington, 17 juil. 1840, 1 p. in-4, enveloppe. 6 »

117 1592 1472 47 4301 Verneuil (Henriette-Catherine de Balzac, marquise de), l’am¬

235 1636 1351 47 bitieuse et avide maîtresse de Henri IV, qui conspira contre

233 1681 1356 46 lui après son mariage avec Marie de Médicis. — L. s., avec

234 1725 1354 47 la souscription aut., à M. Pourcellet, à Paris; 1612, 1 p.

235 1769 1350 47 pl. in-f., cachets et soies. Rare. 20 »

283 1815 1309 39 Elle le charge de maintenir dans de bonnes dispositions le président Jeannin,

244 1853 1349 40 qui témoigne la meilleure volonté pour ses affaires. Relativement à la pension de

243 1892 1351 40 sa fille, elle croit qu’il y a un brevet du temps du feu roi (Henri IV), confirmé

244 1932 1351 38 depuis sa mort. Elle l’entretient ensuite de toutes ses affaires d'intérêt, de ses

244 1970 1348 39 créances et de ses dettes, d’un prieuré dont les revenus sont destinés à son fils.

246 2011 1349 38 Elle recommande, en terminant, qu’on lui fasse du cidre aussi bon que celui

244 2050 295 38 de l’année passée.

129 2098 1465 46 4302 Voltaire. — L. a.s. V., au comte d'Argental, 1 p. in-18. 14 »

285 2143 1311 39 Charmante épître. Il n'a point fait de sottise, car il n'a rien fait du tout:

251 2183 801 38 « Je n’ai vu, ajoute-t-il, ny homme ny prêtre. »

130 2231 1466 45 4303 Watelet (Cl.-H.), célèbre artiste et écrivain sur les arts,

242 2274 1354 51 auteur du beau poème l’Art de peindre, de l’Acad. fr. — L. a. s.

244 2319 1356 46 à l’Académie de Marseille ; Pans, 12janv. 1773, 1 p. in-4. 3 50

133 2374 1465 51 4304 Zamet (Séb.), célèbre financier, qui aida Henri IV à recon¬

245 2419 1354 50 quérir sa couronne, et fut ensuite soupçonné d’avoir em¬

247 2462 1350 49 poisonné Gabrielle d’Estrées. — Quit. sig. sur vélin, 1601,

246 2510 1352 33 in-4. 3 »
