1841 2972
810 191 327 49 PRIME

278 287 1394 44 exclusivement réservée aux Abonnés de la REVUE

695 362 559 38 DES AUTOGRAPHES

565 573 826 72 CORRESPONDANCE

928 737 97 23 ENTRE

267 853 1422 98 BOILEAU ET BROSSETTE

916 1038 123 30 PUBLIÉE

505 1134 955 46 SUR LES MANUSCRITS ORIGINAUX EN PARTIE INÉDITS

946 1279 53 22 PAR

740 1377 480 38 Auguste LAVERDET

903 1507 153 23 AVEC UNE

571 1609 808 47 INTRODUCTION DE JULES JANIN

340 1868 1369 47 Un volume in-8° de 640 pages, imprimé en 1858 par M. Claye,

251 1934 1459 47 sur papier carré vélin, choisi par l’éditeur lui-même, avec 6 fac-

251 2001 1205 46 similé exécutés avec soin, et la généalogie de Boileau.

339 2083 1372 47 Ce magnifique volume de bibliothèque est le complément in¬

249 2149 1460 47 dispensable de toutes les éditions de Boileau, même de celles qui

253 2215 1456 47 se publieront à l’avenir, tous droits étant réserves pour la partie iné¬

250 2282 96 36 dite.

577 2348 805 37 Au lieu de 10 fr........ UN franc.

372 2431 1224 44 Franco, par la Poste : France, 1 fr. 80; Etranger 2 fr. 50.

508 2644 952 34 Rouen, J. Lecerf, imprimeur de la Cour Impériale et de la Mairie.
