<?xml version="1.0" encoding="utf-8"?>
<alto xmlns="http://www.loc.gov/standards/alto/ns-v4#" xmlns:xsi="http://www.w3.org/2001/XMLSchema-instance" xsi:schemaLocation="http://www.loc.gov/standards/alto/ns-v4# https://gitlab.inria.fr/scripta/escriptorium/-/raw/develop/app/escriptorium/static/alto-4-1-baselines.xsd">
<Description>
<MeasurementUnit>pixel</MeasurementUnit><sourceImageInformation><fileName>2-REV DES AUTO 1868-69 OCR-80.png</fileName></sourceImageInformation>
<OCRProcessing ID="IdOcr">
<ocrProcessingStep>
<processingDateTime>2020-10-31T11:20:28.529+01:00</processingDateTime>
<processingSoftware>
<softwareCreator>READ COOP</softwareCreator>
<softwareName>Transkribus</softwareName>
</processingSoftware>
</ocrProcessingStep>
</OCRProcessing>
</Description>
<Layout>
<Page HEIGHT="2972" ID="Page1" PHYSICAL_IMG_NR="1" WIDTH="1841">
<TopMargin HEIGHT="168" HPOS="0" VPOS="0" WIDTH="1841"/>
<LeftMargin HEIGHT="2506" HPOS="0" VPOS="168" WIDTH="288"/>
<RightMargin HEIGHT="2506" HPOS="1790" VPOS="168" WIDTH="51"/>
<BottomMargin HEIGHT="298" HPOS="0" VPOS="2674" WIDTH="1841"/>
<PrintSpace HEIGHT="2506" HPOS="288" VPOS="168" WIDTH="1502">
<TextBlock HEIGHT="39" HPOS="925" ID="r_1_1" VPOS="174" WIDTH="195">
<Shape>
<Polygon POINTS="925 174 1120 174 1120 213 925 213"/>
</Shape>
<TextLine BASELINE="926 212 1119 212" HEIGHT="37" HPOS="926" ID="tl_1" VPOS="175" WIDTH="193">
<String CONTENT="- 16 -" HEIGHT="37" HPOS="926" ID="string_tl_1" VPOS="175" WIDTH="193"/>
</TextLine>
</TextBlock>
<TextBlock HEIGHT="81" HPOS="394" ID="r_2_1" VPOS="271" WIDTH="1365">
<Shape>
<Polygon POINTS="394 271 1759 271 1759 352 394 352"/>
</Shape>
<TextLine BASELINE="444 310 1758 310" HEIGHT="38" HPOS="444" ID="tl_2" VPOS="272" WIDTH="1314">
<String CONTENT="Très-intéressante lettre toute relative à ses cours publics de minéralogie, et" HEIGHT="38" HPOS="444" ID="string_tl_2" VPOS="272" WIDTH="1314"/>
</TextLine>
<TextLine BASELINE="395 351 1612 351" HEIGHT="40" HPOS="395" ID="tl_3" VPOS="311" WIDTH="1217">
<String CONTENT="aux procédés qu'il emploie pour la détermination des espèces minérales." HEIGHT="40" HPOS="395" ID="string_tl_3" VPOS="311" WIDTH="1217"/>
</TextLine>
</TextBlock>
<TextBlock HEIGHT="138" HPOS="291" ID="r_2_2" VPOS="363" WIDTH="1469">
<Shape>
<Polygon POINTS="291 363 1760 363 1760 501 291 501"/>
</Shape>
<TextLine BASELINE="292 411 1759 411" HEIGHT="47" HPOS="292" ID="tl_4" VPOS="364" WIDTH="1467">
<String CONTENT="4413 Hébert (René), substitut du procureur de la Commune de Paris," HEIGHT="47" HPOS="292" ID="string_tl_4" VPOS="364" WIDTH="1467"/>
</TextLine>
<TextLine BASELINE="403 456 1759 456" HEIGHT="47" HPOS="403" ID="tl_5" VPOS="409" WIDTH="1356">
<String CONTENT="célèbre révolutionnaire, qui a donné son nom au parti le plus" HEIGHT="47" HPOS="403" ID="string_tl_5" VPOS="409" WIDTH="1356"/>
</TextLine>
<TextLine BASELINE="404 500 1757 500" HEIGHT="46" HPOS="404" ID="tl_6" VPOS="454" WIDTH="1353">
<String CONTENT="exalté. — Pièce sig. ; 23 mars 1793, 2 p. in-f. Rare. 14 »" HEIGHT="46" HPOS="404" ID="string_tl_6" VPOS="454" WIDTH="1353"/>
</TextLine>
</TextBlock>
<TextBlock HEIGHT="48" HPOS="292" ID="r_2_3" VPOS="513" WIDTH="1472">
<Shape>
<Polygon POINTS="292 513 1764 513 1764 561 292 561"/>
</Shape>
<TextLine BASELINE="293 560 1763 560" HEIGHT="46" HPOS="293" ID="tl_7" VPOS="514" WIDTH="1470">
<String CONTENT="4414 Heeren (A.-H.-JL.), historien allemand, célèbre par ses tra¬" HEIGHT="46" HPOS="293" ID="string_tl_7" VPOS="514" WIDTH="1470"/>
</TextLine>
</TextBlock>
<TextBlock HEIGHT="96" HPOS="405" ID="r_2_4" VPOS="557" WIDTH="1358">
<Shape>
<Polygon POINTS="405 557 1763 557 1763 653 405 653"/>
</Shape>
<TextLine BASELINE="407 605 1762 605" HEIGHT="47" HPOS="407" ID="tl_8" VPOS="558" WIDTH="1355">
<String CONTENT="vaux sur l’antiquité et le moyen âge, corresp. de l’Inst. —" HEIGHT="47" HPOS="407" ID="string_tl_8" VPOS="558" WIDTH="1355"/>
</TextLine>
<TextLine BASELINE="406 652 1759 652" HEIGHT="49" HPOS="406" ID="tl_9" VPOS="603" WIDTH="1353">
<String CONTENT="L. a. s., en français, 1 p. in-4. Belle pièce. 4 »" HEIGHT="49" HPOS="406" ID="string_tl_9" VPOS="603" WIDTH="1353"/>
</TextLine>
</TextBlock>
<TextBlock HEIGHT="73" HPOS="412" ID="r_2_5" VPOS="647" WIDTH="1352">
<Shape>
<Polygon POINTS="412 647 1764 647 1764 720 412 720"/>
</Shape>
<TextLine BASELINE="453 687 1763 687" HEIGHT="39" HPOS="453" ID="tl_10" VPOS="648" WIDTH="1310">
<String CONTENT="Lettre adressée au traducteur français d’un de ses ouvrages, auquel il annonce" HEIGHT="39" HPOS="453" ID="string_tl_10" VPOS="648" WIDTH="1310"/>
</TextLine>
<TextLine BASELINE="413 719 1080 719" HEIGHT="33" HPOS="413" ID="tl_11" VPOS="686" WIDTH="667">
<String CONTENT="l’envoi de la 4e édition de son Manuel." HEIGHT="33" HPOS="413" ID="string_tl_11" VPOS="686" WIDTH="667"/>
</TextLine>
</TextBlock>
<TextBlock HEIGHT="94" HPOS="294" ID="r_2_6" VPOS="723" WIDTH="1469">
<Shape>
<Polygon POINTS="294 723 1763 723 1763 817 294 817"/>
</Shape>
<TextLine BASELINE="295 771 1762 771" HEIGHT="47" HPOS="295" ID="tl_12" VPOS="724" WIDTH="1467">
<String CONTENT="4415 Hegel (G.-W.-Fréd.), chef de la dernière grande école philo¬" HEIGHT="47" HPOS="295" ID="string_tl_12" VPOS="724" WIDTH="1467"/>
</TextLine>
<TextLine BASELINE="407 816 1762 816" HEIGHT="47" HPOS="407" ID="tl_13" VPOS="769" WIDTH="1355">
<String CONTENT="sophique en Allemagne. — Billet aut. sig., 23 déc. 1824," HEIGHT="47" HPOS="407" ID="string_tl_13" VPOS="769" WIDTH="1355"/>
</TextLine>
</TextBlock>
<TextBlock HEIGHT="56" HPOS="411" ID="r_2_7" VPOS="805" WIDTH="1351">
<Shape>
<Polygon POINTS="411 805 1762 805 1762 861 411 861"/>
</Shape>
<TextLine BASELINE="412 860 1761 860" HEIGHT="54" HPOS="412" ID="tl_14" VPOS="806" WIDTH="1349">
<String CONTENT="1 p. in-8. 3 »" HEIGHT="54" HPOS="412" ID="string_tl_14" VPOS="806" WIDTH="1349"/>
</TextLine>
</TextBlock>
<TextBlock HEIGHT="94" HPOS="296" ID="r_2_8" VPOS="856" WIDTH="1472">
<Shape>
<Polygon POINTS="296 856 1768 856 1768 950 296 950"/>
</Shape>
<TextLine BASELINE="297 904 1765 904" HEIGHT="47" HPOS="297" ID="tl_15" VPOS="857" WIDTH="1468">
<String CONTENT="4416 Hoefer (J.-Ch.-Ferd.), savant chimiste et historien de la chi¬" HEIGHT="47" HPOS="297" ID="string_tl_15" VPOS="857" WIDTH="1468"/>
</TextLine>
<TextLine BASELINE="409 949 1767 949" HEIGHT="46" HPOS="409" ID="tl_16" VPOS="903" WIDTH="1358">
<String CONTENT="mie. — L. a. s.; Paris, 1857, 1 p. in-8. 2 50" HEIGHT="46" HPOS="409" ID="string_tl_16" VPOS="903" WIDTH="1358"/>
</TextLine>
</TextBlock>
<TextBlock HEIGHT="75" HPOS="412" ID="r_2_9" VPOS="952" WIDTH="1357">
<Shape>
<Polygon POINTS="412 952 1769 952 1769 1027 412 1027"/>
</Shape>
<TextLine BASELINE="454 994 1768 994" HEIGHT="41" HPOS="454" ID="tl_17" VPOS="953" WIDTH="1314">
<String CONTENT="Curieuse lettre relative à la biographie générale, de MM. Didot, dont il est" HEIGHT="41" HPOS="454" ID="string_tl_17" VPOS="953" WIDTH="1314"/>
</TextLine>
<TextLine BASELINE="413 1026 614 1026" HEIGHT="33" HPOS="413" ID="tl_18" VPOS="993" WIDTH="201">
<String CONTENT="le directeur." HEIGHT="33" HPOS="413" ID="string_tl_18" VPOS="993" WIDTH="201"/>
</TextLine>
</TextBlock>
<TextBlock HEIGHT="48" HPOS="298" ID="r_2_10" VPOS="1029" WIDTH="1468">
<Shape>
<Polygon POINTS="298 1029 1766 1029 1766 1077 298 1077"/>
</Shape>
<TextLine BASELINE="299 1076 1765 1076" HEIGHT="46" HPOS="299" ID="tl_19" VPOS="1030" WIDTH="1466">
<String CONTENT="4417 Hortense Beauharnais, reine de Hollande, mère de Napo¬" HEIGHT="46" HPOS="299" ID="string_tl_19" VPOS="1030" WIDTH="1466"/>
</TextLine>
</TextBlock>
<TextBlock HEIGHT="93" HPOS="410" ID="r_2_11" VPOS="1074" WIDTH="1359">
<Shape>
<Polygon POINTS="410 1074 1769 1074 1769 1167 410 1167"/>
</Shape>
<TextLine BASELINE="411 1121 1768 1121" HEIGHT="46" HPOS="411" ID="tl_20" VPOS="1075" WIDTH="1357">
<String CONTENT="léon III. — L. a. s. à sa mère, l’impératrice Joséphine; Saint-" HEIGHT="46" HPOS="411" ID="string_tl_20" VPOS="1075" WIDTH="1357"/>
</TextLine>
<TextLine BASELINE="411 1166 1765 1166" HEIGHT="46" HPOS="411" ID="tl_21" VPOS="1120" WIDTH="1354">
<String CONTENT="Leu, 18 sept., 1 p. in-8. Jolie pièce. 20 »" HEIGHT="46" HPOS="411" ID="string_tl_21" VPOS="1120" WIDTH="1354"/>
</TextLine>
</TextBlock>
<TextBlock HEIGHT="50" HPOS="298" ID="r_2_12" VPOS="1162" WIDTH="1473">
<Shape>
<Polygon POINTS="298 1162 1771 1162 1771 1212 298 1212"/>
</Shape>
<TextLine BASELINE="299 1211 1770 1211" HEIGHT="48" HPOS="299" ID="tl_22" VPOS="1163" WIDTH="1471">
<String CONTENT="4418 Houel (J.-P.), peintre et graveur distingué, né à Rouen. —" HEIGHT="48" HPOS="299" ID="string_tl_22" VPOS="1163" WIDTH="1471"/>
</TextLine>
</TextBlock>
<TextBlock HEIGHT="49" HPOS="411" ID="r_2_13" VPOS="1206" WIDTH="1359">
<Shape>
<Polygon POINTS="411 1206 1770 1206 1770 1255 411 1255"/>
</Shape>
<TextLine BASELINE="412 1254 1769 1254" HEIGHT="47" HPOS="412" ID="tl_23" VPOS="1207" WIDTH="1357">
<String CONTENT="L. s. au directeur Treillard (Paris 1797), 2 p. in-4. 4 50" HEIGHT="47" HPOS="412" ID="string_tl_23" VPOS="1207" WIDTH="1357"/>
</TextLine>
</TextBlock>
<TextBlock HEIGHT="80" HPOS="402" ID="r_2_14" VPOS="1252" WIDTH="1371">
<Shape>
<Polygon POINTS="402 1252 1773 1252 1773 1332 402 1332"/>
</Shape>
<TextLine BASELINE="459 1294 1772 1294" HEIGHT="41" HPOS="459" ID="tl_24" VPOS="1253" WIDTH="1313">
<String CONTENT="Intéressante lettre, relative à son Voyage pittor. de Sicile, de Malte et de" HEIGHT="41" HPOS="459" ID="string_tl_24" VPOS="1253" WIDTH="1313"/>
</TextLine>
<TextLine BASELINE="403 1331 526 1331" HEIGHT="39" HPOS="403" ID="tl_25" VPOS="1292" WIDTH="123">
<String CONTENT="Lipari." HEIGHT="39" HPOS="403" ID="string_tl_25" VPOS="1292" WIDTH="123"/>
</TextLine>
</TextBlock>
<TextBlock HEIGHT="49" HPOS="300" ID="r_2_15" VPOS="1330" WIDTH="1469">
<Shape>
<Polygon POINTS="300 1330 1769 1330 1769 1379 300 1379"/>
</Shape>
<TextLine BASELINE="301 1378 1768 1378" HEIGHT="47" HPOS="301" ID="tl_26" VPOS="1331" WIDTH="1467">
<String CONTENT="4419 Hugo (Victor), illustre écrivain, de l’Acad. franc. — L. a. s." HEIGHT="47" HPOS="301" ID="string_tl_26" VPOS="1331" WIDTH="1467"/>
</TextLine>
</TextBlock>
<TextBlock HEIGHT="83" HPOS="412" ID="r_2_16" VPOS="1374" WIDTH="1358">
<Shape>
<Polygon POINTS="412 1374 1770 1374 1770 1457 412 1457"/>
</Shape>
<TextLine BASELINE="413 1422 1768 1422" HEIGHT="47" HPOS="413" ID="tl_27" VPOS="1375" WIDTH="1355">
<String CONTENT="(à M. Gromier); Hauteville-House, 23 juin 1808, 1 p. pl." HEIGHT="47" HPOS="413" ID="string_tl_27" VPOS="1375" WIDTH="1355"/>
</TextLine>
<TextLine BASELINE="414 1456 1769 1456" HEIGHT="44" HPOS="414" ID="tl_28" VPOS="1412" WIDTH="1355">
<String CONTENT="in-8. 8 »" HEIGHT="44" HPOS="414" ID="string_tl_28" VPOS="1412" WIDTH="1355"/>
</TextLine>
</TextBlock>
<TextBlock HEIGHT="157" HPOS="419" ID="r_2_17" VPOS="1464" WIDTH="1355">
<Shape>
<Polygon POINTS="419 1464 1774 1464 1774 1621 419 1621"/>
</Shape>
<TextLine BASELINE="459 1505 1771 1505" HEIGHT="40" HPOS="459" ID="tl_29" VPOS="1465" WIDTH="1312">
<String CONTENT="Belle épître relative au programme libéral de M. M.-A. Gromier pour les élec¬" HEIGHT="40" HPOS="459" ID="string_tl_29" VPOS="1465" WIDTH="1312"/>
</TextLine>
<TextLine BASELINE="420 1542 1773 1542" HEIGHT="38" HPOS="420" ID="tl_30" VPOS="1504" WIDTH="1353">
<String CONTENT="tions de 1869. « Je l'approuve, dit-il. Le mien, qui est celui de l’exil, est plus" HEIGHT="38" HPOS="420" ID="string_tl_30" VPOS="1504" WIDTH="1353"/>
</TextLine>
<TextLine BASELINE="420 1582 1770 1582" HEIGHT="39" HPOS="420" ID="tl_31" VPOS="1543" WIDTH="1350">
<String CONTENT="radical, mais il a l’inconvénient d'être actuellement impossible. Etant donnée la" HEIGHT="39" HPOS="420" ID="string_tl_31" VPOS="1543" WIDTH="1350"/>
</TextLine>
<TextLine BASELINE="423 1620 1391 1620" HEIGHT="37" HPOS="423" ID="tl_32" VPOS="1583" WIDTH="968">
<String CONTENT="situation, votre itinéraire pour en sortir est excellent... »" HEIGHT="37" HPOS="423" ID="string_tl_32" VPOS="1583" WIDTH="968"/>
</TextLine>
</TextBlock>
<TextBlock HEIGHT="48" HPOS="303" ID="r_2_18" VPOS="1619" WIDTH="1470">
<Shape>
<Polygon POINTS="303 1619 1773 1619 1773 1667 303 1667"/>
</Shape>
<TextLine BASELINE="304 1666 1772 1666" HEIGHT="46" HPOS="304" ID="tl_33" VPOS="1620" WIDTH="1468">
<String CONTENT="4420 Humboldt (Alex, de), un des plus illustres savants de ce" HEIGHT="46" HPOS="304" ID="string_tl_33" VPOS="1620" WIDTH="1468"/>
</TextLine>
</TextBlock>
<TextBlock HEIGHT="94" HPOS="415" ID="r_2_19" VPOS="1663" WIDTH="1360">
<Shape>
<Polygon POINTS="415 1663 1775 1663 1775 1757 415 1757"/>
</Shape>
<TextLine BASELINE="417 1712 1774 1712" HEIGHT="48" HPOS="417" ID="tl_34" VPOS="1664" WIDTH="1357">
<String CONTENT="siècle. — L. a. s., en français, au prince Kosloffski, à Var¬" HEIGHT="48" HPOS="417" ID="string_tl_34" VPOS="1664" WIDTH="1357"/>
</TextLine>
<TextLine BASELINE="416 1756 1771 1756" HEIGHT="47" HPOS="416" ID="tl_35" VPOS="1709" WIDTH="1355">
<String CONTENT="sovie; Teplitz, 22 juil. 183o, 1 p. pl. in-f. 5 »" HEIGHT="47" HPOS="416" ID="string_tl_35" VPOS="1709" WIDTH="1355"/>
</TextLine>
</TextBlock>
<TextBlock HEIGHT="120" HPOS="422" ID="r_2_20" VPOS="1754" WIDTH="1354">
<Shape>
<Polygon POINTS="422 1754 1776 1754 1776 1874 422 1874"/>
</Shape>
<TextLine BASELINE="463 1794 1775 1794" HEIGHT="39" HPOS="463" ID="tl_36" VPOS="1755" WIDTH="1312">
<String CONTENT="Lettre intéressante ou il est question de la réception gracieuse que vient de" HEIGHT="39" HPOS="463" ID="string_tl_36" VPOS="1755" WIDTH="1312"/>
</TextLine>
<TextLine BASELINE="423 1833 1774 1833" HEIGHT="40" HPOS="423" ID="tl_37" VPOS="1793" WIDTH="1351">
<String CONTENT="lui faire l’empereur de Russie, qui s’est souvenu des services qu'il a voulu lui" HEIGHT="40" HPOS="423" ID="string_tl_37" VPOS="1793" WIDTH="1351"/>
</TextLine>
<TextLine BASELINE="427 1873 1264 1873" HEIGHT="40" HPOS="427" ID="tl_38" VPOS="1833" WIDTH="837">
<String CONTENT="rendre en parcourant la Sibérie a l'âge de 60 ans." HEIGHT="40" HPOS="427" ID="string_tl_38" VPOS="1833" WIDTH="837"/>
</TextLine>
</TextBlock>
<TextBlock HEIGHT="47" HPOS="305" ID="r_2_21" VPOS="1875" WIDTH="1469">
<Shape>
<Polygon POINTS="305 1875 1774 1875 1774 1922 305 1922"/>
</Shape>
<TextLine BASELINE="306 1921 1773 1921" HEIGHT="45" HPOS="306" ID="tl_39" VPOS="1876" WIDTH="1467">
<String CONTENT="4421 Ingres, le grand peintre d’histoire. — L. a. s. à M. Ferd." HEIGHT="45" HPOS="306" ID="string_tl_39" VPOS="1876" WIDTH="1467"/>
</TextLine>
</TextBlock>
<TextBlock HEIGHT="50" HPOS="420" ID="r_2_22" VPOS="1918" WIDTH="1356">
<Shape>
<Polygon POINTS="420 1918 1776 1918 1776 1968 420 1968"/>
</Shape>
<TextLine BASELINE="421 1967 1775 1967" HEIGHT="48" HPOS="421" ID="tl_40" VPOS="1919" WIDTH="1354">
<String CONTENT="Servais, à Rome, 1 p. in-4. 6 »" HEIGHT="48" HPOS="421" ID="string_tl_40" VPOS="1919" WIDTH="1354"/>
</TextLine>
</TextBlock>
<TextBlock HEIGHT="120" HPOS="420" ID="r_2_23" VPOS="1965" WIDTH="1359">
<Shape>
<Polygon POINTS="420 1965 1779 1965 1779 2085 420 2085"/>
</Shape>
<TextLine BASELINE="465 2005 1778 2005" HEIGHT="39" HPOS="465" ID="tl_41" VPOS="1966" WIDTH="1313">
<String CONTENT="Jolie lettre, qui consiste en ces quelques mots: « Je suis on ne plus fâché de ne" HEIGHT="39" HPOS="465" ID="string_tl_41" VPOS="1966" WIDTH="1313"/>
</TextLine>
<TextLine BASELINE="421 2045 1777 2045" HEIGHT="39" HPOS="421" ID="tl_42" VPOS="2006" WIDTH="1356">
<String CONTENT="pas pouvoir me faire ouvrir les portes du Vatican : je n'ai aucun pouvoir humain" HEIGHT="39" HPOS="421" ID="string_tl_42" VPOS="2006" WIDTH="1356"/>
</TextLine>
<TextLine BASELINE="421 2084 619 2084" HEIGHT="38" HPOS="421" ID="tl_43" VPOS="2046" WIDTH="198">
<String CONTENT="pour cela. »" HEIGHT="38" HPOS="421" ID="string_tl_43" VPOS="2046" WIDTH="198"/>
</TextLine>
</TextBlock>
<TextBlock HEIGHT="53" HPOS="310" ID="r_2_24" VPOS="2092" WIDTH="1470">
<Shape>
<Polygon POINTS="310 2092 1780 2092 1780 2145 310 2145"/>
</Shape>
<TextLine BASELINE="311 2144 1779 2144" HEIGHT="51" HPOS="311" ID="tl_44" VPOS="2093" WIDTH="1468">
<String CONTENT="4422 Isabelle II, reine d’Espagne, détrônée en 1868. — L. s. au car¬" HEIGHT="51" HPOS="311" ID="string_tl_44" VPOS="2093" WIDTH="1468"/>
</TextLine>
</TextBlock>
<TextBlock HEIGHT="137" HPOS="422" ID="r_2_25" VPOS="2136" WIDTH="1358">
<Shape>
<Polygon POINTS="422 2136 1780 2136 1780 2273 422 2273"/>
</Shape>
<TextLine BASELINE="423 2184 1778 2184" HEIGHT="47" HPOS="423" ID="tl_45" VPOS="2137" WIDTH="1355">
<String CONTENT="dinal Giovanni; Madrid, 1849, 1/2 p. in-f. oblong. Plus une" HEIGHT="47" HPOS="423" ID="string_tl_45" VPOS="2137" WIDTH="1355"/>
</TextLine>
<TextLine BASELINE="425 2229 1779 2229" HEIGHT="47" HPOS="425" ID="tl_46" VPOS="2182" WIDTH="1354">
<String CONTENT="l. s. du roi son époux, don François d’Assise, au même; Madrid," HEIGHT="47" HPOS="425" ID="string_tl_46" VPOS="2182" WIDTH="1354"/>
</TextLine>
<TextLine BASELINE="427 2272 1778 2272" HEIGHT="45" HPOS="427" ID="tl_47" VPOS="2227" WIDTH="1351">
<String CONTENT="1849, 1/2 p. in-f. oblong. Belles pièces. 12 »" HEIGHT="45" HPOS="427" ID="string_tl_47" VPOS="2227" WIDTH="1351"/>
</TextLine>
</TextBlock>
<TextBlock HEIGHT="48" HPOS="313" ID="r_2_26" VPOS="2274" WIDTH="1466">
<Shape>
<Polygon POINTS="313 2274 1779 2274 1779 2322 313 2322"/>
</Shape>
<TextLine BASELINE="314 2321 1778 2321" HEIGHT="46" HPOS="314" ID="tl_48" VPOS="2275" WIDTH="1464">
<String CONTENT="4423 Janin (Jules), le prince des Critiques. — L. a. s. au musicien" HEIGHT="46" HPOS="314" ID="string_tl_48" VPOS="2275" WIDTH="1464"/>
</TextLine>
</TextBlock>
<TextBlock HEIGHT="48" HPOS="425" ID="r_2_27" VPOS="2319" WIDTH="1358">
<Shape>
<Polygon POINTS="425 2319 1783 2319 1783 2367 425 2367"/>
</Shape>
<TextLine BASELINE="426 2366 1782 2366" HEIGHT="46" HPOS="426" ID="tl_49" VPOS="2320" WIDTH="1356">
<String CONTENT="belge Haumann ; Lyon, 1834, 1 p. in-8. 1 50" HEIGHT="46" HPOS="426" ID="string_tl_49" VPOS="2320" WIDTH="1356"/>
</TextLine>
</TextBlock>
<TextBlock HEIGHT="48" HPOS="315" ID="r_2_28" VPOS="2371" WIDTH="1467">
<Shape>
<Polygon POINTS="315 2371 1782 2371 1782 2419 315 2419"/>
</Shape>
<TextLine BASELINE="316 2418 1781 2418" HEIGHT="46" HPOS="316" ID="tl_50" VPOS="2372" WIDTH="1465">
<String CONTENT="4424 Jean II, roi d’Aragon et de Navarre, mari de Blanche de" HEIGHT="46" HPOS="316" ID="string_tl_50" VPOS="2372" WIDTH="1465"/>
</TextLine>
</TextBlock>
<TextBlock HEIGHT="95" HPOS="426" ID="r_2_29" VPOS="2412" WIDTH="1356">
<Shape>
<Polygon POINTS="426 2412 1782 2412 1782 2507 426 2507"/>
</Shape>
<TextLine BASELINE="428 2464 1781 2464" HEIGHT="51" HPOS="428" ID="tl_51" VPOS="2413" WIDTH="1353">
<String CONTENT="Castille, père de Ferdinand le Catholique. — L. s. au duc de" HEIGHT="51" HPOS="428" ID="string_tl_51" VPOS="2413" WIDTH="1353"/>
</TextLine>
<TextLine BASELINE="427 2506 1779 2506" HEIGHT="45" HPOS="427" ID="tl_52" VPOS="2461" WIDTH="1352">
<String CONTENT="Milan; 12 mai 1456, 1/2 p. in-f., sceau. Rare. 14 »" HEIGHT="45" HPOS="427" ID="string_tl_52" VPOS="2461" WIDTH="1352"/>
</TextLine>
</TextBlock>
<TextBlock HEIGHT="48" HPOS="315" ID="r_2_30" VPOS="2512" WIDTH="1467">
<Shape>
<Polygon POINTS="315 2512 1782 2512 1782 2560 315 2560"/>
</Shape>
<TextLine BASELINE="316 2559 1781 2559" HEIGHT="46" HPOS="316" ID="tl_53" VPOS="2513" WIDTH="1465">
<String CONTENT="4425 Joseph II, empereur d’Allemagne, le hardi réformateur de" HEIGHT="46" HPOS="316" ID="string_tl_53" VPOS="2513" WIDTH="1465"/>
</TextLine>
</TextBlock>
<TextBlock HEIGHT="49" HPOS="426" ID="r_2_31" VPOS="2556" WIDTH="1356">
<Shape>
<Polygon POINTS="426 2556 1782 2556 1782 2605 426 2605"/>
</Shape>
<TextLine BASELINE="427 2604 1781 2604" HEIGHT="47" HPOS="427" ID="tl_54" VPOS="2557" WIDTH="1354">
<String CONTENT="son pays. — L. s., en allemand, 1762, 1 /4 de page in-4. 3 »" HEIGHT="47" HPOS="427" ID="string_tl_54" VPOS="2557" WIDTH="1354"/>
</TextLine>
</TextBlock>
<TextBlock HEIGHT="49" HPOS="318" ID="r_2_32" VPOS="2606" WIDTH="1465">
<Shape>
<Polygon POINTS="318 2606 1783 2606 1783 2655 318 2655"/>
</Shape>
<TextLine BASELINE="319 2654 1782 2654" HEIGHT="47" HPOS="319" ID="tl_55" VPOS="2607" WIDTH="1463">
<String CONTENT="4426 Joséphine, impératrice des Français. — L. s. au général" HEIGHT="47" HPOS="319" ID="string_tl_55" VPOS="2607" WIDTH="1463"/>
</TextLine>
</TextBlock>
<GraphicalElement HEIGHT="195" HPOS="0" ID="r_3" VPOS="2648" WIDTH="3"/>
</PrintSpace>
</Page>
</Layout>
</alto>