1841 2972
826 146 199 38 - 24 -

200 242 1465 45 4505 Le même. — L. a. s. au même; Londres, 5 nov. 1868, 1 p.

311 286 1356 45 in-8, enveloppe. 2 »

200 331 1470 46 4506 Ferdinand Ier, empereur d’Allemagne, frère et successeur

312 372 1358 47 de Charles-Quint, ferme envers la cour de Rome, tolérant

312 416 1355 50 pour les Réformés. — L. sig. en latin, au cardinal Carracciolo ;

312 455 1353 55 Vienne, 17 janv. 1537, 1 p. in-f., cachet. Belle pièce. 3 »

201 501 1467 56 4507 Garibaldi (G.), le héros de l’indépendance italienne. — L. a.

315 551 1354 50 s., en français, à M. R. Gromier ; Caprera, 12 janv. 1869, 1 p.

312 595 1355 47 in-8, enveloppe. Très-curieuse épître politique. 17 »

200 639 1470 47 4508 Gronovius (J.-Fréd.), illustre philologue, l’un des principaux

312 683 1358 54 commentateurs des classiques Variorum. — L. a. s., en latin, à

313 727 1356 49 Cl. Saumaise; la Haye, 7 juillet 1637, 1 p. 1/2 grand in-f.,

314 774 1351 36 cachet. 12 »

357 818 1014 38 Superbe et intéressante épître littéraire, relative à Manilius.

201 854 1465 55 4509 Malherbe (Fr. de), le restaurateur de la poésie française.—

312 893 1352 55 Quitt. sig. sur vélin, 31 juil. 1617, in-8. Belle pièce. 18 »

358 947 847 39 Reçu de 400 liv. comme écuyer en l’écurie du roi.

200 981 1467 50 4510 Van Witelli (Gaspard), célèbre peintre paysagiste de l’Ecole

313 1028 1355 52 romaine, né à Utrecht, surnommé Gaspare degli Occhiali. —

314 1071 1353 49 Paysage dessiné à la plume, sig. de ses initiales, avec le lieu

313 1118 1355 45 et la date aut. ; Marino, 15 mai 1714, in-f. 12 »

770 1238 328 47 PRIME

235 1309 1400 37 exclusivement réservée aux Abonnés de la REVUE

651 1371 564 41 DES AUTOGRAPHES

523 1483 830 66 CORRESPONDANCE

886 1567 97 23 ENTRE

223 1615 1424 90 BOILEAU ET BROSSETTE

874 1722 125 29 PUBLIÉE

458 1760 963 41 SUR LES MANUSCRITS ORIGINAUX EN PARTIE INÉDITS

906 1815 55 21 PAR

695 1848 485 38 Auguste LAVERDET

862 1902 155 23 AVEC UNE

528 1943 830 48 INTRODUCTION DE JULES JANIN.

292 2087 1375 54 Un volume in-8° de 640 pages, imprimé en 1858 par M. Claye,

202 2129 1466 48 sur papier carré vélin, choisi par l’éditeur lui-même, avec 6 fac-

202 2175 1212 45 similé exécutés avec soin, et la généalogie de Boileau.

291 2219 1378 47 Ce magnifique volume de bibliothèque est le complément in¬

202 2263 1464 48 dispensable de toutes les éditions de Boileau, même de celles qui

201 2308 1466 47 se publieront à l’avenir, tous droits étant réservés pour la partie iné¬

202 2352 97 36 dite.

530 2396 810 37 Au lieu de 10 fr. UN franc.

315 2452 1241 43 Franco, par la Poste : France, 1 fr. 80; Etranger, 2 fr. 50.

466 2576 951 33 Rouen, J. Lecerf, imprimeur de la Cour impériale et de la Mairie.
