1802 3007
780 172 204 47 - 19 -

259 269 1353 49 une princesse; Paris, 26 oct. 1838, 1 p. 1/4 in-8, enveloppe et

259 313 1352 47 cachet. Très-jolie pièce. 14 »

304 358 1308 41 Gracieuse épître en réponse à des compliments sur la naissance du comte de

267 397 94 31 Paris.

148 436 1464 48 4452 Mélanchthon (Philippe), réformateur illustre. — Pièce sig.,

260 480 1352 47 en allemand; 15 janv. 1551, 1 p. 1/2 in-f0., cachets. 30 »

309 524 1305 42 Belle pièce, mais avec un léger raccommodage. Elle porte également la signa¬

267 564 1056 39 ture et le cachet de Jean Bugenhagen, le célèbre réformateur.

151 602 1464 53 4453 Meyerbeer (Jacques) le grand compositeur. — L. a. s., en

261 646 1354 48 français, à F. Pezzi, rédacteur de la Gazette de Milan ; Trieste,

266 683 1349 53 14 nov. 1824, 2 p. in-4, cachet. 15 »

309 735 1309 41 Epître très-intéressante relative à son Crociato in Egito, qui vient d’obtenir

269 769 1349 46 un succès éclatant. On a fait un article pour la Gazette, mais on y déprime trop

269 812 1350 41 les compositeurs italiens modernes pour l’élever au-dessus d'eux. « Outre que

268 851 1351 41 cela n’est pas vrai, dit-il, cela ne peut que déplaire aux lecteurs italiens, qui se

269 891 1169 40 trouveraient justement offensés du mépris de leur musique nationale. »

153 927 1465 48 4454 Mignet, célèbre historien, de l’Acad. fr. — L. a. s., 1 p.

266 971 1352 38 in-8. 2 »

154 1015 1464 48 4455 Mirabeau (le comte de), l’illustre orateur. — L. aut. à un

265 1060 1355 49 de ses collaborateurs, Berlin, 27 juil. 1786, 1 p. 1/2 pet.

266 1104 1353 37 in-4. 18 »

318 1150 1304 40 Curieuse épître relative à sa mission à Berlin. Il est en mesure de réaliser

273 1190 1350 39 leurs projets. Il a une couple de manuscrits tout prêts, qui demandent une

275 1229 1345 38 grande célérité de publication et pour lesquels il lui faudrait deux presses,

275 1268 1348 39 Peut-on compter là-bas, demande-t-il, sur toute la liberté possible de la presse?

276 1307 1347 40 « Car, ajoute-t-il, ce n'est qu’ainsi que le commerce des pensées peut non-seu¬

274 1346 1120 40 lement acquérir toute son utilité, mais recouvrer toute dignité... »

158 1383 1463 48 4456 Moigno (l’abbé F.), savant mathématicien et physicien,

269 1429 1352 43 directeur du Cosmos, né dans le Morbihan. — L. a. s. à Ach.

271 1473 1353 45 Comte, 1 p. in-8. 1 50

157 1517 1464 47 4457 Murger (Henry), écrivain original, auteur de La vie de Bohême.

269 1562 1352 45 — L. a. s. (à Ach. Comte), 1 p. in-8. Rare. 8 »

315 1606 1309 40 Jolie lettre où il exprime sa vive gratitude pour une distinction que M. de Sal-

274 1646 1045 39 vandy, ministre de l’Instruction publique, vient de lui accorder.

159 1682 1464 54 4458 Napoléon III, empereur des Français. — L. sig.; Paris,

267 1722 1356 53 25 janv. 1855, 1/2 p. in-f. Belle pièce. 10 »

159 1771 1467 48 4459 Offenbach (Jacques), compositeur de musique, le gracieux

271 1817 1353 43 auteur de la Grande Duchesse de Gérolstein.— L. a. s., 1/2 p.

272 1862 1354 37 in-4. 2 50

158 1914 1467 49 4460 Ollivier (Emile), célèbre avocat et homme politique, député

270 1960 1357 47 de Paris, puis du Var, né à Marseille. — L. a. s. (à M. Cre¬

273 2006 1352 45 ntier ), 15 mai 1868, 1 p. in-8. 6 »

316 2048 1311 41 Relative à la ligne à suivre pour les élections de 1869. « Je pense, dit-il, que le

279 2088 1347 41 point capital est d’assurer le succès des candidats qui ne sont pas inféodés à

277 2127 1348 41 l’Administration. Au premier tour de scrutin, il faut multiplier les candidats :

276 2165 1351 42 chaque opinion doit avoir le sien; au deuxième tour, on se réunit sur celui des

278 2205 1019 40 dissidents, quel qu’il soit, qui a obtenu le plus de suffrages. »

161 2254 1464 46 4461 Orléans (Hélène, duchesse d’), épouse du duc d’Orléans,

273 2299 1353 47 mère du comte de Paris. — L. a. s. en français, au prince de

272 2343 1352 45 Joinville, son futur beau-frère; Ludwigslust, 27 av. 1837,

273 2389 1351 46 2 p. in-4. Belle pièce. 12 »

321 2431 1306 41 L’avenir la rapprochant de la famille du prince, elle pourra « jouir des récits

278 2472 1350 41 que le jeune croisé fait au retour de ses pèlerinages, et s’instruire par tout ce

280 2512 696 40 qu’il a recueilli dans ses longs voyages »

166 2559 1461 47 4462 Orléans (Marie d’), fille du roi Louis-Philippe, duchesse de

276 2604 1351 47 Wurtemberg, princesse artiste, à qui l'on doit la statuette
