2480 3188
124 140 1534 54 LIVRES ANCIENS, ROMANTIQUES ET MODERNES

120 1918 11 34 1

122 1977 548 37 ETIENNE JODELLE (1532-1573)

122 2045 701 39 Les œuvres et meslanges poétiques...

122 2112 969 36 Reveues & augmentées en cette dernière édition. A Paris,

120 2155 959 38 chez Robert Le Fizelier 1583. ln-12 (135 x 75 mm). Chagrin

121 2203 923 34 bleu second empire, triple filet en encadrement sur les

121 2247 920 36 plats, fleurons aux angles, dos à nerfs orné; filet sur les

120 2292 905 35 coupes. Tranches dorées. Double filet intérieure. Etui.

120 2353 1013 37 12 ff. et 298 ff. (mal folioté 294) [â12 a-z12 A-B12 (811-12 blanc]

120 2418 906 34 Seconde édition. Exemplaire complet des 10 derniers

118 2463 649 34 feuillets qui manquent le plus souvent.

860 2532 278 26 6 000 / 8 000 €

122 2609 1016 32 Précieux exemplaire portant sur le titre la signature autographe de

122 2650 108 24 Racine.

121 2701 1017 32 Rousseurs pâles dans les premiers feuillets. Petit grattage sur la date

120 2742 291 24 et en haute du titre.

121 2826 186 32 RÉFÉRENCE

121 2874 1017 31 Paul Bonnefon, «La bibliothèque de Racine», in Revue d’Histoire

121 2914 1017 31 littéraire de la France, 5e année, 1898, pp. 169 à 219. L’exemplaire

119 2954 293 24 Jodelle est le n° LII.

1226 1986 1016 30 Le recensement des livres propres à Jean Racine a occupé les plus

1224 2026 1017 31 grands savants bibliographes, Paul Mesnard, le vicomte de Grouchy,

1224 2065 1019 31 Quérard, parmi d'autres, qui ont tenté de reconstituer la bibliothèque

1224 2103 1018 33 à partir des recherches sur les minutes notariales (l’inventaire après

1224 2143 1019 33 décès), l'examen des exemplaires déposés à la Bibliothèque nationale

1225 2185 1017 31 par Racine lui-même puis par son fils Louis, l’étude de la collection

1224 2225 1019 32 achetée par Le Franc de Pompignan à la vente de Louis, rachetée

1225 2265 1018 31 par l’archevêque Loménie de Brienne et donnée à la bibliothèque

1224 2303 1018 34 des jésuites de Toulouse (aujourd’hui collection publique), et enfin

1225 2346 1017 31 le dépouillage de ventes publiques au fil du temps. La liste la plus

1224 2386 1019 30 complète est certainement celle qui fut dressée par Paul Bonnefon

1224 2425 1019 31 en 1898. C’est dans L’Intermédiaire des chercheurs et des curieux que

1226 2465 1016 31 Bonnefon trouve mentionné pour la première fois l’exemplaire des

1224 2506 1018 31 oeuvres de Jodelle, qui «porte la signature de Racine, sur le titre, au

1224 2546 910 30 dessous de la marque d’imprimeur», sans autre information.

1226 2618 185 32 RÉFÉRENCE

1226 2666 715 31 Brunet III-549 : « Jolie édition, peu commune ».

1225 2748 218 23 PROVENANCE

1225 2786 1017 31 Lucien-Graux vente du 20/21 mars 1958, 6° partie n°141, et Charles

1224 2826 616 32 Vander Elst. Exemplaire signé par Racine

120 3075 28 22 12

999 3069 486 20 LES COLLECTIONS ARISTOPHIL
