2480 3188
1131 645 343 39 LES OPÉRATEURS

1148 703 218 28 DE VENTES

1168 760 419 26 POUR LES COLLECTIONS

1187 807 196 26 ARISTOPHIL

120 1108 313 29 Qui sommes-nous ?

121 1148 649 31 Dans le cadre de deux décisions dejustice, la

120 1188 649 32 Société de Ventes Aguttes a effectué les opé¬

121 1228 649 32 rations logistiques de transfert, tri, inventaire

120 1269 650 30 et conservation des œuvres en provenance

120 1308 650 31 des Collections Aristophil. Elle a ensuite

120 1348 650 31 procédé à la restitution de ces œuvres à leurs

120 1388 650 32 propriétaires. Elle a également proposé une

120 1428 650 32 organisation et un plan stratégique pour les

119 1468 651 31 ventes des années à venir. Ainsi, une partie

120 1508 651 31 des Collections Aristophil sera dispersée de

119 1546 651 34 façon judiciaire (biens propres de la société

119 1586 651 33 Aristophil mise en liquidation), tandis qu’une

120 1628 650 32 autre partie sera vendue de façon volontaire

119 1666 650 33 (propriétaires uniques, ou copropriétaires

121 1706 108 33 indivis).

857 1106 649 33 OVA : les Opérateurs de Ventes pour les

856 1147 343 32 Collections Aristophil

858 1189 648 30 La dispersion des œuvres indivisaires

857 1228 648 31 a été confiée à quatre OVV : AGUTTES,

856 1268 651 29 ARTCURIAL, DROUOT ESTIMATIONS et

856 1308 302 24 ADER-NORDMANN

856 1348 650 25 AGUTTES reste le coordinateur des ventes

856 1388 650 32 des indivisions et assurera également les

856 1428 650 31 ventes des lots judiciaires et des biens appar¬

855 1468 524 31 tenant à des propriétaires uniques.

1594 1106 649 33 La maison Aguttes est l’opérateur pour

1593 1152 169 20 cette vente

1594 1188 647 32 Fondée par Claude Aguttes, commissaire-

1593 1228 648 31 priseur, installée depuis plus de 20 ans à

1594 1268 649 32 Neuilly-sur-Seine, la maison Aguttes organise

1592 1309 652 24 ses ventes sur deux autres sites – Drouot

1591 1346 651 34 (Paris) et Lyon. Elle se distingue aujourd’hui

1592 1388 651 31 comme un acteur majeur sur le marché de

1593 1428 649 31 l’art et des enchères. Son indépendance,

1592 1468 650 31 son esprit de famille resté intact et sa capa¬

1592 1508 650 32 cité à atteindre régulièrement des records

1593 1548 650 25 nationaux mais aussi mondiaux font toute

1592 1588 218 32 son originalité.

878 2135 606 49 CATÉGORIE DES VENTES

858 2267 583 31 Les ventes des Collections Aristophil

856 2307 500 31 ont plusieurs provenances et se

857 2348 595 31 regroupent dans deux types de vente:

856 2452 650 31 1 - Ventes volontaires autorisées par une

857 2492 648 31 réquisition du propriétaire ou par le TGI s’il

856 2532 650 32 s’agit d’une indivision; les frais acheteurs

856 2570 650 34 seront de 30% TTC (25% HT). Il s'agit des

857 2612 638 32 lots non précédés par un signe particulier.

856 2693 649 31 2 - Ventes judiciaires ordonnées par le Tri¬

857 2733 649 29 bunal de Commerce; les frais acheteurs

856 2770 467 33 seront de 14,40% TTC < 12%HT).

857 2821 364 33 signalés par le signe + .

119 3075 16 22 4
