2480 3188
240 301 27 34 11

238 366 474 26 MADAME DE LA FAYETTE

237 406 195 36 (1634-1693)

240 473 433 30 La Princesse de Clèves

238 538 557 38 S.l.n.d. [Amsterdam, A. Wolfgang

239 583 458 37 ?,1678]. 4 tomes en 1 v in-12

237 628 501 37 (134 x 73 mm). Plein maroquin

238 676 575 34 citron de l'époque, triple filet doré

238 721 496 34 en encadrement sur les plats,

238 766 499 32 dos 5 à nerfs richement orné;

239 811 550 34 roulette sur les coupes, tranches

238 856 441 32 dorées dentelle intérieure,

238 901 467 35 gardes marbrées d’époque.

976 366 594 36 1 f. de frontispice gravé avec le titre

975 411 613 33 « La Princesse de Clèves », 1 f. d’avis

975 457 543 34 « Le libraire au lecteur », 203 pp.

975 499 545 37 (parties I et II) et 197 pp. 1 f. n. ch

975 544 588 38 (fin du Privilège achevé d’imprimer

977 589 527 37 le 8 mars 1678) (parties III et IV).

976 654 634 36 5 lettrines et 4 bandeaux gravés à tête

976 699 644 33 de buffle, sur le deuxième et troisième

974 744 550 36 feuillet ainsi que sur la 1ère page

976 789 620 34 des parties III et IV. Un cul-de-lampe

976 834 635 27 à tête de méduse au verso du dernier

974 879 118 27 feuillet.

1345 948 278 27 6 000 / 8 000 €

979 1726 644 32 Superbe et rare édition parue la même année

978 1766 644 32 que l’originale, ornée d’un joli titre illus¬

977 1807 646 31 tré, ayant appartenu au grand bibliophile

978 1846 246 25 Charles Nodier.

978 1899 645 31 Ce frontispice représente un couple assis

978 1939 645 31 sur une terrasse par des Palustres en marbre

978 1979 646 31 derrière lesquels on devine un troisième

979 2019 644 32 personnage observant la scène. Sur une

978 2059 645 24 colonnette de la balustrade se devine la lettre

977 2099 647 31 « L ». Sur un piédestal, une sphère entourée

978 2139 645 24 de lauriers et surmontée d'une couronne

979 2179 551 31 porte le titre La Princesse de Clèves.

980 2231 642 32 L’originale de La Princesse de Clèves,

979 2271 643 31 imprimée par Claude Larbin, étant raris¬

978 2311 647 31 sime en reliure d’époque, on peut aisément

978 2351 646 32 comprendre qu’un grand collectionneur

978 2391 644 31 comme Charles Nodier ait possédé un exem¬

979 2431 643 31 plaire de cette édition hollandaise parue la

979 2471 643 32 même année. Selon certains bibliographes,

978 2511 644 31 cet exemplaire est sorti des presses elzé-

977 2551 645 24 viriennes. Pour le collectionneur et biblio¬

978 2588 646 35 graphe de Gand Charles Pieters (1782-1863)

979 2631 645 31 notamment, plusieurs caractéristiques de

979 2671 645 31 l'impression, comme le cul-de-lampe à tête

978 2711 644 31 de Méduse ou les fleurons, indiquent nette¬

979 2751 643 31 ment sa provenance elzévirienne. Cependant,

978 2791 646 31 Alphonse Willems, qui fait autorité pour

979 2831 644 31 beaucoup désormais, dément cette assertion

978 2871 646 31 au vu des fleurons justement, qui diffèrent

978 2911 646 31 selon lui de ceux employés par les Elzévir, et

978 2951 645 32 du fait que cette édition ne figure dans aucun

1151 3062 188 27 LITTÉRATURE

1716 1725 645 32 catalogue officiel des Elzévir. Il attribue cette

1716 1765 644 32 édition à l’imprimeur Abraham Wolfgang,

1716 1805 644 31 actif à Amsterdam de 1658 à 1693 et qui

1716 1846 645 30 reproduisit dix ans plus tard une variante

1716 1885 645 31 de notre exemplaire, en 1688. Elzévirienne

1716 1925 645 31 ou non, cette édition du premier roman

1716 1965 644 32 moderne de la langue française, n’en est pas

1716 2005 645 29 moins de belle facture, dans une rare reliure

1716 2046 450 30 du temps en maroquin citron.

1717 2097 645 32 Petites usures d’usages. Infimes taches sur

1717 2137 126 31 les plats.

1717 2209 206 33 RÉFÉRENCES

1716 2255 645 33 Graesse IV, 71 ; Brunet III, 743 (cité comme

1716 2295 644 33 édition elzévirienne) ; Willems n°1923 ; Tche¬

1716 2338 243 29 merzine, III, 839.

1717 2420 218 22 PROVENANCE

1717 2458 644 31 Bibliothèque de Charles Nodier n°791 vente

1716 2496 645 32 de 1844. Charles Pieters (ex-libris). Mention

1716 2538 644 29 manuscrite ancienne, à l'encre noire, sur la

1716 2578 645 32 dernière garde : « De la vente faitte chés

1717 2618 630 29 le Sr Pe Gaudouin libraire en 1727, n°259 »

2329 3069 35 38 21
