<?xml version="1.0" encoding="utf-8"?>
<alto xmlns="http://www.loc.gov/standards/alto/ns-v4#" xmlns:xsi="http://www.w3.org/2001/XMLSchema-instance" xsi:schemaLocation="http://www.loc.gov/standards/alto/ns-v4# https://gitlab.inria.fr/scripta/escriptorium/-/raw/develop/app/escriptorium/static/alto-4-1-baselines.xsd">
<Description>
<MeasurementUnit>pixel</MeasurementUnit><sourceImageInformation><fileName>2018_11_14_aristophil-0020.jpg</fileName></sourceImageInformation>
<OCRProcessing ID="IdOcr">
<ocrProcessingStep>
<processingDateTime>2020-10-31T11:50:57.353+01:00</processingDateTime>
<processingSoftware>
<softwareCreator>READ COOP</softwareCreator>
<softwareName>Transkribus</softwareName>
</processingSoftware>
</ocrProcessingStep>
</OCRProcessing>
</Description>
<Layout>
<Page HEIGHT="3188" ID="Page1" PHYSICAL_IMG_NR="1" WIDTH="2480">
<TopMargin HEIGHT="286" HPOS="0" VPOS="0" WIDTH="2480"/>
<LeftMargin HEIGHT="2818" HPOS="0" VPOS="286" WIDTH="114"/>
<RightMargin HEIGHT="2818" HPOS="2183" VPOS="286" WIDTH="297"/>
<BottomMargin HEIGHT="84" HPOS="0" VPOS="3104" WIDTH="2480"/>
<PrintSpace HEIGHT="2818" HPOS="114" VPOS="286" WIDTH="2069">
<TextBlock HEIGHT="38" HPOS="489" ID="r_9_1" VPOS="2393" WIDTH="26">
<Shape>
<Polygon POINTS="489 2393 515 2393 515 2431 489 2431"/>
</Shape>
<TextLine BASELINE="490 2430 514 2430" HEIGHT="36" HPOS="490" ID="tl_11" VPOS="2394" WIDTH="24">
<String CONTENT="6" HEIGHT="36" HPOS="490" ID="string_tl_11" VPOS="2394" WIDTH="24"/>
</TextLine>
</TextBlock>
<TextBlock HEIGHT="38" HPOS="491" ID="r_9_2" VPOS="2454" WIDTH="615">
<Shape>
<Polygon POINTS="491 2454 1106 2454 1106 2492 491 2492"/>
</Shape>
<TextLine BASELINE="492 2491 1105 2491" HEIGHT="36" HPOS="492" ID="tl_12" VPOS="2455" WIDTH="613">
<String CONTENT="LORENZO MAGALOTTI (1637-1712)" HEIGHT="36" HPOS="492" ID="string_tl_12" VPOS="2455" WIDTH="613"/>
</TextLine>
</TextBlock>
<TextBlock HEIGHT="82" HPOS="489" ID="r_9_3" VPOS="2521" WIDTH="612">
<Shape>
<Polygon POINTS="489 2521 1101 2521 1101 2603 489 2603"/>
</Shape>
<TextLine BASELINE="490 2562 1100 2562" HEIGHT="40" HPOS="490" ID="tl_13" VPOS="2522" WIDTH="610">
<String CONTENT="Saggi di noturali esperienze fatti" HEIGHT="40" HPOS="490" ID="string_tl_13" VPOS="2522" WIDTH="610"/>
</TextLine>
<TextLine BASELINE="491 2602 1049 2602" HEIGHT="30" HPOS="491" ID="tl_14" VPOS="2572" WIDTH="558">
<String CONTENT="nell’Accademia del Cimento..." HEIGHT="30" HPOS="491" ID="string_tl_14" VPOS="2572" WIDTH="558"/>
</TextLine>
</TextBlock>
<TextBlock HEIGHT="209" HPOS="488" ID="r_9_4" VPOS="2639" WIDTH="638">
<Shape>
<Polygon POINTS="488 2639 1126 2639 1126 2848 488 2848"/>
</Shape>
<TextLine BASELINE="492 2672 1114 2672" HEIGHT="32" HPOS="492" ID="tl_15" VPOS="2640" WIDTH="622">
<String CONTENT="Firenze , Gius. Cocchini 1666. In folio" HEIGHT="32" HPOS="492" ID="string_tl_15" VPOS="2640" WIDTH="622"/>
</TextLine>
<TextLine BASELINE="489 2720 1125 2720" HEIGHT="38" HPOS="489" ID="tl_16" VPOS="2682" WIDTH="636">
<String CONTENT="(345x245); Maroquin rouge à l’éventail" HEIGHT="38" HPOS="489" ID="string_tl_16" VPOS="2682" WIDTH="636"/>
</TextLine>
<TextLine BASELINE="490 2764 1084 2764" HEIGHT="34" HPOS="490" ID="tl_17" VPOS="2730" WIDTH="594">
<String CONTENT="de l’époque; dos à nerfs richement" HEIGHT="34" HPOS="490" ID="string_tl_17" VPOS="2730" WIDTH="594"/>
</TextLine>
<TextLine BASELINE="490 2809 994 2809" HEIGHT="34" HPOS="490" ID="tl_18" VPOS="2775" WIDTH="504">
<String CONTENT="orné. Roulette sur les coupes." HEIGHT="34" HPOS="490" ID="string_tl_18" VPOS="2775" WIDTH="504"/>
</TextLine>
<TextLine BASELINE="490 2847 779 2847" HEIGHT="27" HPOS="490" ID="tl_19" VPOS="2820" WIDTH="289">
<String CONTENT="Tranches dorées." HEIGHT="27" HPOS="490" ID="string_tl_19" VPOS="2820" WIDTH="289"/>
</TextLine>
</TextBlock>
<TextBlock HEIGHT="36" HPOS="490" ID="r_9_5" VPOS="2882" WIDTH="374">
<Shape>
<Polygon POINTS="490 2882 864 2882 864 2918 490 2918"/>
</Shape>
<TextLine BASELINE="491 2917 863 2917" HEIGHT="34" HPOS="491" ID="tl_20" VPOS="2883" WIDTH="372">
<String CONTENT="8 ff. et CCLXIX pp. 8 ff." HEIGHT="34" HPOS="491" ID="string_tl_20" VPOS="2883" WIDTH="372"/>
</TextLine>
</TextBlock>
<TextBlock HEIGHT="28" HPOS="828" ID="r_9_6" VPOS="2951" WIDTH="310">
<Shape>
<Polygon POINTS="828 2951 1138 2951 1138 2979 828 2979"/>
</Shape>
<TextLine BASELINE="829 2978 1137 2978" HEIGHT="26" HPOS="829" ID="tl_21" VPOS="2952" WIDTH="308">
<String CONTENT="12 000 / 15 000 €" HEIGHT="26" HPOS="829" ID="string_tl_21" VPOS="2952" WIDTH="308"/>
</TextLine>
</TextBlock>
<TextBlock HEIGHT="73" HPOS="1225" ID="r_10_1" VPOS="2458" WIDTH="648">
<Shape>
<Polygon POINTS="1225 2458 1873 2458 1873 2531 1225 2531"/>
</Shape>
<TextLine BASELINE="1227 2490 1872 2490" HEIGHT="31" HPOS="1227" ID="tl_22" VPOS="2459" WIDTH="645">
<String CONTENT="Portrait frontispice du grand Duc Ferdinand" HEIGHT="31" HPOS="1227" ID="string_tl_22" VPOS="2459" WIDTH="645"/>
</TextLine>
<TextLine BASELINE="1226 2530 1698 2530" HEIGHT="32" HPOS="1226" ID="tl_23" VPOS="2498" WIDTH="472">
<String CONTENT="Il et 72 planches à pleine page." HEIGHT="32" HPOS="1226" ID="string_tl_23" VPOS="2498" WIDTH="472"/>
</TextLine>
</TextBlock>
<TextBlock HEIGHT="155" HPOS="1225" ID="r_10_2" VPOS="2550" WIDTH="649">
<Shape>
<Polygon POINTS="1225 2550 1874 2550 1874 2705 1225 2705"/>
</Shape>
<TextLine BASELINE="1226 2575 1858 2575" HEIGHT="24" HPOS="1226" ID="tl_24" VPOS="2551" WIDTH="632">
<String CONTENT="Première édition à la bonne date de 1666." HEIGHT="24" HPOS="1226" ID="string_tl_24" VPOS="2551" WIDTH="632"/>
</TextLine>
<TextLine BASELINE="1226 2615 1873 2615" HEIGHT="24" HPOS="1226" ID="tl_25" VPOS="2591" WIDTH="647">
<String CONTENT="Premier cahier bruni. Petit trou de vers aux" HEIGHT="24" HPOS="1226" ID="string_tl_25" VPOS="2591" WIDTH="647"/>
</TextLine>
<TextLine BASELINE="1226 2662 1873 2662" HEIGHT="31" HPOS="1226" ID="tl_26" VPOS="2631" WIDTH="647">
<String CONTENT="mors, mais bel exemplaire en reliure de" HEIGHT="31" HPOS="1226" ID="string_tl_26" VPOS="2631" WIDTH="647"/>
</TextLine>
<TextLine BASELINE="1226 2704 1361 2704" HEIGHT="31" HPOS="1226" ID="tl_27" VPOS="2673" WIDTH="135">
<String CONTENT="l'époque." HEIGHT="31" HPOS="1226" ID="string_tl_27" VPOS="2673" WIDTH="135"/>
</TextLine>
</TextBlock>
<TextBlock HEIGHT="34" HPOS="1225" ID="r_10_3" VPOS="2745" WIDTH="188">
<Shape>
<Polygon POINTS="1225 2745 1413 2745 1413 2779 1225 2779"/>
</Shape>
<TextLine BASELINE="1226 2778 1412 2778" HEIGHT="32" HPOS="1226" ID="tl_28" VPOS="2746" WIDTH="186">
<String CONTENT="RÉFÉRENCE" HEIGHT="32" HPOS="1226" ID="string_tl_28" VPOS="2746" WIDTH="186"/>
</TextLine>
</TextBlock>
<TextBlock HEIGHT="146" HPOS="1225" ID="r_10_4" VPOS="2793" WIDTH="649">
<Shape>
<Polygon POINTS="1225 2793 1874 2793 1874 2939 1225 2939"/>
</Shape>
<TextLine BASELINE="1226 2824 1873 2824" HEIGHT="30" HPOS="1226" ID="tl_29" VPOS="2794" WIDTH="647">
<String CONTENT="Brunet V-29 : « L’édition que nous indiquons" HEIGHT="30" HPOS="1226" ID="string_tl_29" VPOS="2794" WIDTH="647"/>
</TextLine>
<TextLine BASELINE="1226 2864 1873 2864" HEIGHT="30" HPOS="1226" ID="tl_30" VPOS="2834" WIDTH="647">
<String CONTENT="est la plus rare, surtout avec la date de 1666" HEIGHT="30" HPOS="1226" ID="string_tl_30" VPOS="2834" WIDTH="647"/>
</TextLine>
<TextLine BASELINE="1226 2906 1873 2906" HEIGHT="32" HPOS="1226" ID="tl_31" VPOS="2874" WIDTH="647">
<String CONTENT="et le beau portrait du grand duc Ferdinand" HEIGHT="32" HPOS="1226" ID="string_tl_31" VPOS="2874" WIDTH="647"/>
</TextLine>
<TextLine BASELINE="1226 2938 1489 2938" HEIGHT="24" HPOS="1226" ID="tl_32" VPOS="2914" WIDTH="263">
<String CONTENT="II. » Riccardi I 407" HEIGHT="24" HPOS="1226" ID="string_tl_32" VPOS="2914" WIDTH="263"/>
</TextLine>
</TextBlock>
<TextBlock HEIGHT="25" HPOS="119" ID="r_11_1" VPOS="3074" WIDTH="31">
<Shape>
<Polygon POINTS="119 3074 150 3074 150 3099 119 3099"/>
</Shape>
<TextLine BASELINE="120 3098 149 3098" HEIGHT="23" HPOS="120" ID="tl_33" VPOS="3075" WIDTH="29">
<String CONTENT="18" HEIGHT="23" HPOS="120" ID="string_tl_33" VPOS="3075" WIDTH="29"/>
</TextLine>
</TextBlock>
<TextBlock HEIGHT="22" HPOS="998" ID="r_12_1" VPOS="3068" WIDTH="488">
<Shape>
<Polygon POINTS="998 3068 1486 3068 1486 3090 998 3090"/>
</Shape>
<TextLine BASELINE="999 3089 1485 3089" HEIGHT="20" HPOS="999" ID="tl_34" VPOS="3069" WIDTH="486">
<String CONTENT="LES COLLECTIONS ARISTOPHIL" HEIGHT="20" HPOS="999" ID="string_tl_34" VPOS="3069" WIDTH="486"/>
</TextLine>
</TextBlock>
<GraphicalElement HEIGHT="3" HPOS="1306" ID="r_13" VPOS="894" WIDTH="118"/>
<GraphicalElement HEIGHT="13" HPOS="1293" ID="r_16" VPOS="1486" WIDTH="889"/>
<GraphicalElement HEIGHT="4" HPOS="1287" ID="r_17" VPOS="1643" WIDTH="206"/>
<GraphicalElement HEIGHT="13" HPOS="1286" ID="r_19" VPOS="2232" WIDTH="887"/>
<GraphicalElement HEIGHT="368" HPOS="231" ID="r_20" VPOS="297" WIDTH="23"/>
<GraphicalElement HEIGHT="890" HPOS="949" ID="r_21" VPOS="1228" WIDTH="13"/>
<GraphicalElement HEIGHT="288" HPOS="994" ID="r_22" VPOS="289" WIDTH="19"/>
<GraphicalElement HEIGHT="597" HPOS="1285" ID="r_23" VPOS="1643" WIDTH="9"/>
<GraphicalElement HEIGHT="599" HPOS="1291" ID="r_24" VPOS="897" WIDTH="10"/>
<GraphicalElement HEIGHT="137" HPOS="1303" ID="r_25" VPOS="937" WIDTH="3"/>
<GraphicalElement HEIGHT="120" HPOS="1723" ID="r_26" VPOS="1936" WIDTH="5"/>
<GraphicalElement HEIGHT="347" HPOS="2161" ID="r_27" VPOS="1892" WIDTH="16"/>
<GraphicalElement HEIGHT="251" HPOS="2168" ID="r_28" VPOS="1641" WIDTH="7"/>
<GraphicalElement HEIGHT="609" HPOS="2171" ID="r_29" VPOS="884" WIDTH="12"/>
<GraphicalElement HEIGHT="2" HPOS="1975" ID="r_30" VPOS="1758" WIDTH="22"/>
<Illustration HEIGHT="854" HPOS="231" ID="r_1" VPOS="286" WIDTH="786"/>
<Illustration HEIGHT="615" HPOS="1291" ID="r_7" VPOS="884" WIDTH="892"/>
<Illustration HEIGHT="604" HPOS="1284" ID="r_8" VPOS="1641" WIDTH="893"/>
<Illustration HEIGHT="102" HPOS="919" ID="r_32" VPOS="935" WIDTH="86"/>
<Illustration HEIGHT="159" HPOS="632" ID="r_33" VPOS="364" WIDTH="29"/>
<Illustration HEIGHT="450" HPOS="1754" ID="r_34" VPOS="962" WIDTH="297"/>
<Illustration HEIGHT="1031" HPOS="265" ID="Image_1582971950094_780" VPOS="1220" WIDTH="692"/>
</PrintSpace>
</Page>
</Layout>
</alto>