5866 9058
2680 665 638 118 - 10 -

1061 883 3843 154 58. CANNING (George), minisire anglais. M. 1827.

1499 1040 3416 123 L. aut. sig. (en anglais), à M.... De Calais, 26 octobre 1815,

1369 1163 670 114 3 pages in-8.

1065 1357 3838 140 59. CANOVA (Antoine), célèb. stat. N. 1757. M. 1822.

1488 1510 3420 129 L. aut. sig. (en italien), à M. le chevalier Quatremère de Quincy,

1368 1635 2488 119 Rome, 25 septembre 1818. 1 grande page in-4.

1060 1809 3850 154 60. CAPPEL (Jacques), professeur d’hébreu et de théologie,

1523 1958 3203 155 auteur d’un grand nombre d’ouvrages de théologie.

3703 2123 1210 116 N. 1570. M. 1624.

1495 2266 2332 125 Pièce aut sig., datée de Sédan, 7 mai 1610.

1057 2443 3854 146 61. CARACCIOLI (Louis-Ant. ), littérat. N. 1721 M. 1808.

1496 2596 3423 123 L. aut. sig., à madame la marquise de Pompadour. Londres,

1374 2717 3238 120 1er décembre 1758. Précieuse et curieuse lettre. 4 pages in-4.

1458 2836 3468 111 « J’ai balancé longtemps entre la crainte de vous déplaire et le désir de vous

1364 2933 3562 108 « instruire d’un tissu de mensonges affreux, que la calomnie la plus atroce

1360 3033 3564 112 « et la licence la plus effrénée viennent de publier ici sous le litre spécieux

1358 3131 3558 110 « d'Histoire de madame la marquise de Pompadour. Il n’y a certainement

1359 3229 3559 114 « que l’intérêt que je prends à votre gloire, et l’indignation que m’a inspirée

1355 3327 3556 116 « le projet d’une plume vendue à l’iniquité pour la flétrir, qui m’aient enfin

1439 3430 3470 111 « déterminé à vous donner avis de la publication de ce libelle diffama¬

1353 3533 616 97 « toire, etc. »

1053 3687 3838 136 62. CARNOT, convention, et minist. N. 1753. M. 1823.

1484 3838 3419 125 L aut. sig., à mon cher et ancien confrère. Paris. 25 pluviôse

1356 3963 3294 124 an VIII de la Républ., lors de son retour de l’exil. 1 page in-4.

1450 4078 3452 109 « Il le remercie dans les termes les plus affectueux de l’intérêt qu’il a

1352 4179 3554 108 « bien voulu prendre à son retour. Il n’a jamais douté que les personnes

1350 4277 3556 110 « honnêtes et les véritables amis de la liberté, ne prissent part à son sort,

1356 4377 2726 109 « et il a Tort à cœur de se montrer digne de leur intérêt. »

1049 4545 3868 148 63. CAROLINE DE BRUNSWICK, reine d’Angleterre, femme

1433 4702 3470 147 de George IV. N. 1768. M. 1821.

1489 4854 3426 121 L. aut. sig., au prince Lucien. Rome, lundi 2 juin 1817. 1 page

1365 4973 778 94 et demie in-4.

1458 5090 3443 107 Elle est enfin arrivée à Rome après bien des difficultés de toute nature,

1344 5187 3566 114 et elle espère qu’elle aura le plaisir de le voir le lendemain, ainsi que la prin¬

1346 5287 3564 114 cesse son épouse, pour divers arrangements relatifs à la maison Fras¬

1352 5391 400 81 cati, etc.

1046 5543 3846 152 64. CARTEAUX (Jean-François), général de la République.

1477 5698 3421 119 L aut. sig., à M. Pétion, maire de Paris, ce 8 novembre 1792,

1351 5817 3550 124 l’an IV de la liberté. 1 grande page in-folio, cachet; avec apostille

1355 5941 3536 124 de cinq lignes aut. sig. de Pétion, et une de quatre lignes, aut. sig.

1359 6063 546 93 de Brissot.

1050 6237 3831 148 65. CASTELNAU (Le maréchal de). N. 1619. M. 1658.

1478 6392 3412 119 L. aut. sig., au maréchal Fabert, gouverneur de Sédan. De la

1348 6513 3242 122 Cassine, 15 septembre 1552. Détails militaires. 7 pages in-4.

1048 6675 3848 182 66. CATHERINE DE MÉDICIS reine de France, femme

1515 6860 3363 121 de Henri II. N. 1519. M. 1589.

1477 7012 3420 121 L aut. sig., à M. de Villeroy, sans date. Une grande page in-folio

1347 7134 3124 120 d'une parfaite conservation. On y a joint la copie littérale.

1447 7252 3018 109 Détails importants et fort curieux sur les événements du temps.
