<?xml version="1.0" encoding="UTF-8"?>
<alto xmlns:xsi="http://www.w3.org/2001/XMLSchema-instance"
      xmlns="http://www.loc.gov/standards/alto/ns-v2#"
      xmlns:page="http://schema.primaresearch.org/PAGE/gts/pagecontent/2013-07-15"
      xsi:schemaLocation="http://www.loc.gov/standards/alto/ns-v2# http://www.loc.gov/standards/alto/alto.xsd">
   <Description>
      <MeasurementUnit>pixel</MeasurementUnit>
      <OCRProcessing ID="IdOcr">
         <ocrProcessingStep>
            <processingDateTime>2020-11-01T16:56:51.629+01:00</processingDateTime>
            <processingSoftware>
               <softwareCreator>READ COOP</softwareCreator>
               <softwareName>Transkribus</softwareName>
            </processingSoftware>
         </ocrProcessingStep>
      </OCRProcessing>
   </Description>
   <Layout>
      <Page ID="Page1" PHYSICAL_IMG_NR="1" HEIGHT="9016" WIDTH="5866">
         <TopMargin HEIGHT="791" WIDTH="5866" VPOS="0" HPOS="0"/>
         <LeftMargin HEIGHT="7380" WIDTH="77" VPOS="791" HPOS="0"/>
         <RightMargin HEIGHT="7380" WIDTH="932" VPOS="791" HPOS="4934"/>
         <BottomMargin HEIGHT="845" WIDTH="5866" VPOS="8171" HPOS="0"/>
         <PrintSpace HEIGHT="7380" WIDTH="4857" VPOS="791" HPOS="77">
            <TextBlock ID="region_1579260129385_895"
                       HEIGHT="128"
                       WIDTH="649"
                       VPOS="580"
                       HPOS="2631">
               <Shape>
                  <Polygon POINTS="2631,580 2633,708 3280,708 3278,580"/>
               </Shape>
               <TextLine ID="line_1579260129636_898"
                         BASELINE="708"
                         HEIGHT="132"
                         WIDTH="647"
                         VPOS="576"
                         HPOS="2633">
                  <String ID="string_line_1579260129636_898"
                          HEIGHT="132"
                          WIDTH="647"
                          VPOS="576"
                          HPOS="2633"
                          CONTENT="—13—"/>
               </TextLine>
            </TextBlock>
            <TextBlock ID="r_1_1" HEIGHT="153" WIDTH="3828" VPOS="805" HPOS="1026">
               <Shape>
                  <Polygon POINTS="1026,805 4854,805 4854,958 1026,958"/>
               </Shape>
               <TextLine ID="tl_1"
                         BASELINE="957"
                         HEIGHT="151"
                         WIDTH="3826"
                         VPOS="806"
                         HPOS="1027">
                  <String ID="string_tl_1"
                          HEIGHT="151"
                          WIDTH="3826"
                          VPOS="806"
                          HPOS="1027"
                          CONTENT="83. &lt;b&gt;COLBERT&lt;/b&gt; (Jean-Baptiste), ministre de Louis XIV,"/>
               </TextLine>
            </TextBlock>
            <TextBlock ID="r_1_2" HEIGHT="146" WIDTH="3370" VPOS="962" HPOS="1484">
               <Shape>
                  <Polygon POINTS="1484,962 4854,962 4854,1108 1484,1108"/>
               </Shape>
               <TextLine ID="tl_2"
                         BASELINE="1107"
                         HEIGHT="144"
                         WIDTH="3368"
                         VPOS="963"
                         HPOS="1485">
                  <String ID="string_tl_2"
                          HEIGHT="144"
                          WIDTH="3368"
                          VPOS="963"
                          HPOS="1485"
                          CONTENT="membre de l'Académie française. N. 1619. M. 1683."/>
               </TextLine>
            </TextBlock>
            <TextBlock ID="r_1_3"
                       HEIGHT="239"
                       WIDTH="3559"
                       VPOS="1112"
                       HPOS="1325">
               <Shape>
                  <Polygon POINTS="1325,1112 4884,1112 4884,1351 1325,1351"/>
               </Shape>
               <TextLine ID="tl_3"
                         BASELINE="1237"
                         HEIGHT="124"
                         WIDTH="3427"
                         VPOS="1113"
                         HPOS="1456">
                  <String ID="string_tl_3"
                          HEIGHT="124"
                          WIDTH="3427"
                          VPOS="1113"
                          HPOS="1456"
                          CONTENT="L. aut. sig. à M. Le Bret. De Sceaux, 12 octobre 1681. demi-"/>
               </TextLine>
               <TextLine ID="tl_4"
                         BASELINE="1350"
                         HEIGHT="111"
                         WIDTH="530"
                         VPOS="1239"
                         HPOS="1326">
                  <String ID="string_tl_4"
                          HEIGHT="111"
                          WIDTH="530"
                          VPOS="1239"
                          HPOS="1326"
                          CONTENT="page in 4."/>
               </TextLine>
            </TextBlock>
            <TextBlock ID="r_1_4"
                       HEIGHT="214"
                       WIDTH="3556"
                       VPOS="1348"
                       HPOS="1323">
               <Shape>
                  <Polygon POINTS="1323,1348 4879,1348 4879,1562 1323,1562"/>
               </Shape>
               <TextLine ID="tl_5"
                         BASELINE="1461"
                         HEIGHT="112"
                         WIDTH="3444"
                         VPOS="1349"
                         HPOS="1434">
                  <String ID="string_tl_5"
                          HEIGHT="112"
                          WIDTH="3444"
                          VPOS="1349"
                          HPOS="1434"
                          CONTENT="Il lui donne ordre de vérifier les bois qui appartiennent au duc de Mor¬"/>
               </TextLine>
               <TextLine ID="tl_6"
                         BASELINE="1561"
                         HEIGHT="112"
                         WIDTH="1812"
                         VPOS="1449"
                         HPOS="1324">
                  <String ID="string_tl_6"
                          HEIGHT="112"
                          WIDTH="1812"
                          VPOS="1449"
                          HPOS="1324"
                          CONTENT="temart, en Limousin et en Poitou, etc."/>
               </TextLine>
            </TextBlock>
            <TextBlock ID="r_1_5"
                       HEIGHT="153"
                       WIDTH="3824"
                       VPOS="1599"
                       HPOS="1032">
               <Shape>
                  <Polygon POINTS="1032,1599 4856,1599 4856,1752 1032,1752"/>
               </Shape>
               <TextLine ID="tl_7"
                         BASELINE="1751"
                         HEIGHT="151"
                         WIDTH="3822"
                         VPOS="1600"
                         HPOS="1033">
                  <String ID="string_tl_7"
                          HEIGHT="151"
                          WIDTH="3822"
                          VPOS="1600"
                          HPOS="1033"
                          CONTENT="84. &lt;b&gt;COLIGNY&lt;/b&gt; (Gaspard de), seign. de Chastillon, l’amiral."/>
               </TextLine>
            </TextBlock>
            <TextBlock ID="r_1_6"
                       HEIGHT="125"
                       WIDTH="1992"
                       VPOS="1753"
                       HPOS="2874">
               <Shape>
                  <Polygon POINTS="2874,1753 4866,1753 4866,1878 2874,1878"/>
               </Shape>
               <TextLine ID="tl_8"
                         BASELINE="1877"
                         HEIGHT="123"
                         WIDTH="1990"
                         VPOS="1754"
                         HPOS="2875">
                  <String ID="string_tl_8"
                          HEIGHT="123"
                          WIDTH="1990"
                          VPOS="1754"
                          HPOS="2875"
                          CONTENT="N. 1517. M. assassiné en 1572."/>
               </TextLine>
            </TextBlock>
            <TextBlock ID="r_1_7"
                       HEIGHT="241"
                       WIDTH="3517"
                       VPOS="1902"
                       HPOS="1351">
               <Shape>
                  <Polygon POINTS="1351,1902 4868,1902 4868,2143 1351,2143"/>
               </Shape>
               <TextLine ID="tl_9"
                         BASELINE="2029"
                         HEIGHT="126"
                         WIDTH="3400"
                         VPOS="1903"
                         HPOS="1467">
                  <String ID="string_tl_9"
                          HEIGHT="126"
                          WIDTH="3400"
                          VPOS="1903"
                          HPOS="1467"
                          CONTENT="Précieuse lettre adressée au comte de Reingeau, datée de Caen,"/>
               </TextLine>
               <TextLine ID="tl_10"
                         BASELINE="2142"
                         HEIGHT="119"
                         WIDTH="2225"
                         VPOS="2023"
                         HPOS="1352">
                  <String ID="string_tl_10"
                          HEIGHT="119"
                          WIDTH="2225"
                          VPOS="2023"
                          HPOS="1352"
                          CONTENT="16 mars 1562. 1 page in-folio avec cachet."/>
               </TextLine>
            </TextBlock>
            <TextBlock ID="r_1_8"
                       HEIGHT="880"
                       WIDTH="3557"
                       VPOS="2140"
                       HPOS="1328">
               <Shape>
                  <Polygon POINTS="1328,2140 4885,2140 4885,3020 1328,3020"/>
               </Shape>
               <TextLine ID="tl_11"
                         BASELINE="2271"
                         HEIGHT="130"
                         WIDTH="3448"
                         VPOS="2141"
                         HPOS="1428">
                  <String ID="string_tl_11"
                          HEIGHT="130"
                          WIDTH="3448"
                          VPOS="2141"
                          HPOS="1428"
                          CONTENT="On y remarque le passage suivant, écrit entièrement de la main de l’ami¬"/>
               </TextLine>
               <TextLine ID="tl_12"
                         BASELINE="2353"
                         HEIGHT="116"
                         WIDTH="3542"
                         VPOS="2237"
                         HPOS="1336">
                  <String ID="string_tl_12"
                          HEIGHT="116"
                          WIDTH="3542"
                          VPOS="2237"
                          HPOS="1336"
                          CONTENT="ral, et signé (le commencement de la lettre étant d’un secrétaire). « Il me"/>
               </TextLine>
               <TextLine ID="tl_13"
                         BASELINE="2451"
                         HEIGHT="112"
                         WIDTH="3546"
                         VPOS="2339"
                         HPOS="1330">
                  <String ID="string_tl_13"
                          HEIGHT="112"
                          WIDTH="3546"
                          VPOS="2339"
                          HPOS="1330"
                          CONTENT="« samble que vous ne scauries mieulx faire que de vous acheminer à Or¬"/>
               </TextLine>
               <TextLine ID="tl_14"
                         BASELINE="2551"
                         HEIGHT="112"
                         WIDTH="3555"
                         VPOS="2439"
                         HPOS="1329">
                  <String ID="string_tl_14"
                          HEIGHT="112"
                          WIDTH="3555"
                          VPOS="2439"
                          HPOS="1329"
                          CONTENT="« leans, ou iespere que iaure le moien de vous veoir, et ce pendant asseures"/>
               </TextLine>
               <TextLine ID="tl_15"
                         BASELINE="2647"
                         HEIGHT="110"
                         WIDTH="3540"
                         VPOS="2537"
                         HPOS="1333">
                  <String ID="string_tl_15"
                          HEIGHT="110"
                          WIDTH="3540"
                          VPOS="2537"
                          HPOS="1333"
                          CONTENT="« vous quil ne tiendra point en moy que nous nayons une paix, mais si on"/>
               </TextLine>
               <TextLine ID="tl_16"
                         BASELINE="2763"
                         HEIGHT="128"
                         WIDTH="3550"
                         VPOS="2635"
                         HPOS="1333">
                  <String ID="string_tl_16"
                          HEIGHT="128"
                          WIDTH="3550"
                          VPOS="2635"
                          HPOS="1333"
                          CONTENT="« la peult faire aveques les articles que iay veus, l’on ne peut esperer que"/>
               </TextLine>
               <TextLine ID="tl_17"
                         BASELINE="2849"
                         HEIGHT="116"
                         WIDTH="3552"
                         VPOS="2733"
                         HPOS="1331">
                  <String ID="string_tl_17"
                          HEIGHT="116"
                          WIDTH="3552"
                          VPOS="2733"
                          HPOS="1331"
                          CONTENT="« plus grans troubles en ce royaulme que jamais; car c’est trop grand pitie"/>
               </TextLine>
               <TextLine ID="tl_18"
                         BASELINE="2945"
                         HEIGHT="112"
                         WIDTH="3551"
                         VPOS="2833"
                         HPOS="1330">
                  <String ID="string_tl_18"
                          HEIGHT="112"
                          WIDTH="3551"
                          VPOS="2833"
                          HPOS="1330"
                          CONTENT="« que de limiter ainssy certains lieux pour servir a Dieu, comme sil ne le"/>
               </TextLine>
               <TextLine ID="tl_19"
                         BASELINE="3019"
                         HEIGHT="86"
                         WIDTH="1633"
                         VPOS="2933"
                         HPOS="1336">
                  <String ID="string_tl_19"
                          HEIGHT="86"
                          WIDTH="1633"
                          VPOS="2933"
                          HPOS="1336"
                          CONTENT="« vouloit estre eu tous endroicts. »"/>
               </TextLine>
            </TextBlock>
            <TextBlock ID="r_1_9"
                       HEIGHT="165"
                       WIDTH="3838"
                       VPOS="3073"
                       HPOS="1041">
               <Shape>
                  <Polygon POINTS="1041,3073 4879,3073 4879,3238 1041,3238"/>
               </Shape>
               <TextLine ID="tl_20"
                         BASELINE="3237"
                         HEIGHT="163"
                         WIDTH="3836"
                         VPOS="3074"
                         HPOS="1042">
                  <String ID="string_tl_20"
                          HEIGHT="163"
                          WIDTH="3836"
                          VPOS="3074"
                          HPOS="1042"
                          CONTENT="85. &lt;b&gt;CONCINI&lt;/b&gt;, dit le maréchal d'&lt;i&gt;Ancre&lt;/i&gt;, assassiné par"/>
               </TextLine>
            </TextBlock>
            <TextBlock ID="r_1_10"
                       HEIGHT="143"
                       WIDTH="2104"
                       VPOS="3232"
                       HPOS="1493">
               <Shape>
                  <Polygon POINTS="1493,3232 3597,3232 3597,3375 1493,3375"/>
               </Shape>
               <TextLine ID="tl_21"
                         BASELINE="3374"
                         HEIGHT="141"
                         WIDTH="2102"
                         VPOS="3233"
                         HPOS="1494">
                  <String ID="string_tl_21"
                          HEIGHT="141"
                          WIDTH="2102"
                          VPOS="3233"
                          HPOS="1494"
                          CONTENT="ordre du roi Louis XIII, en 1617."/>
               </TextLine>
            </TextBlock>
            <TextBlock ID="r_1_11"
                       HEIGHT="362"
                       WIDTH="3549"
                       VPOS="3380"
                       HPOS="1334">
               <Shape>
                  <Polygon POINTS="1334,3380 4883,3380 4883,3742 1334,3742"/>
               </Shape>
               <TextLine ID="tl_22"
                         BASELINE="3505"
                         HEIGHT="124"
                         WIDTH="3417"
                         VPOS="3381"
                         HPOS="1465">
                  <String ID="string_tl_22"
                          HEIGHT="124"
                          WIDTH="3417"
                          VPOS="3381"
                          HPOS="1465"
                          CONTENT="Sa sig., 2 grandes lig. et le compliment aut. au bas d’une lettre,"/>
               </TextLine>
               <TextLine ID="tl_23"
                         BASELINE="3627"
                         HEIGHT="126"
                         WIDTH="3546"
                         VPOS="3501"
                         HPOS="1335">
                  <String ID="string_tl_23"
                          HEIGHT="126"
                          WIDTH="3546"
                          VPOS="3501"
                          HPOS="1335"
                          CONTENT="à M. l’évêque de Luçon. (Richelieu.) Du Pont de Larche, 13 mars"/>
               </TextLine>
               <TextLine ID="tl_24"
                         BASELINE="3741"
                         HEIGHT="118"
                         WIDTH="1990"
                         VPOS="3623"
                         HPOS="1355">
                  <String ID="string_tl_24"
                          HEIGHT="118"
                          WIDTH="1990"
                          VPOS="3623"
                          HPOS="1355"
                          CONTENT="1617. Sujet militaire. 1 page in-folio."/>
               </TextLine>
            </TextBlock>
            <TextBlock ID="r_1_12"
                       HEIGHT="175"
                       WIDTH="3833"
                       VPOS="3753"
                       HPOS="1043">
               <Shape>
                  <Polygon POINTS="1043,3753 4876,3753 4876,3928 1043,3928"/>
               </Shape>
               <TextLine ID="tl_25"
                         BASELINE="3927"
                         HEIGHT="173"
                         WIDTH="3831"
                         VPOS="3754"
                         HPOS="1044">
                  <String ID="string_tl_25"
                          HEIGHT="173"
                          WIDTH="3831"
                          VPOS="3754"
                          HPOS="1044"
                          CONTENT="86. &lt;b&gt;CONDÉ&lt;/b&gt; (Louis II do Bourbon, prince de), dil le &lt;i&gt;Grand&lt;/i&gt;."/>
               </TextLine>
            </TextBlock>
            <TextBlock ID="r_1_13"
                       HEIGHT="123"
                       WIDTH="1202"
                       VPOS="3937"
                       HPOS="3673">
               <Shape>
                  <Polygon POINTS="3673,3937 4875,3937 4875,4060 3673,4060"/>
               </Shape>
               <TextLine ID="tl_26"
                         BASELINE="4059"
                         HEIGHT="121"
                         WIDTH="1200"
                         VPOS="3938"
                         HPOS="3674">
                  <String ID="string_tl_26"
                          HEIGHT="121"
                          WIDTH="1200"
                          VPOS="3938"
                          HPOS="3674"
                          CONTENT="N. 1621. M. 1686."/>
               </TextLine>
            </TextBlock>
            <TextBlock ID="r_1_14"
                       HEIGHT="265"
                       WIDTH="3531"
                       VPOS="4062"
                       HPOS="1352">
               <Shape>
                  <Polygon POINTS="1352,4062 4883,4062 4883,4327 1352,4327"/>
               </Shape>
               <TextLine ID="tl_27"
                         BASELINE="4205"
                         HEIGHT="142"
                         WIDTH="3408"
                         VPOS="4063"
                         HPOS="1474">
                  <String ID="string_tl_27"
                          HEIGHT="142"
                          WIDTH="3408"
                          VPOS="4063"
                          HPOS="1474"
                          CONTENT="L. aut. sig.. à M. de Pompone. ministre secrétaire d’État. De"/>
               </TextLine>
               <TextLine ID="tl_28"
                         BASELINE="4326"
                         HEIGHT="121"
                         WIDTH="2377"
                         VPOS="4205"
                         HPOS="1353">
                  <String ID="string_tl_28"
                          HEIGHT="121"
                          WIDTH="2377"
                          VPOS="4205"
                          HPOS="1353"
                          CONTENT="Nancy, 6 février 1673. 2 grandes pages in-4."/>
               </TextLine>
            </TextBlock>
            <TextBlock ID="r_1_15"
                       HEIGHT="1285"
                       WIDTH="3551"
                       VPOS="4318"
                       HPOS="1342">
               <Shape>
                  <Polygon POINTS="1342,4318 4893,4318 4893,5603 1342,5603"/>
               </Shape>
               <TextLine ID="tl_29"
                         BASELINE="4433"
                         HEIGHT="114"
                         WIDTH="3444"
                         VPOS="4319"
                         HPOS="1447">
                  <String ID="string_tl_29"
                          HEIGHT="114"
                          WIDTH="3444"
                          VPOS="4319"
                          HPOS="1447"
                          CONTENT="Il lui donne avis qu’un secrétaire de l’ambassadeur d’Espagne, qui s’est"/>
               </TextLine>
               <TextLine ID="tl_30"
                         BASELINE="4531"
                         HEIGHT="112"
                         WIDTH="3544"
                         VPOS="4419"
                         HPOS="1343">
                  <String ID="string_tl_30"
                          HEIGHT="112"
                          WIDTH="3544"
                          VPOS="4419"
                          HPOS="1343"
                          CONTENT="sauvé d’auprès de son maître, vient en France pour dire au roi des choses"/>
               </TextLine>
               <TextLine ID="tl_31"
                         BASELINE="4643"
                         HEIGHT="124"
                         WIDTH="3522"
                         VPOS="4519"
                         HPOS="1351">
                  <String ID="string_tl_31"
                          HEIGHT="124"
                          WIDTH="3522"
                          VPOS="4519"
                          HPOS="1351"
                          CONTENT="importantes; il a vu cet homme à son passage et l’a beaucoup entretenu;"/>
               </TextLine>
               <TextLine ID="tl_32"
                         BASELINE="4731"
                         HEIGHT="116"
                         WIDTH="3528"
                         VPOS="4615"
                         HPOS="1355">
                  <String ID="string_tl_32"
                          HEIGHT="116"
                          WIDTH="3528"
                          VPOS="4615"
                          HPOS="1355"
                          CONTENT="mais il y a des articles dont cet homme n’a pas voulu parler, disant qu’il"/>
               </TextLine>
               <TextLine ID="tl_33"
                         BASELINE="4847"
                         HEIGHT="130"
                         WIDTH="3529"
                         VPOS="4717"
                         HPOS="1356">
                  <String ID="string_tl_33"
                          HEIGHT="130"
                          WIDTH="3529"
                          VPOS="4717"
                          HPOS="1356"
                          CONTENT="ne peut les dire qu’au roi. Il lui a donné de quoi continuer sa route jusqu’à"/>
               </TextLine>
               <TextLine ID="tl_34"
                         BASELINE="4947"
                         HEIGHT="134"
                         WIDTH="3526"
                         VPOS="4813"
                         HPOS="1352">
                  <String ID="string_tl_34"
                          HEIGHT="134"
                          WIDTH="3526"
                          VPOS="4813"
                          HPOS="1352"
                          CONTENT="Paris, où il ne doit pas tarder à arriver. Cet homme, qui est Napolitain,"/>
               </TextLine>
               <TextLine ID="tl_35"
                         BASELINE="5039"
                         HEIGHT="126"
                         WIDTH="3534"
                         VPOS="4913"
                         HPOS="1354">
                  <String ID="string_tl_35"
                          HEIGHT="126"
                          WIDTH="3534"
                          VPOS="4913"
                          HPOS="1354"
                          CONTENT="lui a conté fort naturellement les raisons qui l’ont obligé à sortir de Na¬"/>
               </TextLine>
               <TextLine ID="tl_36"
                         BASELINE="5125"
                         HEIGHT="114"
                         WIDTH="3548"
                         VPOS="5011"
                         HPOS="1344">
                  <String ID="string_tl_36"
                          HEIGHT="114"
                          WIDTH="3548"
                          VPOS="5011"
                          HPOS="1344"
                          CONTENT="ples, entre autres, qu’il a mis dans un four une fille dont il n’était pas con¬"/>
               </TextLine>
               <TextLine ID="tl_37"
                         BASELINE="5225"
                         HEIGHT="116"
                         WIDTH="3537"
                         VPOS="5109"
                         HPOS="1355">
                  <String ID="string_tl_37"
                          HEIGHT="116"
                          WIDTH="3537"
                          VPOS="5109"
                          HPOS="1355"
                          CONTENT="tent, et l’a fait brûler de peur qu’on ne trouvât son corps s’il l'eût fait"/>
               </TextLine>
               <TextLine ID="tl_38"
                         BASELINE="5325"
                         HEIGHT="114"
                         WIDTH="3540"
                         VPOS="5211"
                         HPOS="1351">
                  <String ID="string_tl_38"
                          HEIGHT="114"
                          WIDTH="3540"
                          VPOS="5211"
                          HPOS="1351"
                          CONTENT="mourir d’une autre mort.... Il doit juger par là que c’est un méchant"/>
               </TextLine>
               <TextLine ID="tl_39"
                         BASELINE="5437"
                         HEIGHT="126"
                         WIDTH="3536"
                         VPOS="5311"
                         HPOS="1353">
                  <String ID="string_tl_39"
                          HEIGHT="126"
                          WIDTH="3536"
                          VPOS="5311"
                          HPOS="1353"
                          CONTENT="homme, qu’on ne doit pas laisser approcher du roi, mais que, s’il a de"/>
               </TextLine>
               <TextLine ID="tl_40"
                         BASELINE="5523"
                         HEIGHT="114"
                         WIDTH="3530"
                         VPOS="5409"
                         HPOS="1353">
                  <String ID="string_tl_40"
                          HEIGHT="114"
                          WIDTH="3530"
                          VPOS="5409"
                          HPOS="1353"
                          CONTENT="bons avis a donner, on peut les tirer de lui, et lui faire dire tout ce qu’il"/>
               </TextLine>
               <TextLine ID="tl_41"
                         BASELINE="5602"
                         HEIGHT="93"
                         WIDTH="652"
                         VPOS="5509"
                         HPOS="1351">
                  <String ID="string_tl_41"
                          HEIGHT="93"
                          WIDTH="652"
                          VPOS="5509"
                          HPOS="1351"
                          CONTENT="sait, etc., etc."/>
               </TextLine>
            </TextBlock>
            <TextBlock ID="r_1_16"
                       HEIGHT="157"
                       WIDTH="3832"
                       VPOS="5659"
                       HPOS="1059">
               <Shape>
                  <Polygon POINTS="1059,5659 4891,5659 4891,5816 1059,5816"/>
               </Shape>
               <TextLine ID="tl_42"
                         BASELINE="5815"
                         HEIGHT="155"
                         WIDTH="3830"
                         VPOS="5660"
                         HPOS="1060">
                  <String ID="string_tl_42"
                          HEIGHT="155"
                          WIDTH="3830"
                          VPOS="5660"
                          HPOS="1060"
                          CONTENT="87. &lt;b&gt;CONTI&lt;/b&gt; (Armand de Bourbon, prince de), frère du grand"/>
               </TextLine>
            </TextBlock>
            <TextBlock ID="r_1_17"
                       HEIGHT="298"
                       WIDTH="3369"
                       VPOS="5814"
                       HPOS="1516">
               <Shape>
                  <Polygon POINTS="1516,5814 4885,5814 4885,6112 1516,6112"/>
               </Shape>
               <TextLine ID="tl_43"
                         BASELINE="5965"
                         HEIGHT="150"
                         WIDTH="3366"
                         VPOS="5815"
                         HPOS="1518">
                  <String ID="string_tl_43"
                          HEIGHT="150"
                          WIDTH="3366"
                          VPOS="5815"
                          HPOS="1518"
                          CONTENT="Condé, général des armées françaises en Catalogne,"/>
               </TextLine>
               <TextLine ID="tl_44"
                         BASELINE="6111"
                         HEIGHT="140"
                         WIDTH="3367"
                         VPOS="5971"
                         HPOS="1517">
                  <String ID="string_tl_44"
                          HEIGHT="140"
                          WIDTH="3367"
                          VPOS="5971"
                          HPOS="1517"
                          CONTENT="gouverneur de la Guienne, etc. N. 1629. M. 1666."/>
               </TextLine>
            </TextBlock>
            <TextBlock ID="r_1_18"
                       HEIGHT="129"
                       WIDTH="2912"
                       VPOS="6114"
                       HPOS="1488">
               <Shape>
                  <Polygon POINTS="1488,6114 4400,6114 4400,6243 1488,6243"/>
               </Shape>
               <TextLine ID="tl_45"
                         BASELINE="6242"
                         HEIGHT="127"
                         WIDTH="2910"
                         VPOS="6115"
                         HPOS="1489">
                  <String ID="string_tl_45"
                          HEIGHT="127"
                          WIDTH="2910"
                          VPOS="6115"
                          HPOS="1489"
                          CONTENT="L. aut. sig.. à M. de Chavigny. Paris, 2 novembre 1648."/>
               </TextLine>
            </TextBlock>
            <TextBlock ID="r_1_19"
                       HEIGHT="314"
                       WIDTH="3550"
                       VPOS="6232"
                       HPOS="1354">
               <Shape>
                  <Polygon POINTS="1354,6232 4904,6232 4904,6546 1354,6546"/>
               </Shape>
               <TextLine ID="tl_46"
                         BASELINE="6349"
                         HEIGHT="116"
                         WIDTH="3440"
                         VPOS="6233"
                         HPOS="1457">
                  <String ID="string_tl_46"
                          HEIGHT="116"
                          WIDTH="3440"
                          VPOS="6233"
                          HPOS="1457"
                          CONTENT="Il le complimente sur sa sortie de prison. « .... Comme je prends plus de"/>
               </TextLine>
               <TextLine ID="tl_47"
                         BASELINE="6453"
                         HEIGHT="116"
                         WIDTH="3548"
                         VPOS="6337"
                         HPOS="1355">
                  <String ID="string_tl_47"
                          HEIGHT="116"
                          WIDTH="3548"
                          VPOS="6337"
                          HPOS="1355"
                          CONTENT="« part que personne du monde à toutes les choses qui vous touchent, aussy"/>
               </TextLine>
               <TextLine ID="tl_48"
                         BASELINE="6545"
                         HEIGHT="110"
                         WIDTH="2847"
                         VPOS="6435"
                         HPOS="1356">
                  <String ID="string_tl_48"
                          HEIGHT="110"
                          WIDTH="2847"
                          VPOS="6435"
                          HPOS="1356"
                          CONTENT="« personne n’a plus de ioye que moy de vostre liberté, etc. »"/>
               </TextLine>
            </TextBlock>
            <TextBlock ID="r_1_20"
                       HEIGHT="161"
                       WIDTH="3840"
                       VPOS="6579"
                       HPOS="1065">
               <Shape>
                  <Polygon POINTS="1065,6579 4905,6579 4905,6740 1065,6740"/>
               </Shape>
               <TextLine ID="tl_49"
                         BASELINE="6739"
                         HEIGHT="159"
                         WIDTH="3838"
                         VPOS="6580"
                         HPOS="1066">
                  <String ID="string_tl_49"
                          HEIGHT="159"
                          WIDTH="3838"
                          VPOS="6580"
                          HPOS="1066"
                          CONTENT="88. &lt;b&gt;COURT DE GEBELIN&lt;/b&gt; (Antoine), écrivain et archéo¬"/>
               </TextLine>
            </TextBlock>
            <TextBlock ID="r_1_21"
                       HEIGHT="142"
                       WIDTH="3360"
                       VPOS="6740"
                       HPOS="1537">
               <Shape>
                  <Polygon POINTS="1537,6740 4897,6740 4897,6882 1537,6882"/>
               </Shape>
               <TextLine ID="tl_50"
                         BASELINE="6881"
                         HEIGHT="140"
                         WIDTH="3358"
                         VPOS="6741"
                         HPOS="1538">
                  <String ID="string_tl_50"
                          HEIGHT="140"
                          WIDTH="3358"
                          VPOS="6741"
                          HPOS="1538"
                          CONTENT="logue. N. 1725. M. 1784."/>
               </TextLine>
            </TextBlock>
            <TextBlock ID="r_1_22"
                       HEIGHT="132"
                       WIDTH="3397"
                       VPOS="6884"
                       HPOS="1498">
               <Shape>
                  <Polygon POINTS="1498,6884 4895,6884 4895,7016 1498,7016"/>
               </Shape>
               <TextLine ID="tl_51"
                         BASELINE="7015"
                         HEIGHT="130"
                         WIDTH="3395"
                         VPOS="6885"
                         HPOS="1499">
                  <String ID="string_tl_51"
                          HEIGHT="130"
                          WIDTH="3395"
                          VPOS="6885"
                          HPOS="1499"
                          CONTENT="L. aut. sig., à M. Maret, secrétaire perpétuel de l’Académie de"/>
               </TextLine>
            </TextBlock>
            <TextBlock ID="r_1_23"
                       HEIGHT="128"
                       WIDTH="2464"
                       VPOS="7006"
                       HPOS="1380">
               <Shape>
                  <Polygon POINTS="1380,7006 3844,7006 3844,7134 1380,7134"/>
               </Shape>
               <TextLine ID="tl_52"
                         BASELINE="7133"
                         HEIGHT="126"
                         WIDTH="2462"
                         VPOS="7007"
                         HPOS="1381">
                  <String ID="string_tl_52"
                          HEIGHT="126"
                          WIDTH="2462"
                          VPOS="7007"
                          HPOS="1381"
                          CONTENT="Dijon. Du 19 sept. 1782.2 grandes pages in-4."/>
               </TextLine>
            </TextBlock>
            <TextBlock ID="r_1_24"
                       HEIGHT="98"
                       WIDTH="2604"
                       VPOS="7124"
                       HPOS="1468">
               <Shape>
                  <Polygon POINTS="1468,7124 4072,7124 4072,7222 1468,7222"/>
               </Shape>
               <TextLine ID="tl_53"
                         BASELINE="7221"
                         HEIGHT="96"
                         WIDTH="2602"
                         VPOS="7125"
                         HPOS="1469">
                  <String ID="string_tl_53"
                          HEIGHT="96"
                          WIDTH="2602"
                          VPOS="7125"
                          HPOS="1469"
                          CONTENT="Détails intéressants relatifs aux travaux de l’Académie."/>
               </TextLine>
            </TextBlock>
            <GraphicalElement ID="r_2" HEIGHT="698" WIDTH="41" VPOS="6547" HPOS="78"/>
            <GraphicalElement ID="r_3" HEIGHT="744" WIDTH="35" VPOS="7427" HPOS="77"/>
            <GraphicalElement ID="r_4" HEIGHT="504" WIDTH="24" VPOS="6043" HPOS="99"/>
         </PrintSpace>
      </Page>
   </Layout>
</alto>
