5866 9112
2691 734 630 132 —6—

1091 952 3877 166 34. <b>BONAPARTE</b> (Létitia), Madame, mère de l’empereur

1554 1111 3471 155 Napoléon. N. 1750. M. 1836.

1524 1259 3434 137 1° L. aut. sig. à son fils Lucien Bonaparte. Paris, 2 germinal

1400 1385 1552 118 an IX, une page in-4. Cachet.

1495 1501 3475 117 Elle profite du départ du citoyen.... pour lui donner de ses nouvelles. Elle

1395 1601 3578 121 se porte bien, et ne soupire qu'après le moment désiré où elle pourra le serrer

1389 1701 3578 101 dans ses bras. Élisa et Charlotte vont à merveille et s’unissent à Louis

1390 1803 3370 110 pour l’embrasser.... Elle finit en l’assurant de sa tendresse maternelle.

1520 1935 3440 127 2° Sur la même lettre, L. aut. sig. du cardinal Fesch, à son ne¬

1393 2057 1801 118 veu, Lucien Bonaparte. On y lit:

1491 2171 3476 119 « Je désire bien votre retour; je pourrai alors partir de Paris sans le

1390 2271 3575 121 « chagrin de laisser ma sœur sans personne qui lui donne des soins parti¬

1386 2371 3584 105 « culiers.... Berthier a donné hier une belle fête, mais les ambassadeurs

1388 2473 3574 117 « trouvent bien étrange qu’un gouvernement si puissant ait si peu de repré¬

1387 2571 3579 119 « sentation. Ils sont obligés d’aller passer leurs soirées chez les banquiers

1387 2673 3578 117 « ou chez les ci-devant, qui sont les ennemis du gouvernement. Pas un

1387 2771 3582 119 « ministre ne reçoit. Le public s’aperçoit bien du vide que vous faites. Pas

1384 2869 3583 121 « un feu d’artifice pour égayer le peuple; aussi point d’élans, point de

1388 2973 478 102 « joie.... »

1083 3144 3013 157 35. <b>BONAPARTE</b> (Létitia), Madame, <i>idem</i>.

1523 3299 3422 131 L. sig. BONAPARTE MÈRE, au citoyen Berthier, ministre de la

1392 3425 2461 125 guerre. Paris, 4 frimaire an XII, 1 page in-4.

1490 3541 3474 119 Pressante recommandation en faveur du citoyen Marius Clary, pour lui

1381 3639 3579 123 faire obtenir promptement son brevet d’aide de camp près le général Sé¬

1377 3741 3580 115 bastiani. Elle espère qu’il aura du plaisir à faire une chose qui lui sera

1381 3843 422 99 agréable.

1088 4036 3092 159 36. <b>BONAPARTE</b> (Joseph), ex-roi d’Espagne.

3743 4197 1207 127 N. 1768. M. 1844.

1509 4347 3450 129 L. aut. sig. à son frère Lucien. Naples, 24 novembre 1806,

1402 4469 1043 118 1 grande page in-4.

1490 4587 3472 117 « .... Nous faisons toujours la guerre des Chouans; les Anglais viennent

1376 4685 3588 119 « de nous envoyer encore quelques milliers de brigands, qui seront bientôt

1379 4783 3583 123 « culbutés, mais qui fatigueront toujours nos troupes, et feront quelque

1379 4883 3222 122 « mal aux habitants du pays; ils pillent, ils volent, tuent et fuient. »

1078 5076 3879 164 37. <b>BONAPARTE</b> (Julie), ex-reine d’Espagne, femme de

1546 5233 464 144 Joseph.

1503 5387 3452 131 L. nul. sig. à son cher frère, le prince Lucien. Spolette, 28 mars

1403 5509 1260 119 1808. 1 page petit in-4.

1472 5621 3477 123 Elle arrive à l’instant et va continuer sa route pour Naples. Elle ne fera

1372 5725 3572 115 que changer de chevaux à Rome la nuit du 29 au 30, et elle n’ose lui pro¬

1368 5825 3590 114 poser de la venir voir incognito à Albano, où elle passera le 30, à huit

1374 5921 3574 125 heures du matin, et s’y arrêtera une heure dans l’espérance de le voir. Il

1369 6023 2856 122 serait bien aimable de lui procurer le plaisir de l’embrasser.

1462 6121 3489 125 Sur la même lettre se trouve le brouillon autographe de la réponse du

1364 6223 3586 115 prince Lucien à sa sœur; motifs de son refus de se trouver au rendez-vous

1364 6321 2222 116 qu’elle lui indique. 2 pag. in-4°. Très-curieuse.

1063 6498 3130 181 38. <b>BONAPARTE</b> (Lucien), prince de Canino.

3718 6687 1223 117 N. 1775. M. 1840.

1488 6829 3214 130 L. aut. sig. à M. Patorni. Londres. 4 mai 1838. 1 page in-4.

1455 6945 3489 121 Il a reçu sa lettre, et trouve sa réponse à M. Laffite si forte de raison et

1353 7043 3592 121 de précision, qu’il a été étonné lorsqu’il a appris l'opinion du procureur du

1359 7143 3586 125 roi... la remise de la sentence ne lui plaît pas davantage.... « Est-ce qu’il

1348 7239 3595 127 « n’y aurait donc pas plus de justice civile en France que de justice poli¬

1348 7345 650 102 « tique, etc. »
