5866 9087
1256 1794 3720 227 Nous mettons toujours le même scrupule à ne nous

1097 1990 3882 235 présenter devant le public que lorsque nous avons à lui

1096 2200 3888 234 offrir des pièces dignes de son attention. Pour être moins

1101 2392 3887 237 nombreuse que celle dont nous avons fait la vente le

1100 2590 3895 230 6 février dernier, la Collection dont nous publions au¬

1112 2788 3880 235 jourd’hui le catalogue n’en est pas moins remplie de

1109 2986 3878 231 noms illustres, de documents historiques et littéraires,

1104 3184 3897 238 de curiosités qui méritent place dans le cabinet des vrais

1112 3445 891 134 connaisseurs.

1275 3580 3714 239 On remarquera entre toutes les pièces qui la com-

1117 3879 532 142 posent:

1279 3982 3712 223 Parmi les rois et reines de France, princes et prin¬

1118 4176 3876 219 cesses: Louis XI, François Ier, Henri III, Henri IV,

1117 4372 3893 219 Louis XIII, Louis XIV, Louis XV, Louis XVI, Louis XVIII

1125 4568 3884 233 et Charles X; Loyse de Savoie; les reines Catherine et

1128 4770 3884 237 Marie de Médicis, Marguerite de Valois et Marie Antoi¬

1131 4984 2899 217 nette; l’Empereur Napoléon et sa famille.

1296 5190 2485 209 Louis-Philippe Ier, roi des Français.

1312 5366 3716 228 Parmi les souverains et princes étrangers, on distin¬

1135 5560 3884 237 gue: l’empereur Charles-Quint, François II d’Autriche,

1136 5760 3894 235 Charles Ier et Jacques II d’Angleterre; Henriette Marie de

1133 5956 3887 231 France et Caroline de Brunswick, reines d’Angleterre;

1137 6158 3892 231 Alexandre de Médicis et René d’Anjou (dit le Bon Roi);

1306 6354 3730 231 Dans le clergé orthodoxe et hétérodoxe: les papes

1141 6550 3876 221 Jean XXIII, Jules II et Pie VII; les cardinaux de Bel¬

1154 6750 3876 217 larmin, de Bérulle, Lavalette, Pacca et Fesch, Bossuet,

1155 6963 2851 216 le P. Joseph, l’abbé Lamennais et Calvin;

1325 7146 3708 225 Parmi les ministres, hommes d’État, orateurs, guer¬
