1850 2885
805 150 151 31 — 7 —

208 241 1395 48 M. Alfred Sensier a succombé le 7 courant, à une cruelle

158 290 1445 52 maladie, qui le tourmentait depuis plus de dix années. Les

156 342 1448 50 arts perdent en lui un critique distingué, et le goût des auto¬

157 392 1448 50 graphes un de ses plus anciens et de ses plus passionnés

156 441 1450 51 zélateurs. Nous rappellerons, dans le prochain numéro, les

157 491 1450 51 divers titres qui recommandent sa mémoire au souvenir des

157 543 525 39 artistes et des curieux.

215 725 1354 80 AUTOGRAPHES A PRIX MARQUÉS

377 869 1013 45 En vente chez Gabriel CHARAVAY, expert,

593 969 592 40 8. QUAI DU LOUVRE, A PARIS.

162 1119 1448 42 Abréviations : L. a. s. lettre autographe et signée; Acad, fr., Académie

278 1171 1217 41 française; Sousc., compliment terminant la lettre; P., page.

212 1372 1396 46 1 Abd-el-Kader, le célèbre émir de l’Algérie. — Quittance

253 1417 1358 47 portant sa signature et son cachet; 25 sept. 1855, 1 p. in-8

252 1462 1360 37 obi. 20 »

290 1507 1319 39 Reçu de 8,333 fr. pour la pension que lui fait, à Brousse, le gouver¬

253 1545 1355 41 nement français. Sa signature et son cachet sont certifiés par le baron

255 1585 749 35 Rousseau, consul de France à Brousse.

208 1624 1400 46 2 About (Ed.), célébré littérateur et publiciste. — L. a. s. à un

253 1668 1358 46 ami, 1861, 2 p. in-8. 4 »

292 1714 1318 41 Curieuse lettre relative à un procès de presse qui lui est intenté par

254 1754 424 39 le parquet de Saverne.

208 1792 1400 47 3 Adélaïde d’Autriche, reine de Sardaigne, femme de Victor-

254 1837 1355 46 Emmanuel. — L. a. s., en français, à sa chère Louise; Turin,

254 1876 1357 51 20 déc. 1852, 2 p. in-8. 5 »

208 1927 1404 46 4 Agassiz (Louis), naturaliste suisse, célèbre par ses travaux

253 1972 1357 46 sur les glaciers. — L. a. s., 1 p. in-8. 3 »

208 2016 1403 46 5 Aimard (Gustave), célèbre romancier. — Pièce de vers, en

253 2061 1357 47 espagnol, aut. sig., 1 p. in-4. 3 »

208 2106 1402 46 6 Alembert (J. Lerond d'), littérateur du XVIIIe siècle, de l’Acad.

254 2152 1358 45 fr. — L. a. s., 1774, 1 p. in-4. 6 »

293 2196 1321 47 Il demande qu’on lui conserve la gratification annuelle de 800 fr. sur

255 2234 1140 41 la Gazette de France, dont il jouit depuis plusieurs années.

208 2274 1406 47 7 Allan-Kardec (H.-L.-D. Rivail) le chef des Spirites, qui lui

253 2319 1364 37 ont élevé un tombeau au Père Lachaise. — L. a. s. à M. d’At¬

255 2364 1360 45 tainville, 1858, 1 p. in-8. 5 »

210 2408 1405 46 8 Ampère (A.-M.), savant mathématicien et physicien, de l’Acad.

256 2453 1362 47 des Sc., dont on a publié la gracieuse correspondance avec sa

258 2498 1359 47 femme. — L. a. s. au professeur Bredin, à Lyon; 1822, 3 p.

257 2545 1360 34 in-4. 5 »

297 2588 1321 42 Intéressante épître relative à des expériences sur la pile. Il y parle

258 2628 1176 40 de Ballanche, et de son fils, qui achève une pièce de théâtre.
