1876 2823
958 114 174 33 — 14 —

341 206 1432 47 91 Knowles (J.-S.), célèbre auteur dramatique, le restaurateur

410 251 1360 46 du théâtre anglais. — L. a. s. au colonel Hone; Baltimore,

414 296 1358 46 1838, 1 p. in-4, cachet. 4 »

342 345 1429 47 92 Kock (Paul de), le romancier populaire. — L. a. s. à M. Olivier;

410 389 1362 48 (1843), 1/2 p. in-8. Spirituelle épitre, écrite en baragouin

409 435 1364 37 italien. 4 »

343 484 1430 47 93 La Chaussée (Nivelle de), un des meilleurs poètes comiques

409 530 1362 46 du XVIIIe siècle, de l’Acad. fr. — L. a. s., 1 p. in-8. 23 »

451 574 1321 41 Charmante épitre adressée à un littérateur, auquel Mlle d’Angeville

411 613 1363 42 doit donner avis que la sublime troupe (la Comédie française) lui a

410 654 1185 39 accordé ses entrées avec tous les applaudissements possibles.

342 698 1432 45 94 Lafayette, l’illustre général. — L. a. s. à M. Masclet, consul

410 742 1364 46 à Nice; 13 mai 1833, 1 p. in-4. 10 »

450 792 1326 40 Très-curieuse lettre politique, écrite un an avant sa mort. Alors

411 832 1363 39 dans le parti républicain et en pleine opposition avec le gouvernement,

412 871 1364 40 il a été obligé de faire valoir auprès de M. de Broglie, ministre, la

410 909 1364 41 dissidence d’opinions qui existe entre lui et M. Masclet, son protégé.

413 949 1361 40 « J’ai même été obligé d’ajouter en riant, dit-il, que pour mettre à

411 988 1364 41 l'aise sa politique de juste milieu, je devais en conscience lui dire que

412 1028 1363 39 vous étiez beaucoup plus de sa nuance que de la mienne. » Il a

412 1067 1364 39 rappelé aussi l’amitié que la belle-mère de M. de Broglie, Mme de

412 1106 1364 39 Staël, a pour M. Masclet, dont on veut donner la place à un autre, etc.

346 1151 1431 50 95 Lamennais (F.-de), illustre écrivain français. — L. a. s. à un

408 1189 1368 52 journaliste; 9 sept. 1824, 1 p. in-8. 6 »

452 1240 1326 41 Relative au compte-rendu de ses deux derniers volumes (de l’Essai

413 1278 1364 47 sur l'Indifférence). Il tient d’autant plus à ce compte-rendu, qu’il ne

414 1319 1304 40 sera certainement pas annoncé dans les Débats ni dans la Gazette.

346 1363 1431 48 96 Laprade (Victor de), poète, de l’Acad. tr. — L. a. s. au poète

413 1407 1364 46 Autran; Lyon, 1842, 2 p. 1/2 in-8, cachet. 5 »

453 1458 1327 41 Jolie et intéressante épitre. Il lui témoigne son admiration pour

414 1497 1365 41 ses poésies, et désire beaucoup qu’il donne au public sa pièce : Plume

414 1537 1364 40 blanche et Plume noire. Quant à lui, il se propose de publier bientôt

416 1577 500 39 un volume de ses poèmes.

348 1621 1430 46 97 La Trémoille (Georges III de), seigneur de Jonvelle, cham¬

416 1665 1362 49 bellan de Louis XII et de François 1er, lieutenant-général de

414 1710 1364 46 Bourgogne, défenseur de Dijon contre les Suisses. — Pièce

415 1755 1364 46 si g.; Dijon, 13 nov. 1525, traces de sceau. 15 »

457 1805 1325 42 Pièce historique relative à la construction et réparation des villes et

418 1845 630 39 châteaux du pays de Bourgogne.

350 1889 1426 50 98 Lekain, illustre tragédien français. — Pièce aut., 2 p. in-f.

417 1928 1359 43 Intéressante. 10 »

460 1978 1315 42 Réflexions soumises par Lekain à Voltaire sur les coupures à faire

417 2018 423 39 à la tragédie d’Alzire.

351 2062 1426 46 99 Lemierre (A.-M.), poète célèbre, de l’Acad. fr. — L. a. s. à

419 2108 1355 44 l’abbé de Villeneuve, 1786, 1 p. in-4., cachet. Rare. 12 »

457 2151 896 40 Relative à une séance de l’Académie française.

334 2197 1441 46 100 Linné (Ch.), le grand botaniste. — L. a. s. en tète, en latin,

420 2243 1357 47 au botaniste Sauvages, à Montpellier ; Stockholm, 20 sept. 1740,

420 2287 1362 48 3 p. pl. in-4, cachet camée. 35 »

460 2337 1322 42 Importante lettre scientifique relative à ses ouvrages et à ceux de

420 2377 1363 40 Sauvages. Il est très-inquiet de ne recevoir aucune nouvelle de Ber¬

421 2417 1361 40 nard de Jussieu, auquel il a écrit cinq fois depuis son retour en Suède.

421 2456 1360 40 Ses lettres sont restées sans réponse. (Linné, à son voyage à Paris, en

422 2494 1184 40 1738, avait ôté reçu avec distinction par Bernard de Jussieu.)

337 2540 1443 46 101 Louis XIV, roi de France. — Pièce aut., 1 p. 1/2 in-8. 6 »

459 2585 1149 41 Ordres pour des grandes manœuvres autour de Compiègne.
