1850 2885
802 148 151 32 — 9 —

182 239 1418 56 24 Azeglio (Massimo d’), illustre homme d’Etat et littérateur

249 283 1348 47 italien. — L. a. s. à M. Rufini, 1 p. in-4. 4 »

181 328 1417 47 25 Babinet (Jacq.), savant physicien et astronome. — L. a. s. au

248 372 1351 47 vicomte de Santarem, son collègue à l’Institut, 1855, 1 p. in-4.,

249 417 1349 36 cachet. 8 »

287 462 1313 39 Epître très-curieuse sur l’aiguille aimantée et sur la boussole. Il lui

250 501 1350 40 semble que tout a été organisé pour ne pas vivre. Ce n’est pas la pos¬

248 541 1351 40 session qui a été donnée à l’homme, c’est l’espérance : Viande creuse !

251 580 1350 40 « On pourrait dire à la Providence de ne pas se mettre en dépense pour

253 620 535 39 ne donner que de l’espoir ! »

183 658 1418 45 26 Balbis (J.-B.), savant botaniste, directeur du Jardin-des-

262 703 1340 42 Plantes de Lyon, auteur de la Flore Lyonnaise.— L. a. s.: Lyon,

254 749 1345 44 1820, 3 p. 1/2 in-4. 4 »

290 792 1315 40 Intéressante lettre : demande d’arbres et arbustes pour le Jardin-des-

251 830 324 40 Plantes de Lyon.

183 871 1422 45 27 Balzac (Honoré de), le grand romancier réaliste. — L. a. s. à

263 914 1340 48 Schlésinger, 1837, 1 p. in-8. 7 »

186 960 1418 46 28 Bancel, célèbre député de la Drôme et de Paris.—Sentence

252 1004 1352 52 philosophique aut. sig. ; Gand, 2 mars 1860, 1/2 p. in-4., avec

253 1050 1351 46 son portrait photographié. 3 »

186 1094 1419 47 29 Banderali (David), célèbre chanteur et compositeur. — Pièce

254 1138 1351 48 sig., 1830, 1 p. in-4. 2 »

289 1184 1319 40 Reçu de ses appointements comme professeur au Conservatoire de

258 1219 102 38 Paris.

187 1262 1419 52 30 Banville (Théodore de), célèbre poète contemporain. — Reçu

253 1301 1354 51 sig. de son indemnité littéraire, 1850, 1 p. in-f. 2 »

187 1352 1420 45 31 Barante (le baron de), historien des ducs de Bourgogne, de

254 1396 1354 47 l’Acad. fr. — L. a. s., 1850, 1 p. in-8. 2 »

187 1440 1422 47 32 Barras (Paul), célèbre conventionnel, président du Directoire

255 1485 1354 47 exécutif. — L. a. s. à M. Guillois, à Avignon; Paris, 30 juill.

258 1532 1348 45 1815, 1 p. pl. in-4., cachet. 10 »

294 1573 1318 42 Très-curieuse lettre sur les événements qui ont suivi la bataille de

256 1615 1355 39 Waterloo. Ces événements se succèdent avec une telle rapidité, qu’on

259 1654 1352 41 ne peut ni les prévenir ni les utiliser. Il est essentiel que tous les

261 1694 1351 39 Français se réunissent et que toutes les nuances cessent. Les étrangers

258 1731 1354 41 n’ont pas conquis la France : elle s’est soumise, et cependant la

257 1772 1356 39 situation est affreuse. Quant à lui, il attend le retour du calme pour

256 1812 467 38 aller aux Aigalades, etc.

187 1850 1421 47 33 Barthélemy (Aug.), auteur de la Némésis.— L. a. s. à M. Plon,

258 1896 1352 45 1836, 1 p. in-8. 3 »

297 1939 889 42 Relative à sa brochure l’Orthographe vengée.

189 1984 1422 47 34 Le même. — Reçu sig. de sa pension littéraire, 1849, 1 p.

257 2023 1354 43 in-f. 2 »

190 2073 1421 48 35 Baschet (Armand), l’historien de Venise. — L. a. s., 1858, 1 p.

262 2119 1347 44 1/2 in-8. 2 »

191 2163 1422 46 36 Baudot (M.-A.), conventionnel montagnard, célèbre par ses

258 2207 1354 46 missions aux armées. — L. a. s.; Montauban, 7 août, an II,

256 2245 1358 52 3 p. pl. in-f. 8 »

300 2283 1310 52 Envoyé dans le Midi pour y faire accepter la constitution, il donne

257 2337 1356 40 des détails sur les bruits absurdes qui sont répandus contre la Mon¬

259 2376 1354 40 tagne et contre Paris. Cahors n’est pas dans les meilleurs principes

258 2415 1355 40 républicains ; Montauban vaut mieux pour l'esprit public. Il s’est mis

259 2455 1354 40 à la tète du bataillon du Lot pour le conduire à Toulouse. « Lorsque

261 2494 1352 40 tout sera terminé à Montauban, dit-il, j’irai mettre le siège de la raison

261 2534 788 39 et de la philosophie devant Bordeaux... »

191 2572 1421 47 37 Baumé (Ant.), chimiste célèbre par ses utiles découvertes, à

256 2608 1355 56 qui l’on doit l’aéromètre, et qui établit en France la première
