1858 2898
823 168 152 35 — 5 —

224 279 1399 48 Dans notre précédent numéro, nous annoncions les deux

174 328 1451 40 ventes des collections d’un Amateur hollandais et du Docteur

172 379 1452 48 J... Elles ont eu lieu, sous notre direction, les 17, 18 et 20 no¬

172 429 1454 50 vembre dernier, au milieu d’un grand concours de curieux, qui

174 479 1452 49 se sont disputé les belles pièces de ces collections. Voici

176 529 1314 50 les prix auxquels se sont élevés les principaux articles :

232 579 1389 49 Vente d’un Amateur hollandais : Alde Manuce, 250 fr.;

176 630 1452 49 Anne d’Autriche, 126 fr. ; Bellegarde (Roger de), 255 fr. ;

178 680 1447 50 Bossuet, 100 fr., et 140 fr.; Foucquet, 50 fr.; François Ier, 950 fr.:

177 731 1449 49 Holbach (le baron d’), 105 fr.; Laubardemont, 255 fr.; Louis XIII,

177 781 1450 49 130 fr. ; Louise de Savoie, 100 fr. ; Mérimée, 80 fr. ; Mirabeau,

176 831 1450 49 50 fr.; Musset, (Alfr. de), 111 fr. ; Napoléon Ier, let. sig., 96 fr.;

180 881 1450 52 Napoléon III, 60 fr.; Schouvalof, 50 fr.; Ursins (la princesse

178 932 390 49 des), 105 fr.; etc.

237 982 1388 50 Vente du Docteur J... : Bellini, 36 fr. ; Bernadette, 38 fr. :

182 1033 1449 50 Bérulle, 50 fr.; Bonaparte (Jos.), 24 fr.; Boufflers, 29 fr.; Condé

179 1083 1449 51 (Henri II de), 100 fr.; Condé (le grand), les trois numéros,

178 1134 1448 50 321 fr.; Couthon, 40 fr.; Desaix, 50 fr.; Desmoulins (Famille),

181 1184 1446 50 100 fr. ; Foucquet, 50 fr. ; Franklin, 40 fr. ; Fulton, 65 fr. :

179 1234 1448 52 La Faye (Leriget de), 86 fr.; Louis XV, 30 fr.; Marillac,

179 1285 1446 49 Chancelier, 50 fr.; Molé (Mathieu), 50 fr.; Saint-Just, 35 fr.;

178 1335 1150 50 Vergniaud, signature, 36 fr.; Voltaire, 40 fr.; etc.

231 1530 1398 49 La collection d’autographes de femmes célèbres dont nous

179 1581 1450 49 annonçons la vente en tête de ce numéro, a pour pendant une

181 1631 1449 40 collection de lettres d’hommes illustres dont les noms sont

182 1681 1445 50 également cités dans Mme de Sévigné, Tallemant, Saint-Simon,

182 1732 1448 49 etc. Le catalogue, qui est en préparation, sera rédigé sur le

183 1782 1449 49 même modèle et en formera le complément. Ces deux parties

184 1833 1447 49 offriront un ensemble des plus intéressants. On pourra les

182 1883 1450 40 faire relier en un volume et les conserver tout à la fois comme

184 1933 1448 50 une source de renseignements précieux au point de vue des

184 1984 1086 50 autographes, et comme documents historiques.

234 2034 1400 51 Les quelques noms ci-après donneront un aperçu de cette

185 2085 1056 49 seconde et non moins importante collection :

236 2134 1398 52 Lettres autographes et signées : Saint Vincent de Paul et

186 2185 1451 50 saint François de Sales ; Fénelon, Bossuet, Bourdaloue, Mas-

187 2236 1452 49 sillon, Fléchier et Mascaron; Arnauld d’Andilly, Duvergier de

187 2286 1452 50 Hauranne, Bérulle et Marca; Charles-Quint, Charles Ier et

188 2336 1450 50 Charles II, Charles XII et Frédéric II; les rois de France

190 2386 1445 50 Henri IV, Louis XIII, Louis XIV, Louis XV et Louis XVIII ;

190 2438 1453 50 L’Hôpital, Sully, Richelieu et Mazarin ; le Père Joseph et

190 2488 1447 49 Laubardemont ; Foligny, Robert de la Marck et Lesdiguières ;

192 2538 1448 51 Bassompierre et Beaufort; les deux d’Artaignan, dont Alex.

191 2589 1453 50 Dumas n’a fait qu’un seul personnage ; Duquesne et Duguay-

192 2640 1450 50 Trouin; Cinq-Mars et son compagnon d’infortune, Fr.-Aug.
