1876 2823
974 132 150 61 - 2 -

321 242 1442 50 prématurément, il est vrai, l’enlever au milieu de son œuvre.

324 293 1440 51 Tout incomplète qu’elle est restée, elle n’aura pas été stérile,

323 344 1445 49 car elle a fourni des documents précieux pour l’histoire d’une

323 394 1443 50 époque importante, qui est devenue, depuis quarante ans,

323 445 1112 50 l’objet des plus sérieuses études de nos érudits.

371 494 1395 50 Ce qui avait passionné M. Pécard, c’était la grande figure de

319 544 1448 50 Richelieu, dominant tout le règne. Tout autre a été le point de

320 595 1449 49 vue de l’amateur qui a formé la collection dont nous annonçons

322 645 1446 50 la vente. S'attachant à la même époque, il en a écarté la partie

320 695 1448 52 grave, sombre, tragique, et n’a voulu voir que le côté gracieux

319 746 1449 48 du tableau : les femmes. Il faut avouer que jamais, en aucun

320 795 1449 51 temps, elles n’ont joué un si grand rôle. L’ancienne chevalerie

320 846 1450 49 a refleuri à la Cour de Louis XIII, pour s'éteindre ensuite tout

320 896 1445 50 à fait. Ce prince, pourtant, y était peu porté de lui-même ;

322 946 1446 51 mais cela le distrayait sans doute du profond ennui qui n’a

319 996 1451 51 cessé de l’accabler. Ce qu’il y a de certain, c’est que la galan¬

322 1047 1447 49 terie a été un des plus puissants ressorts politiques de

321 1097 1450 49 Richelieu. Par les femmes, il tenait les hommes, et les intrigues

322 1148 1446 50 galantes étaient pour lui les auxiliaires des affaires de l’Etat :

322 1196 1449 50 il les menait de front, avec la même habileté, on pourrait dire

323 1248 1446 50 avec la même ruse, mais la noblesse du but justifiait tout à

322 1311 206 38 ses yeux.

373 1348 1397 51 On comprend alors que cette collection d’autographes de

326 1398 1446 50 femmes célèbres, dont la plupart appartiennent au règne de

327 1451 1448 48 Louis XIII, tout en nous présentant ce règne sous un aspect

326 1500 1448 51 attrayant, ne laisse pas que d’avoir une haute importance

326 1553 242 47 historique.

376 1601 1397 49 Le soin tout particulier avec lequel a été rédigé le catalogue,

330 1652 1445 49 la table que nous y avons ajoutée, nous dispensent d’entrer ici

329 1702 1447 49 dans de grands détails. Nous nous bornerons à quelques

329 1764 255 39 remarques.

381 1808 1394 50 L’idée primitive avait été de former une galerie d’auto¬

335 1859 1441 50 graphes des femmes célèbres citées dans Mme, de Sévigné. On en

334 1909 1442 49 avait déjà réuni un bon nombre, et des plus difficiles à trouver.

336 1959 1445 49 A. ces autographes sont venus se joindre ceux des grandes dames

334 2009 1446 48 citées dans Tallemant des Réaux, dans Mme de Motteville, dans

335 2060 1446 49 Saint-Simon, Barbier, etc. On se proposait d’illustrer des

336 2110 1446 50 exemplaires exceptionnels de ces célèbres chroniqueurs, soit

337 2160 1446 48 en les intercalant dans les volumes, soit en en formant des

340 2211 1441 49 albums annexes ; mais la collection, commencée de longue date,

339 2261 1445 50 s’est trouvée interrompue depuis longtemps déjà et est restée

340 2312 1446 49 incomplète. Maintenant elle va être dispersée; ruais ses débris

340 2362 1445 49 serviront à composer d’autres collections de ce genre si origi¬

340 2414 389 49 nal et si piquant.

392 2468 1394 49 Parmi les femmes les plus célèbres nous citerons : les reines

343 2518 1444 52 de France Marie d’Anjou et Jeanne de France, autographes

343 2568 1442 50 de toute rareté; Marie de Médicis, Anne d’Autriche, Marie-

353 2620 1434 49 Thérèse d’Autriche et Marie Leczinska, femmes de quatre
