1850 2868
226 148 148 35 No 50.

1216 149 320 35 Janvier 1877.

655 281 458 66 REVUE

852 383 68 25 DES

178 454 1428 184 AUTOGRAPHES

356 694 1076 56 DES CURIOSITÉS DE L’HISTOIRE & DE LA BIOGRAPHIE

199 792 1384 34 PARAISSANT CHAQUE MOIS, SOUS LA DIRECTION DE

603 861 578 36 GABRIEL CHARAVAY

328 987 1132 44 PRIX DE L'ABONNEMENT: POUR un an (12 numéros):

180 1048 1434 36 France, 3 f.; Etranger, 4 f. – On s'abonne à Paris, chez M. Gabriel CHARAVAY,

716 1096 349 38 8, quai du Louvre

416 1202 962 34 Correspondant spécial à Londres: M. J.-Ph. BERJEAU,

423 1407 947 49 AUTOGRAPHES DE FEMMES CÉLÈBRES.

227 1550 1391 49 Les goûts, si on voulait les examiner au microscope, sont

173 1601 1443 50 peut-être aussi variés que les exemplaires du genre humain.

173 1650 1444 51 Mais, sans se livrer à une analyse minutieuse, qui est du

177 1701 1444 50 domaine de la psychologie pure, en regardant les choses de

176 1751 1446 51 haut, on arrive à un classement par groupes qui satisfait la

178 1802 1444 51 raison. Il y en a déjà un nombre respectable, rien que dans le

177 1851 1444 51 domaine de la fantaisie. Il suffirait, pour s’en convaincre, d’é¬

177 1903 1445 50 numérer les divers genres de collections qui ont été faites, et qui

179 1954 1442 49 toutes répondent à un besoin de l’esprit. Ces goûts, qui ont un

178 2003 1446 51 nom générique, se subdivisent encore à l’infini, suivant le point

179 2053 1444 52 de vue particulier. Ainsi, pour les autographes, bien peu de

178 2103 1446 51 personnes embrassent l’ensemble des personnages célèbres

180 2154 1440 52 dont on peut se procurer l’écriture : chacun à ses prédilections,

179 2204 1446 51 suivant son éducation, le milieu où il vit, la tendance de ses

180 2255 1443 51 études, ou son simple caprice, qui est aussi souverain que les

180 2305 1445 50 autres mobiles. De là les spécialités dans le genre, ou les

180 2358 144 38 séries.

230 2405 1394 52 On se rappelle la collection Pécard, qui s’est vendue en

180 2456 1444 52 1873, et qui a produit quelque sensation. Il s’était épris du

180 2506 1446 51 règne de Louis XIII, et ce règne d’une trentaine d’années avait

182 2556 1442 52 suffi à remplir sa carrière de collectionneur ; que dis-je ? il

182 2609 1443 51 s’était épuisé en recherches opiniâtres, et la mort est venue,
