1850 2885
814 145 150 33 — 3 —

168 240 1443 49 rois dont les règnes ont été successifs : Henri IV, Louis XIII,

171 290 1442 49 Louis XIV et Louis XV. Madame de Maintenons qu’il faut

169 340 1445 50 ranger à part, puisqu’elle a été femme légitime de roi sans

172 391 1443 48 porter le titre de reine. Les reines de la main gauche : Diane

171 441 1443 50 de Poitiers, Gabrielle d’Estrées, Charlotte des Essarts et

174 491 1439 50 Mme de Chateauroux. Marie de Lorraine, reine d’Ecosse,

173 542 1445 48 mère de Marie Stuart; Henriette-Marie de France, reine

174 592 1442 49 d’Angleterre, femme de Charles Ier; Christine, reine de Suède,

175 643 1446 48 dite la grande; Marie-Thérèse, impératrice d’Allemagne, sur¬

177 692 1438 50 nommée aussi la grande, mais peut-être avec plus de raison.

227 749 1395 38 D’autres noms retentissants sont ceux de Catherine-Marie

177 798 1447 51 de Montpensier, l’intrépide ligueuse; de Mme de Longueville

179 849 1445 50 et de la grande Mademoiselle, les héroïnes de la Fronde; de

179 899 1447 50 Mme de Chevreuse, leur aînée dans la carrière politique; des

181 950 1444 50 deux Gonzague, Anne, la Palatine, et Marie-Louise, reine de

183 1001 195 47 Pologne.

235 1049 1394 51 La lettre écrite par Julie d’Angennes et son mari est

180 1100 1449 49 un vrai bijou autographique; les épi très de la mère de Chalais

183 1151 1444 49 et de la mère de Cinq-Mars sont des pages vraiment touchantes.

184 1201 1448 51 C’est avec respect qu’on lira celle de Mlle de Gournay, l’amie

185 1252 1442 49 et la collaboratrice de Montaigne, autographe peut-être unique.

186 1302 1444 50 Les deux lettres de la duchesse de Lesdiguières, la fameuse

186 1352 1445 49 Marie Vignon, ne sont pas moins précieuses, non plus que

187 1402 1445 51 celles de la courageuse Catherine de Parthenay et de ses

188 1452 1447 50 deux filles, Anne et Henriette de Rohan. Et la galante duchesse

187 1503 1447 49 de Monthazon, et Mme de Parabère, la maîtresse du régent; et

190 1554 1445 50 Ninon de Lanclos, et sa rivale Mlle de Guerchy ! Le respect

189 1604 1446 50 qu'impose la mémoire de Mme de Staël ne permettrait pas de

190 1654 1447 51 la citer ici si cette place ne lui était assignée par l’ordre chro¬

192 1706 234 47 nologique.

240 1755 1396 48 Nous allions oublier Louise de Savoie, la mère de François Ier,

191 1805 1448 50 qui lui a conservé son royaume pendant sa captivité; trois

192 1855 1444 49 reines successives de Navarre, qui ont laissé dans l’histoire

193 1906 1444 49 et dans les lettres de grands noms : Marguerite de Valois,

193 1956 1446 51 auteur de l’Heptaméron ; Jeanne d’Albret, sa fille, mère de

194 2007 1445 50 Henri IV ; Marguerite de Valois, première femme de ce

195 2056 1446 51 prince, que l’on joue aujourd’hui sous le nom de la reine

197 2110 187 47 Margot.

245 2157 1396 50 Nous pourrions signaler toutes les nièces de Mazarin; la

195 2208 1444 51 plupart des héroïnes du grand Cyrus, de la princesse de

199 2258 1440 51 Paphlagonie, de la Géographie de Bussy-Rabutin, enfin de

197 2309 1444 49 tous les curieux ouvrages qui ont été écrits sur les femmes

200 2359 1442 50 galantes et les Précieuses de ce temps-là; mais nous nous bor¬

202 2409 1437 49 nerons à attirer l’attention sur quelques groupes particuliers.

250 2465 1390 50 Ainsi, la créatrice du véritable style épistolaire français,

202 2515 1439 50 Mme de Sévigné, se trouve dans le catalogue, en compagnie de

202 2566 1441 50 sa petite-fille, Mme de Simiane, sa digne émule; on y rencontre

203 2617 1442 50 également les autographes, bien plus rares, de la comtesse de
