1884 2823
921 58 173 59 - 10 -

371 169 1359 52 fabrique d’ammoniac, memb. de l’Institut.— L. a. s. au comte

372 214 1358 48 de Milly, 1 p. in-4., cachet. 5 »

409 260 826 42 Relative à des expériences minéralogiques.

304 305 1426 48 38 Bazaine (le maréchal). — L. sig.; 1870, 1 p. in-f. 4 »

305 355 1429 47 39 Beauchesne (A. H. de), l’historien de Louis XVII.—L. a. s. à

371 399 1360 48 M. Miller, de l’Institut, 1862, 2 p. in-8. 5 »

413 445 1317 34 Belle et très-curieuse lettre sur son Histoire de Louis XVII. Mme la

379 483 1353 42 Dauphine lui a dit dans le temps qu’il y avait eu 27 faux Louis XVII

379 522 1355 42 qui lui avaient écrit en lui donnant le nom de sœur; mais lui, malgré

381 563 958 41 toutes ses recherches, n’en a pu découvrir que 14.

309 607 1424 48 40 Beauharnais (le prince Eug.), vice-roi d’Italie. — L. sig. au

377 650 1356 49 duc de Cadore; Milan, 1810, 1 p. in-4. 4 »

418 696 1316 43 Il demande une place de consul pour M. Berdot, ancien secrétaire du

376 736 287 37 général Hoche.

308 781 1426 47 41 Beaumarchais (Caron de), l’auteur du Mariage de Figaro. — L.

374 819 1359 54 aut. à M. de Francy; Bordeaux, 1782, 1 p. in-4. 6 »

309 876 1424 47 42 Beffara (L.-Franc.), érudit connu par ses recherches savantes

375 921 1360 48 sur Molière, né dans l’Eure. — L. a. s. à Lucas de Montigny,

381 966 1355 46 1829, 3 p. in-4. 5 »

416 1010 1320 42 Très-intéressante lettre au sujet de ses recherches sur les divers por¬

378 1050 1091 41 traits de Molière par Drujon, Boucher, Martini et autres.

310 1095 1427 46 43 Bellart (Nic.-F.), fameux procureur-général sous la Restau¬

379 1138 1359 49 ration, chansonné par Béranger. — L. a. s. à M. de Metz, 1824,

382 1185 1356 44 I p. in-8. 3 »

312 1228 1427 48 44 Belle-Isle (le maréchal de), de l’Acad. française. — L. sig.,

382 1269 1359 51 1758, 1 p. in-4. 2 »

311 1323 1430 48 45 Benedetti (le comte Vincent), diplomate, ambassadeur à

377 1367 1361 44 Berlin en 1870, et dont le nom se trouve mêlé à la déclaration

377 1412 1361 51 de guerre. — L. a. s. à un de ses amis, diplomate en Orient;

381 1457 1356 48 Paris, 13 mai 1859, 3 p. 1/4 in-8. 8 »

420 1504 1320 39 Curieuse lettre relative à la guerre d’Italie et aux précautions à

381 1543 1359 40 prendre à Constantinople pour éviter que la question d'Orient ne vienne

380 1583 1360 41 compliquer la question pendante et provoquer une conflagration

383 1624 227 37 européenne.

314 1666 1431 47 46 Béranger (P.-J.), le célèbre poète chansonnier. — L. a. s. à

381 1710 1358 48 Mlle Raoulx; prison de La Force, 16 janv. 1829, 3 p. in-8. 8 »

422 1755 1321 41 Curieuse lettre sur sa détention. Il ne s’étonne point que certains

382 1795 1361 40 politiques qui se disaient ses amis lui aient tourné le dos. La prison ne

382 1834 1360 47 le corrige pas, et il s’étonne que l’on se donne la peine de l’y mettre.

383 1874 1361 39 Il s’y ennuira sans doute, mais il n’en vaudra pas mieux pour cela. Il

383 1914 1361 39 a deux existences, dont une qui est tout à fait en dehors de la société.

314 1958 1425 46 47 Le même. — L. a. s. à son cher Auguste; dimanche 21 oct.,

381 2002 1363 45 3 p. in-8. Adresse raturée. 6 »

422 2046 1320 41 Le goût du monde l’abandonne. Il a déjà fait un pas hors de Paris,

382 2087 1364 41 et il est très-disposé à aller se fixer à Fontainebleau, « au milieu de

384 2122 1360 45 cette belle forêt où j’ai trouvé, dit-il, tant d’ombre et si peu de bruit. »

385 2165 1360 40 Recommandation en faveur du fils aîné de Talma, qui désire entrer à

384 2203 1360 43 l’école de Saumur. Il faut assurer à ce jeune homme un nom qui lui

385 2245 500 32 soit une recommandation.

318 2289 1424 46 48 Le même. — L. a. s. à M. Tournier; Passy, 20 oct. 1846, 2 p.

386 2335 1358 36 in-8. 5 »

423 2379 1102 40 Très-jolie lettre sur une pièce de vers qui lui est soumise.

316 2423 1425 48 49 Berg (C.-M.), célèbre pianiste et compositeur, né à Colmar.—

383 2469 1365 46 L. a. s. à M. Simon Richault; Strasbourg, 1834, 1 p. 1/4

388 2515 1360 35 in-4. 6 »

426 2559 1002 41 Très-curieuse lettre sur ses compositions musicales.
