1876 2836
969 163 173 33 - 16 -

336 255 1441 46 116 Roscoe (Guil.), historien de Laurent de Médicis et de Léon X.

420 300 1359 47 — L. a. 8. au peintre Bossi; Liverpool, 1822, 3 p. in-4. Léger

424 345 1355 46 raccommodage. 10 »

463 390 1279 32 Lettre relative à ses illustrations de la vie de Laurent de Médicis.

337 430 1441 44 117 Saint-Just (Louis-Antoine), le célébré conventionnel. — L. a.

423 474 1359 46 s. à M. Garat, notaire royal au bailliage de Coucy; (octobre

427 519 1355 44 1790), 2 p. in-8. Rare. 40 »

338 563 1445 47 118 Sédaine (M.-J.), auteur dramatique original, un des restau¬

422 607 1363 51 rateurs de l’Opéra-Comique, de l’Acad. fr. — L. a. s., 1784,

422 653 1364 45 3/4 de p. in-f. 10 »

338 697 1446 51 119 Tencin (Cl.-Al. de), femme célèbre du XVIIIe siècle, aussi

422 742 1363 47 connue par ses intrigues politiques que par ses relations avec

424 787 1363 45 les gens de lettres et ses ouvrages, auteur des Mémoires du comte

422 832 1362 44 de Comminges, du siège de Calais, etc. — L. a. s. au cardinal Fleury;

422 878 1363 44 22 mars 1738, 4 p. in-4. Rare. 35 »

462 920 1323 41 Singulière épitre par laquelle elle commence à déclarer au cardinal

424 957 1362 43 qu’il la prendra pour une folle. En effet, elle lui donne la recette d’une

424 1000 1365 40 eau de rhubarbe qui lui a parfaitement réussi à elle, et elle l’engage

425 1038 1365 41 à en essayer. Lui préparer cette eau serait pour elle la plus agréable

427 1078 409 39 occupation de sa vie.

339 1117 1449 47 120 Trissin (J.-Georges Trissino, dit le), poète illustre du

424 1163 1365 45 XVIe siècle, un des principaux restaurateurs des lettres en

424 1206 1366 46 Italie.— L. a. s. à sa cousine Isabetta Trissina di Pii ; Sarego,

429 1252 1361 45 18 av. 1522, 1 p. in-f. Trace de cachet. 30 »

466 1296 1324 41 Autographe rare et précieux, mais malheureusement piqué d’humi¬

428 1334 1363 43 dité. Quelques mots manquent à la lin des neuf premières lignes. On

426 1376 1365 37 peut suivre néanmoins le fil du texte. Il vient des archives des descen¬

426 1414 1025 41 dants du Trissin, qui ne possédaient que cette lettre.

844 1506 447 41 CABINET

378 1582 1384 108 D’AUTOGRAPHES

1045 1711 47 24 DE

694 1754 754 48 Gabriel CHARAVAY

994 1831 152 25 EXPERT

523 1871 1088 78 (ANCIENNE MAISON CHARON PUIS AUG. LAVERDET)

787 1962 570 47 Quai du Louvre, 8

444 2078 1352 50 Collection considérable d’Autographes des célébrités de

345 2130 1451 49 tous genres : souverains, hommes d'Etat, littérateurs, savants,

342 2180 1456 48 peintres, dessinateurs, graveurs, musiciens, acteurs et autres

342 2230 1457 50 artistes ; nombreux cartons de pièces relatives aux provinces

345 2281 778 38 de France et aux familles nobles.

445 2330 1294 50 Grand choix d'Autographes pour l’illustration des livres.

444 2381 1353 50 L’authenticité des Autographes est garantie, sans condi¬

344 2432 1173 49 tion de temps, c’est-à-dire d'une manière absolue.

444 2482 1353 53 Achat de collections d’Autographes, au comptant ; rédac¬

345 2520 1454 61 tion de catalogues, ventes à l'amiable ou aux enchères pour

346 2571 989 66 le compte des possesseurs.

749 2646 831 39 Imprimerie J, LEGERE, rue des Bons-Enfants, 40.

567 2651 115 28 Rouen.

1338 2768 4 5 ■
