1981 3117
763 506 204 38 — 15 —

393 625 983 38 Nommé pair en 1819, il apporta dans les travaux législatifs le

357 679 926 37 secours si apprécié de ses lumières et de sa longue expérience.

393 748 983 35 Il mourut à Paris, dans sa maison, le 20 avril 1850, à l’âge de

361 801 1016 39 quatre-vingt-douze ans, dans les bras de sa femme et entouré de sa

360 859 114 26 famille.

832 898 62 52 —

583 991 555 65 DAVID (JEAN-LOUIS),

666 1089 407 34 2, Petite rue Verte, Paris.

357 1158 975 55 91. Un coin de Salle à manger (aquarelle).

356 1229 956 57 92. Le Repos des petits Chats (aquarelle).

835 1292 66 52 —

580 1381 576 67 DEGALASSE (MlIe A.),

705 1484 334 33 17, rue Meslay, Paris.

352 1567 596 50 93. Le Retour du Marché.

356 1643 382 46 94. La Punition.

833 1686 61 50 —

754 1810 232 55 DENIZE,

793 1909 141 26 à Rouen.

349 1976 747 58 95. Tête de jeune Fille (dessin ).

350 2049 500 46 96. Tête de Vieillard.

839 2112 60 50 —

522 2205 674 66 DESGOFFE (ALEXANDRE),

564 2306 584 33 Pavillon de l’Ouest, à l’Institut, Paris.

352 2394 516 46 97. Une Allée de Parc.
