3145 5268
1372 83 1456 152 —
1510 81 1598 154 10
1646 121 1730 132 —

329 312 358 342 <r
397 290 482 344 Ils
520 280 973 354 s'approchent
1017 279 1073 329 si
1116 276 1267 347 près
1305 275 1387 327 de
1438 276 1526 328 La
1574 274 1881 328 Rochelle
1918 289 2047 342 que
2093 275 2209 328 silz
2254 276 2315 330 la
2359 278 2693 335 voulaient
2739 284 2947 343 forcer
2975 293 3039 361 je

328 351 690 412 craindrais
722 363 849 417 que
882 361 1036 400 sans
1060 345 1188 399 led.
1223 341 1629 398 arrière-ban
1662 343 1774 395 Ion
1807 357 1889 395 ne
1921 342 2066 396 leur
2098 346 2251 412 pust
2281 344 2442 398 faire
2469 348 2820 409 résistance
2851 372 3039 428 parce

325 440 451 495 que
482 424 542 475 la
571 419 870 490 pluspart
900 413 1018 467 des
1041 413 1583 482 gentilshommes
1609 410 1701 465 du
1729 413 1874 482 pais
1906 427 1990 465 en
2023 415 2170 466 sont
2202 413 2377 468 hors.
2410 431 2437 467 »

56 575 302 646 43524.
358 567 666 641 HENRI
704 566 826 649 IV,
886 565 1010 635 roi
1074 563 1174 634 de
1230 565 1562 634 France.
1622 603 1702 610 —
1756 561 1843 630 P.
1899 582 1997 645 s.,
2049 582 2191 632 sur
2239 564 2563 657 papier;
2619 568 3035 649 Fontaine¬

412 660 678 745 bleau,
720 656 764 727 3
786 655 968 747 juin
1008 655 1286 740 1602,1
1328 676 1408 747 p.
1462 651 1811 724 in-folio.
2815 665 2901 737 10
3003 696 3035 740 »

391 820 765 884 Passe-port
795 833 966 887 pour
1006 819 1065 871 le
1109 817 1334 887 prince
1380 814 1424 868 d
1451 814 1700 882 Orange
1741 812 2513 883 (Philippe-Guillaume)*
2545 819 2658 888 qui
2699 826 2846 877 veut
2881 826 3040 884 aller

323 888 407 941 de
432 887 711 941 Flandre
735 903 823 942 au
853 886 1065 942 comté
1097 888 1179 940 de
1207 887 1586 953 Bourgogne
1620 898 1704 936 en
1729 886 2001 953 passant
2029 898 2150 953 par
2175 883 2234 937 la
2267 881 2532 941 France,

53 1047 301 1119 43525.
357 1044 633 1119 HUGO
663 1047 1019 1133 (Victor),
1061 1046 1137 1117 le
1177 1043 1427 1138 grand
1468 1041 1728 1134 poète.
1772 1084 1857 1094 —
1897 1044 1983 1113 L.
2025 1066 2097 1115 a.
2137 1066 2201 1116 s.
2225 1067 2245 1130 ;
2273 1045 2315 1114 7
2357 1047 2807 1139 septembre
2835 1053 3035 1139 1847,

417 1141 453 1210 I
497 1160 577 1232 p.
617 1139 807 1210 in-8.
2819 1140 2905 1214 10
3001 1168 3033 1212 »

393 1298 445 1351 II
477 1297 939 1352 recommande
977 1312 1069 1350 un
1105 1294 1305 1363 jeune
1345 1291 1552 1362 poète.
1602 1310 1630 1344 «
1669 1293 1793 1359 Qui
1839 1294 1961 1347 sait
1981 1297 2011 1347 ?
2046 1294 2370 1350 Peut-être
2414 1296 2623 1351 l'aube
2664 1295 2709 1352 d
2730 1311 2819 1353 un
2853 1299 3034 1371 poète

329 1367 771 1421 sortira-t-elle
803 1366 885 1419 de
912 1381 982 1419 ce
1009 1380 1136 1433 que
1163 1378 1332 1416 nous
1363 1361 1613 1415 faisons
1637 1361 1745 1422 ici*
1772 1378 1938 1416 vous
1978 1367 2041 1416 et
2072 1364 2225 1417 moi.
2267 1381 2293 1415 v

55 1518 305 1588 43526.
361 1517 633 1587 HUGO
675 1515 1033 1602 (Victor).
1071 1554 1155 1563 —
1197 1514 1281 1581 L.
1325 1532 1395 1581 a.
1439 1511 1503 1580 s.
1543 1511 1850 1584 Victor
1894 1512 2018 1597 H.,
2056 1514 2092 1581 1
2134 1534 2212 1606 p.
2246 1513 2430 1585 in-8.
2861 1518 2903 1589 3
2949 1519 3037 1591 50

55 1697 303 1766 43527.
359 1679 887 1766 HUŸSMANS
925 1691 1449 1781 (Joris-Karl),
1503 1691 1824 1766 célèbre
1886 1693 2344 1767 romancier
2398 1698 3031 1792 contemporain.

415 1827 499 1836 —
539 1787 625 1854 L.
667 1807 739 1856 a.
783 1806 879 1869 s.,
921 1786 1041 1873 3/4
1071 1806 1151 1877 p.
1187 1784 1287 1853 de
1325 1806 1403 1875 p.
1437 1783 1623 1854 in-8.
2860 1789 2904 1860 3
2999 1812 3031 1856 »

47 1956 299 2026 43528.
355 1956 711 2026 INGRES
733 1958 1017 2043 (Jean),
1053 1956 1419 2027 l’illustre
1449 1957 1784 2046 peintre.
1814 1998 1898 2008 —
1926 1958 2010 2025 L.
2038 1978 2108 2025 a.
2134 1976 2234 2042 s.,
2268 1959 2300 2026 1
2330 1979 2404 2048 p.
2442 1958 2556 2041 1/2
2580 1955 2764 2028 in-4.
2860 1961 2904 2029 8
2998 1983 3030 2027 »

53 2127 303 2197 43529.
357 2126 701 2197 JACORI
751 2126 1503 2216 (Frédéric-Henri),
1569 2127 1641 2196 le
1691 2125 2012 2200 célèbre
2064 2127 2546 2231 philosophe
2608 2127 3028 2201 allemand.

415 2218 621 2287 —16
657 2218 709 2287 1.
755 2240 825 2287 a.
865 2240 927 2287 s.
981 2224 1057 2287 et
1109 2220 1141 2287 1
1185 2220 1237 2287 1.
1295 2240 1389 2306 s.,
1445 2239 1543 2288 en
1599 2217 1972 2306 français,
2028 2240 2126 2287 au
2176 2215 2506 2290 libraire
2562 2218 2882 2300 Jansen,
2936 2219 3032 2291 de

413 2310 643 2379 Paris
667 2334 685 2399 ;
729 2310 1155 2391 1792-1796,
1197 2310 1287 2379 50
1325 2331 1401 2401 p.
1447 2309 1790 2380 environ
1834 2308 2018 2377 in-4.
2776 2311 2902 2380 100
3000 2338 3030 2374 »

387 2477 729 2533 Précieuse
756 2479 1322 2548 correspondance
1352 2482 1525 2531 toute
1558 2480 1824 2533 relative
1860 2477 1896 2531 à
1931 2479 1990 2530 la
2047 2477 2408 2530 traduction
2447 2477 2768 2546 française
2806 2475 2887 2533 de
2917 2494 3033 2532 son

331 2548 694 2600 Waldemar.
738 2547 787 2599 Il
824 2551 1006 2600 entre
1039 2546 1205 2601 dans
1249 2549 1343 2599 les
1381 2545 1612 2600 détails
1654 2548 1751 2601 les
1775 2546 1925 2618 plus
1963 2545 2328 2599 minutieux
2361 2562 2528 2612 pour
2558 2547 2617 2599 la
2648 2543 3008 2601 traduction
3022 2589 3035 2611 *

318 2616 760 2686 l’impression
792 2619 855 2668 et
877 2616 899 2668 1
919 2616 1313 2670 illustration
1347 2615 1428 2669 de
1462 2620 1561 2669 cet
1592 2628 1872 2684 ouvrage
1907 2614 2065 2668 dont
2100 2614 2142 2666 il
2174 2615 2397 2669 attend
2431 2614 2843 2685 l'apparition
2875 2629 3032 2670 avec

318 2701 448 2737 une
475 2685 867 2754 impatience
894 2685 1200 2738 d'enfant.
1237 2685 1430 2737 Entre
1467 2688 1694 2749 temps,
1720 2685 1761 2736 il
1785 2683 1964 2754 parle
1986 2681 2065 2735 de
2092 2682 2438 2737 l'invasion
2469 2681 2585 2737 des
2612 2681 2913 2752 Français
2950 2697 3033 2737 en

320 2754 693 2820 Allemagne
718 2769 731 2816 ;
777 2754 858 2805 ils
891 2757 1005 2805 ont
1040 2751 1184 2808 rasé
1216 2749 1254 2804 à
1286 2768 1454 2822 coup
1487 2751 1568 2804 de
1611 2752 1866 2805 boulets
1900 2751 1980 2803 de
2013 2766 2221 2804 canon
2268 2766 2337 2803 sa
2369 2751 2627 2805 maison
2658 2749 2739 2806 de
2778 2766 3032 2822 campa¬

318 2834 475 2889 gnes
533 2818 737 2874 située
792 2820 944 2889 près
999 2819 1402 2879 Dusseldorf,
1451 2820 1615 2872 mais
1666 2819 1836 2872 l’état
1885 2818 1966 2872 de
2014 2825 2242 2888 guerre
2286 2823 2464 2871 entre
2510 2819 2602 2870 les
2657 2816 2828 2873 deux
2877 2834 3034 2913 pays

320 2887 703 2957 n’empêcha
767 2904 885 2957 pas
939 2887 1380 2958 l’impression
1445 2887 1526 2941 de
1598 2888 1945 2941 Waldemar
2004 2888 2118 2954 qui
2175 2890 2362 2953 parut
2445 2902 2524 2938 en
2595 2886 2745 2941 1790.
2808 2883 3038 2942 Jacobi

319 2956 643 3026 témoigne
678 2972 798 3010 son
824 2955 1418 3010 mécontentement
1437 2956 1519 3009 de
1548 2972 1615 3009 se
1648 2957 1793 3009 voir
1815 2956 1869 3010 si
1906 2957 2033 3008 mal
2070 2954 2311 3010 traduit
2336 2958 2397 3007 et
2425 2952 2681 3010 déclare
2709 2969 2835 3025 que
2870 2968 3038 3027 pour

317 3030 480 3080 cette
513 3027 736 3080 raison
769 3026 816 3078 il
854 3040 936 3078 ne
973 3026 1247 3079 viendra
1280 3041 1398 3094 pas
1442 3023 1480 3077 à
1523 3025 1723 3078 Paris.
1774 3022 2154 3077 L'infidélité
2200 3022 2287 3076 du
2333 3021 2709 3079 traducteur
2754 3024 2809 3077 le
2848 3022 3040 3096 punit

318 3094 399 3147 de
434 3110 554 3148 son
599 3094 921 3147 ambition
960 3095 1074 3161 qui
1118 3095 1197 3148 l’a
1242 3090 1483 3163 poussé
1526 3092 1562 3145 à
1607 3091 1913 3161 acquérir
1951 3107 2081 3146 une
2128 3090 2503 3145 renommée
2537 3090 2690 3160 plus
2736 3088 3034 3158 étendue,

319 3182 348 3215 «
386 3179 496 3217 car
525 3163 593 3231 je
631 3161 975 3215 m'attends
1013 3160 1049 3216 à
1091 3166 1300 3216 toutes
1344 3165 1549 3215 sortes
1590 3161 1668 3213 de
1714 3160 1984 3229 dégoûts
2032 3159 2144 3229 qui
2204 3175 2305 3212 me
2362 3159 2713 3215 viendront
2752 3156 2832 3214 de
2876 3161 3038 3215 cette

316 3231 687 3285 traduction
732 3247 859 3299 que
909 3232 1139 3298 j'avais
1186 3231 1527 3284 follement
1587 3226 1861 3295 désirée,
1920 3233 2059 3282 tout
2098 3227 2421 3298 persuadé
2462 3242 2588 3297 que
2626 3226 2837 3296 j'étais
2883 3226 3039 3299 qu'il

316 3298 470 3354 était
499 3316 783 3370 presque
819 3300 1206 3370 impossible
1228 3299 1375 3352 d’en
1402 3298 1562 3352 faire
1597 3314 1725 3351 une
1761 3298 2202 3367 supportable.
2247 3313 2271 3345 »
2312 3328 2376 3333 —
2400 3296 2627 3352 Jacobi
2649 3298 2826 3368 parle
2858 3297 3039 3351 aussi

316 3368 396 3422 de
429 3370 489 3423 la
522 3367 892 3423 traduction
936 3368 1259 3436 française
1303 3366 1392 3421 du
1428 3367 1638 3421 Messie
1675 3367 1756 3421 de
1797 3367 2148 3436 Klopstock
2174 3382 2186 3428 ;
2234 3364 2276 3417 il
2325 3366 2502 3434 parle
2538 3368 2817 3420 souvent
2847 3363 2926 3418 de
2965 3378 3038 3420 ce

314 3436 568 3492 célèbre
595 3437 783 3507 poète
817 3441 879 3491 et
911 3436 991 3490 de
1027 3453 1129 3491 ses
1166 3451 1444 3491 œuvres.

43 3599 291 3669 43530.
345 3598 1027 3677 JEAN-CASIMIR
1099 3599 1187 3681 V.
1259 3598 1381 3669 roi
1457 3599 1557 3668 de
1629 3599 2010 3688 Pologne,
2088 3591 2274 3688 puis
2334 3591 2540 3665 abbé
2616 3592 2714 3664 de
2786 3593 3038 3664 Saint-

407 3687 1219 3775 Germain-des-Prés,
1291 3689 1393 3761 où
1447 3691 1605 3760 l’on
1669 3689 1840 3758 voit
1908 3707 2204 3758 encore
2276 3708 2422 3755 son
2492 3684 2888 3755 tombeau.
2954 3727 2968 3732 -

407 3782 489 3850 L.
527 3803 597 3850 a.
639 3804 733 3867 s.,
779 3804 877 3857 en
901 3781 1301 3874 français;
1345 3781 1719 3864 Moulins,
1743 3781 1788 3848 9
1828 3777 2310 3870 septembre,
2346 3778 2376 3845 1
2412 3796 2488 3869 p.
2528 3775 2712 3846 in-4.
2814 3775 2900 3844 35
3002 3798 3032 3842 »

385 3941 435 3994 Il
467 3938 745 3996 réclame
777 3942 835 3997 le
861 3943 1199 4013 paiement
1225 3942 1381 3997 d’un
1419 3941 1701 4010 reliquat
1741 3939 1822 3994 de
1856 3937 2082 3992 dettes.

44 4098 290 4171 43531.
348 4099 620 4172 KOCK
684 4102 908 4188 (Paul
971 4103 1128 4194 de),
1193 4103 1269 4175 le
1337 4099 1657 4174 célèbre
1725 4097 2208 4170 romancier.
2288 4138 2372 4149 —
2438 4098 2522 4169 L.
2596 4118 2664 4167 a.
2746 4118 2806 4168 s.
2886 4117 3038 4168 aux

406 4191 876 4265 sociétaires
944 4196 1042 4266 de
1098 4191 1844 4290 l’Opéra-Comique
1880 4213 1898 4278 ;
1960 4191 2214 4276 Paris,
2276 4192 2318 4261 3
2384 4189 2544 4261 mai
2598 4189 2798 4272 1823,
2862 4189 2896 4257 1
2958 4208 3032 4281 p-

406 4280 590 4355 in-4.
1254 4357 1258 4360 .
1524 4353 1530 4356 .
2858 4277 2900 4347 4
3000 4302 3030 4344 »

379 4440 430 4495 Il
463 4440 787 4498 demande
816 4462 942 4515 que
977 4447 1105 4501 l’on
1130 4447 1288 4516 joue
1322 4447 1472 4518 plus
1507 4447 1788 4500 souvent
1816 4459 1936 4499 son
1965 4441 2162 4515 opéra
2196 4442 2289 4497 les
2328 4437 2616 4509 Infidèles
2623 4481 2633 4493 .

40 4599 288 4673 43532.
344 4603 470 4674 LA
528 4607 860 4678 FORCE
924 4610 1300 4695 (Jacques
1366 4609 1464 4682 de
1536 4607 1959 4692 Caumont,
2021 4607 2179 4678 duc
2243 4603 2399 4695 de),
2465 4596 2872 4675 maréchal
2944 4598 3042 4670 de

404 4695 736 4784 France,
784 4702 924 4792 qui
970 4722 1054 4771 se
1102 4695 1510 4790 distingua
1550 4703 1594 4774 à
1632 4703 1708 4774 la
1754 4697 2081 4772 bataille
2129 4697 2545 4791 d’Arques.
2597 4736 2681 4747 —
2733 4695 2817 4768 L.
2862 4713 2930 4766 a.
2978 4713 3038 4764 s.

404 4789 534 4874 (au
574 4791 940 4863 cardinal
980 4790 1080 4866 de
1122 4793 1600 4884 Richelieu),
1640 4795 1674 4866 1
1720 4817 1797 4888 p.
1843 4791 2187 4864 in-folio.
2823 4785 2912 4858 35
3012 4808 3042 4854 »

378 4957 665 5030 Superbe
715 4964 899 5021 lettre
944 4967 1211 5023 relative
1255 4967 1292 5022 à
1342 4969 1403 5024 la
1454 4969 1619 5023 mise
1664 4985 1748 5023 en
1801 4966 2069 5025 défense
2114 4965 2195 5021 de
2253 4965 2431 5022 Saint
2447 4995 2468 5007 -
2486 4965 2658 5030 Sion,
2713 4961 2826 5034 qui
2891 4962 3047 5034 peut

312 5029 607 5086 contenir
647 5047 777 5087 une
820 5037 1132 5103 garnison
1175 5037 1257 5095 de
1295 5037 1466 5099 deux
1518 5039 1695 5099 mille
1730 5040 2034 5100 hommes
2086 5040 2148 5101 et
2193 5051 2261 5101 sç
2295 5034 2611 5095 défendre
2658 5035 2879 5096 contre
2915 5046 3043 5093 une

312 5095 569 5170 attaque
602 5097 682 5158 de
711 5101 820 5162 dix
852 5104 1050 5164 mille.
