3109 5075
176 174 1184 322 LETTRES
1336 174 2965 335 AUTOGRAPHES

1281 508 1370 556 EN
1416 506 1644 557 VENTE
1690 509 1860 555 CHEZ

383 716 635 815 Noël
691 714 857 811 CH
867 716 1137 813 ARA
1149 716 1325 813 VA
1335 718 1449 832 Y,
1496 727 1848 844 expert
1896 750 2022 813 en
2074 728 2756 852 autographes

957 976 1025 1057 3,
1073 996 1195 1041 rue
1239 974 1323 1039 de
1369 973 1848 1056 Furstenberg,
1896 974 1932 1037 à
1982 975 2174 1040 Paris

151 1450 387 1517 43457.
441 1448 1035 1527 ALEXANDRE,
1073 1464 1225 1513 duc
1257 1464 1357 1511 de
1395 1444 1974 1529 Wurtemberg,
2016 1446 2266 1534 époux
2312 1448 2406 1514 de
2460 1447 2534 1515 la
2582 1451 2968 1536 princesse

493 1532 723 1602 Marie
763 1534 1179 1601 d’Orléans.
1235 1570 1315 1579 —
1355 1532 1437 1596 15
1484 1532 1746 1598 lettres
1792 1535 2304 1620 autographes
2350 1534 2646 1620 signées
2694 1537 2786 1603 de
2832 1560 2970 1606 son

495 1620 815 1706 prénom
847 1620 947 1685 ou
983 1620 1071 1697 A,
1111 1638 1207 1685 en
1243 1618 1600 1700 français,
1636 1619 1678 1682 à
1716 1617 2280 1685 Mademoiselle
2306 1622 2578 1687 Esther
2608 1622 2964 1709 Bongars,

493 1706 775 1772 actrice
811 1706 915 1769 du
951 1704 1241 1771 théâtre
1269 1702 1405 1770 des
1433 1702 1774 1770 Variétés
1802 1725 1822 1786 ;
1860 1705 2100 1784 Paris,
2130 1704 2550 1784 Francfort,
2580 1708 2966 1789 1840-1842,

489 1793 577 1858 42
611 1806 843 1877 pages
879 1790 1033 1857 in-8
1069 1810 1169 1855 ou
1207 1790 1385 1856 in-4.
2720 1795 2844 1862 150
2934 1820 2966 1855 »

467 1942 775 1992 Curieuse
806 1950 1379 1992 correspondance
1414 1951 1801 1992 amoureuse.
1840 1940 2006 1990 Dans
2036 1940 2096 1991 la
2124 1941 2432 2006 première
2460 1941 2653 2004 lettre,
2679 1942 2852 1994 datée
2882 1945 2966 1995 du

401 2005 465 2054 24
486 2005 627 2068 juin
663 2005 810 2064 1840,
846 2005 891 2054 il
930 2005 1020 2054 lui
1056 2003 1298 2054 déclare
1335 2017 1450 2053 son
1490 2019 1714 2054 amour
1753 2008 1813 2053 et
1843 2005 1933 2054 lui
1967 2004 2274 2055 demande
2310 2021 2398 2055 un
2442 2006 2871 2058 rendez-vous.
2918 2010 2968 2058 Il

399 2070 567 2119 n'ose
597 2083 711 2130 pas
741 2083 965 2119 encore
995 2084 1060 2118 se
1090 2083 1386 2118 nommer
1418 2072 1479 2118 et
1515 2070 1685 2132 signe
1717 2069 1781 2117 F.
1820 2068 1885 2118 G.
1919 2069 2004 2118 La
2032 2069 2339 2134 première
2372 2071 2546 2120 lettre
2583 2070 2746 2122 étant
2772 2072 2967 2124 restée

397 2148 543 2184 sans
569 2148 854 2200 réponse,
880 2134 927 2184 il
952 2134 1163 2184 l'avise
1194 2133 1343 2197 qu'il
1374 2148 1439 2182 se
1464 2133 1694 2183 rendra
1721 2147 1803 2182 au
1832 2131 2065 2182 théâtre
2089 2149 2102 2193 ;
2134 2135 2179 2183 il
2210 2149 2274 2184 se
2296 2133 2428 2184 fera
2454 2135 2834 2186 reconnaître
2856 2152 2968 2200 par

395 2213 484 2248 un
509 2199 681 2262 signe
704 2198 816 2248 fait
844 2213 993 2248 avec
1024 2212 1139 2247 son
1164 2198 1508 2247 mouchoir.
1538 2199 1636 2247 Un
1657 2213 1781 2272 peu
1809 2198 1951 2271 plus
1975 2198 2114 2248 tard
2137 2199 2183 2248 il
2207 2213 2272 2248 se
2296 2200 2491 2263 plaint
2513 2200 2590 2249 de
2615 2199 2802 2249 n’être
2827 2202 2967 2265 plus

393 2261 557 2313 aimé
587 2268 648 2312 et
677 2262 889 2313 s'écrie
922 2281 935 2312 :
964 2285 985 2309 «
1015 2262 1233 2314 Adieu,
1261 2276 1395 2312 mes
1421 2261 1654 2312 douces
1677 2262 1965 2311 illusions
1993 2264 2005 2311 !
2037 2277 2194 2312 vous
2215 2265 2445 2313 m'avez
2468 2263 2647 2313 bercé
2671 2266 2968 2328 quelques

394 2328 663 2377 instants
695 2327 854 2378 dans
883 2343 973 2377 un
1002 2326 1145 2376 rêve
1181 2329 1376 2390 qu'un
1416 2326 1684 2377 soudain
1724 2325 1917 2375 réveil
1957 2342 1995 2376 a
2031 2341 2195 2402 pour
2222 2328 2503 2391 toujours
2539 2327 2790 2393 dissipé.
2825 2344 2850 2376 »
2884 2329 2966 2378 Le

390 2393 453 2443 21
484 2392 734 2441 octobre
765 2392 911 2446 1840,
942 2392 987 2441 il
1014 2392 1104 2441 lui
1141 2390 1292 2442 écrit
1324 2408 1336 2441 :
1366 2408 1392 2440 «
1421 2391 1590 2441 Vous
1619 2390 1747 2440 êtes
1780 2390 1930 2440 bien
1956 2393 2187 2455 injuste
2210 2392 2288 2441 de
2317 2407 2419 2442 me
2453 2391 2587 2442 dire
2617 2408 2736 2457 que
2765 2392 2906 2441 d'ici
2931 2391 2970 2442 à

390 2467 543 2506 mon
576 2462 790 2508 retour
814 2456 880 2520 je
915 2457 1169 2523 pourrai
1204 2470 1363 2506 vous
1392 2456 1653 2506 oublier.
1688 2456 2097 2518 Croyez-vous
2136 2455 2298 2506 donc
2341 2471 2461 2520 que
2503 2461 2635 2505 tout
2664 2472 2732 2506 ce
2762 2472 2881 2520 que
2903 2456 2971 2519 je

392 2535 551 2573 vous
574 2523 635 2574 ai
659 2521 752 2572 dit
782 2521 903 2571 soit
930 2520 1009 2571 de
1042 2522 1255 2572 vaines
1279 2521 1525 2587 paroles
1556 2524 1587 2570 ?
1608 2536 1634 2568 »
1662 2521 1744 2570 Le
1773 2520 1839 2570 20
1866 2522 1991 2571 mai
2022 2522 2144 2571 1841
2170 2522 2215 2570 il
2247 2536 2311 2572 se
2334 2522 2534 2587 plaint
2556 2522 2869 2572 vivement
2891 2518 2968 2571 de

394 2602 463 2637 sa
484 2585 790 2637 froideur.
826 2588 954 2636 «Je
996 2588 1128 2637 suis
1168 2587 1319 2637 bien
1357 2586 1764 2635 malheureux
1782 2584 1985 2634 .d'être
2026 2585 2204 2636 traité
2243 2587 2424 2646 ainsi,
2462 2587 2673 2650 quand
2707 2586 2786 2635 de
2818 2601 2971 2636 mon

391 2650 526 2702 côté
543 2651 608 2714 je
637 2651 757 2702 fois
787 2656 921 2702 tout
948 2666 1111 2717 pour
1131 2655 1191 2701 te
1218 2664 1495 2716 prouver
1522 2650 1811 2699 combien
1833 2650 1898 2713 je
1922 2650 2187 2700 t'aime...
2221 2651 2364 2700 Mon
2389 2651 2547 2700 Dieu
2573 2654 2586 2699 !
2615 2649 2664 2700 il
2685 2650 2974 2700 vaudrait

391 2717 603 2767 mieux
637 2716 775 2766 dire
803 2731 923 2766 aux
952 2731 1297 2782 personnes
1327 2730 1448 2778 que
1478 2716 1601 2764 l’on
1632 2730 1673 2763 n
1692 2713 1980 2779 apprécie
2014 2730 2147 2779 pas,
2185 2716 2586 2774 laissez-moi,
2616 2715 2680 2778 je
2705 2730 2783 2763 ne
2812 2729 2971 2763 vous

392 2783 557 2831 aime
591 2795 707 2846 pas
733 2782 747 2829 !
784 2797 812 2828 »
855 2781 939 2830 La
980 2780 1155 2830 lettre
1195 2781 1256 2830 la
1297 2782 1437 2845 plus
1479 2780 1854 2845 importante
1893 2783 1988 2829 est
2024 2787 2083 2829 la
2123 2779 2408 2829 dernière
2448 2779 2626 2828 datée
2665 2779 2754 2828 du
2790 2780 2825 2827 6
2863 2778 2974 2828 dé¬

390 2847 640 2896 cembre
680 2845 828 2895 1842.
873 2846 921 2894 Il
961 2846 1233 2896 s'excuse
1274 2846 1352 2895 de
1387 2845 1605 2895 l'avoir
1642 2842 1883 2893 blessée
1923 2859 2004 2893 en
2043 2845 2401 2909 employant
2438 2844 2550 2893 des
2580 2844 2976 2909 expressions

387 2910 775 2978 énergiques,
817 2911 977 2960 mais
1005 2910 1225 2974 justes,
1267 2910 1566 2976 puisqu'il
1594 2909 1876 2974 pourrait
1903 2924 2177 2974 prouver
2212 2913 2348 2958 tout
2375 2924 2446 2959 ce
2474 2909 2625 2973 qu'il
2652 2924 2689 2959 a
2721 2906 2978 2959 avancé.

391 2993 417 3025 «
447 2977 602 3026 C'est
642 2977 791 3025 nien
813 2975 850 3025 à
891 2980 1013 3025 tort
1053 2991 1175 3040 que
1204 2990 1365 3025 vous
1392 2975 1713 3041 employez
1747 2974 1804 3023 le
1838 2978 1971 3024 mot
2003 2974 2082 3024 de
2112 2974 2342 3023 Prince.
2373 2974 2543 3024 Vous
2571 2989 2787 3038 croyez
2816 2973 2980 3023 donc

387 3043 577 3106 qu'en
612 3056 679 3091 se
720 3039 987 3091 fondant
1031 3055 1143 3093 sur
1181 3055 1250 3090 ce
1291 3041 1432 3090 titre
1468 3055 1552 3089 on
1591 3041 1679 3090 ait
1710 3039 1770 3089 le
1811 3039 1976 3089 droit
2009 3039 2088 3089 de
2124 3054 2191 3088 se
2231 3043 2564 3104 permettre
2606 3039 2718 3088 des
2758 3039 2979 3089 choses

385 3108 618 3172 qu'une
635 3111 811 3156 autre
836 3121 1148 3166 personne
1173 3121 1253 3155 ne
1278 3121 1345 3155 se
1367 3106 1757 3172 permettrait
1779 3120 1894 3171 pas
1916 3107 1948 3154 ?
1974 3120 2002 3152 »
2027 3104 2082 3153 EL
2099 3119 2182 3154 ne
2204 3106 2404 3155 craint
2428 3120 2542 3169 pas
2565 3119 2666 3155 ses
2691 3118 2980 3154 menaces

385 3177 447 3222 et
473 3172 534 3223 la
567 3186 811 3221 somme
841 3178 921 3222 de
948 3171 1040 3222 les
1071 3175 1293 3221 mettre
1315 3169 1354 3222 à
1378 3167 1724 3221 exécution.

121 3305 361 3372 43458.
413 3304 731 3373 ANCRE
763 3304 1141 3387 (Goncino
1175 3305 1528 3380 Coxcixi,
1570 3304 1916 3386 marquis
1942 3302 2070 3385 d’),
2110 3301 2502 3370 maréchal
2540 3301 2636 3368 de
2662 3303 2980 3380 France,

471 3392 721 3459 favori
755 3392 849 3457 de
889 3393 1123 3458 Marie
1161 3391 1255 3456 de
1293 3389 1640 3468 Médicis,
1674 3395 1802 3456 tue
1834 3410 1976 3477 par
1998 3390 2216 3475 Vitry
2250 3411 2348 3456 en
2372 3391 2566 3456 1617.
2596 3429 2676 3440 —
2704 3390 2784 3455 L.
2816 3410 2884 3455 a.
2916 3409 2976 3454 s.

469 3480 511 3545 à
545 3480 641 3545 M.
671 3480 767 3545 de
797 3482 1223 3562 Nerestang
1249 3499 1267 3558 ;
1307 3479 1648 3556 Amiens,
1674 3477 1762 3544 23
1788 3478 2226 3565 septembre
2256 3479 2510 3556 1615,1
2544 3499 2620 3564 p.
2650 3476 2976 3542 in-folio.

477 3564 653 3633 Très
687 3586 889 3633 rare.
927 3565 1143 3653 (Coll.
1191 3563 1594 3654 TrémontJ.
2726 3563 2852 3629 125
2944 3586 2976 3625 »

444 3718 496 3768 Il
529 3720 586 3769 le
615 3718 755 3786 prie
788 3719 868 3769 de
902 3719 994 3769 lui
1025 3734 1333 3784 renvoyer
1359 3719 1420 3770 la
1448 3718 1819 3785 compagnie
1858 3715 1938 3770 de
1979 3715 2302 3769 Monsieur
2336 3732 2500 3783 pour
2538 3714 2857 3767 renforcer
2887 3713 2979 3765 les

380 3789 637 3851 troupes
664 3784 752 3836 du
782 3784 1099 3837 maréchal
1123 3781 1202 3835 de
1233 3784 1688 3852 Boisdauphin.

115 3918 355 3985 43459.
405 3918 895 3985 ANDRIEUX
945 3920 1403 4004 (François),
1441 3919 1752 3986 célèbre
1800 3917 2228 3985 littérateur
2262 3922 2334 3983 et
2366 3920 2640 3981 auteur
2674 3913 2976 3981 drama¬

463 4007 699 4092 tique,
741 4008 1087 4073 membre
1121 4007 1217 4074 de
1253 4007 1720 4076 l'Académie
1746 4005 2154 4089 française,
2186 4002 2282 4071 né
2310 4006 2352 4069 à
2386 4003 2868 4086 Strasbourg.
2900 4036 2980 4048 —

461 4095 546 4158 L.
585 4113 655 4161 a.
695 4114 757 4161 s.
791 4116 814 4177 ;
851 4096 1099 4178 Paris,
1137 4097 1223 4164 22
1253 4117 1464 4164 mars
1500 4095 1698 4172 1809,
1736 4097 1778 4160 4
1808 4113 1884 4180 p.
1932 4096 2110 4159 in-4.
2810 4091 2858 4156 6
2948 4112 2982 4153 »

438 4233 715 4299 Superbe
756 4236 933 4304 pièce
973 4237 1058 4288 où
1092 4239 1140 4288 il
1181 4237 1418 4291 défend
1463 4242 1678 4288 contre
1712 4251 1802 4287 un
1850 4234 2322 4288 calomniateur,
2366 4247 2455 4284 un
2481 4234 2676 4298 jeune
2704 4231 2982 4285 homme,

371 4301 500 4352 ami
522 4309 603 4352 de
626 4317 746 4354 son
774 4308 998 4370 parent
1020 4304 1042 4355 1
1059 4303 1649 4370 adjudant-général
1678 4302 2018 4353 Andrieux.

108 4433 346 4500 43460.
396 4436 822 4506 AXGLTER
858 4438 1216 4512 .Michel),
1252 4439 1559 4508 célèbre
1597 4439 2019 4524 sculpteur,
2059 4442 2335 4503 auteur
2365 4434 2505 4505 des
2541 4432 2986 4505 bas-reliefs

456 4522 554 4592 de
588 4525 664 4592 la
702 4534 922 4618 porte
960 4526 1471 4608 Saint-Denis,
1513 4527 1609 4596 né
1647 4529 1693 4594 à
1729 4527 1867 4594 Eu.
1911 4566 1991 4575 —
2029 4526 2111 4593 P.
2145 4546 2239 4605 s.,
2277 4546 2415 4594 sur
2443 4523 2655 4594 vélin
2683 4547 2705 4608 ;
2739 4524 2981 4600 Paris,

456 4614 540 4682 10
566 4613 822 4700 juillet
852 4616 1024 4683 1680
1028 4620 1046 4695 ,
1088 4620 1122 4683 1
1164 4639 1240 4706 p.
1282 4617 1465 4686 in-4.
1507 4617 1729 4686 Rare.
1763 4614 1981 4702 {Coll.
2025 4614 2331 4704 BoillgJ.
2773 4615 2857 4680 10
2953 4633 2983 4674 »

434 4766 602 4832 Reçu
640 4766 855 4819 donné
894 4785 978 4822 au
1018 4785 1171 4822 nom
1208 4770 1594 4826 d'Elisabeth
1634 4771 1896 4832 Dubois,
1929 4784 2130 4822 veuve
2169 4770 2250 4822 de
2291 4772 2563 4838 Jacques
2593 4766 2806 4833 Rémy,
2842 4764 2988 4817 bro¬

365 4829 545 4889 deur,
573 4849 639 4886 sa
671 4840 839 4886 tante
867 4852 985 4903 par
1010 4838 1295 4893 alliance,
1323 4841 1437 4905 qui
1471 4856 1549 4892 ne
1580 4838 1786 4891 savait
1806 4853 1923 4906 pas
1955 4839 2184 4907 signer.
