3279 5396
1483 112 1568 124 —
1620 71 1706 144 13
1754 115 1838 127 —

183 258 429 329 43551.
481 254 1091 328 MARIE-ANNE
1141 259 1768 343 D’AUTRICHE,
1822 265 2160 335 abbesse
2212 268 2320 337 du
2374 267 2612 339 noble
2654 271 3014 365 chapitre
3054 281 3154 352 de

532 347 862 432 Prague,
906 367 1128 417 sœur
1164 349 1264 419 de
1304 353 2071 426 Marie-Antoinette.
2113 356 2195 428 —
2235 357 2321 429 L.
2363 379 2435 431 a.
2477 379 2571 447 s.,
2613 381 2711 435 en
2751 361 3101 455 français
3133 396 3151 439 :

529 436 620 503 20
645 435 910 524 juillet
951 437 1153 522 1795,
1199 444 1229 509 1
1263 462 1341 532 p.
1385 444 1616 514 in-42.
2928 458 3014 527 10
3116 484 3148 524 »

501 591 635 646 Elle
668 590 937 661 déplore
966 596 1032 648 la
1057 603 1229 651 mort
1252 598 1410 652 d'un
1434 600 1517 654 de
1545 617 1650 655 ses
1679 603 1905 658 frères.

163 752 409 820 43552.
461 750 1357 837 MARIE-CHRISTINE,
1399 761 2027 836 archiduchesse
2079 768 2564 851 d'Autriche,
2609 775 3009 843 duchesse
3049 776 3148 844 de

520 839 1143 928 Saxe-Teschen,
1196 868 1419 918 sœur
1454 848 1558 920 de
1599 852 1676 922 la
1717 857 1942 926 reine
1989 859 2754 932 Marie-Antoinette.
2794 865 2876 932 —
2916 865 3003 935 L.
3042 885 3147 949 a.,

444 986 458 994 .
520 951 622 1000 en
658 930 1038 1021 français,
1076 936 1122 1004 à
1162 957 1320 1006 une
1353 940 1767 1029 princesse
1796 967 1819 1031 ;
1856 948 1945 1016 27
1972 954 2129 1019 oct.
2172 951 2377 1032 1781,
2418 955 2461 1018 4
2495 973 2576 1041 p.
2619 952 2806 1020 in-4.
2919 955 3012 1021 20
3111 980 3142 1020 »

494 1087 670 1142 Très
708 1090 1189 1146 intéressante
1222 1110 1475 1151 lettre
1512 1098 1599 1153 où
1625 1102 1745 1155 elle
1772 1105 1951 1172 parle
1984 1105 2065 1157 de
2098 1107 2159 1158 la
2192 1107 2535 1160 naissance
2568 1105 2659 1158 du
2695 1106 3013 1177 dauphin,
3046 1113 3145 1166 fils

423 1153 505 1206 de
542 1156 742 1208 Louis
784 1157 922 1210 XVI
964 1163 1027 1210 et
1067 1159 1151 1213 de
1199 1163 1299 1215 Ma
1305 1163 1823 1223 rie-Antoinette.
1872 1172 2007 1225 Elle
2043 1188 2082 1225 a
2124 1173 2385 1241 partagé
2420 1174 2482 1226 la
2515 1173 2652 1239 joie,
2695 1172 2779 1227 de
2830 1190 2901 1229 sa
2946 1191 3142 1246 sœur,

422 1224 589 1275 mais
618 1241 646 1272 «
672 1227 834 1276 cette
852 1226 1005 1293 joye
1035 1242 1072 1279 a
1106 1227 1204 1281 été
1236 1230 1508 1287 d’abord
1535 1237 1829 1291 troublée
1858 1255 1976 1308 par
2005 1240 2067 1293 la
2105 1238 2346 1308 pensée
2380 1241 2710 1309 pourquoi
2749 1243 2984 1296 n'est-il
3023 1262 3142 1316 pas

421 1288 542 1341 née
567 1291 612 1341 il
636 1306 680 1357 y
703 1306 741 1344 a
772 1307 864 1343 un
889 1309 974 1345 an
1001 1297 1363 1351 seulement
1389 1317 1558 1369 pour
1588 1320 1714 1370 que
1746 1308 1810 1359 la
1835 1308 1983 1376 plus
2015 1307 2243 1359 tendre
2270 1306 2387 1359 des
2413 1303 2633 1362 mères
2656 1309 2746 1360 ait
2780 1315 3141 1382 remportée

417 1371 503 1409 au
534 1359 843 1413 tombeau
878 1366 1041 1415 cette
1074 1368 1482 1422 consolation
1514 1370 1678 1426 dont
1713 1374 1773 1427 la
1818 1375 2147 1443 privation
2191 1373 2536 1442 l'occupoit
2573 1389 2788 1431 meme
2831 1376 2996 1434 dans
3035 1399 3141 1438 ces

417 1423 717 1479 derniers
733 1426 989 1494 jours...
1025 1447 1053 1481 »

147 1581 395 1651 43553.
449 1569 1277 1676 MARIE-THÉRÈSE,
1329 1595 1844 1689 impératrice
1885 1599 2457 1689 d’Allemagne,
2503 1600 2667 1672 dite
2698 1603 2773 1676 la
2802 1606 3137 1683 Grande.

492 1716 590 1724 —
624 1677 712 1745 L.
754 1700 828 1746 a.
866 1701 962 1762 s.,
1002 1704 1102 1751 en
1132 1683 1513 1772 français,
1551 1710 1655 1758 au
1692 1690 1975 1781 prince
2016 1687 2396 1762 Frédéric
2436 1690 2536 1760 de
2582 1694 3086 1773 Deux-Ponts
3119 1726 3140 1787 ;

492 1766 761 1854 juillet
799 1771 1001 1857 1760,
1045 1774 1079 1839 1
1118 1797 1197 1864 p.
1231 1774 1415 1843 in-4.
2188 1784 2220 1794 ~
2873 1792 3005 1862 100
3109 1820 3137 1857 »

476 1935 674 1989 Pièce
710 1953 1120 2003 historique,
1167 1941 1255 1994 où
1286 1944 1407 1996 elle
1444 1945 1504 1997 le
1544 1944 1782 1998 félicite
1815 1945 1896 1999 de
1935 1947 2305 2002 l'heureuse
2338 1948 2711 2009 délivrance
2751 1956 2831 2011 de
2863 1958 3136 2031 Dresde,

405 2002 520 2068 qui
546 2004 641 2055 lui
673 2003 791 2057 fait
821 2008 959 2059 tant
997 2008 1383 2063 d’honneur.
1423 2029 1450 2064 «
1484 2012 1650 2066 Dieu
1683 2014 1921 2066 veuille
1952 2030 2121 2068 vous
2153 2017 2424 2072 assister
2459 2034 2697 2079 encore
2727 2024 2809 2078 de
2842 2029 3008 2093 plus.
3045 2029 3137 2086 La

402 2070 580 2136 prise
624 2071 705 2124 de
751 2073 1003 2142 Torgau
1043 2092 1147 2129 me
1190 2077 1404 2146 paraît
1440 2079 1807 2133 nécessaire
1855 2082 2022 2136 dans
2061 2098 2170 2137 ces
2213 2086 2710 2145 circonstances.
2750 2093 2802 2146 11
2846 2095 3137 2153 faudrait

406 2141 640 2190 mettre
672 2155 802 2192 une
830 2141 995 2195 forte
1021 2147 1083 2195 et
1113 2145 1333 2197 bonne
1364 2147 1676 2214 garnison
1707 2147 1745 2201 à
1778 2149 2047 2215 Dresde,
2082 2152 2144 2206 la
2179 2152 2441 2223 réparer
2473 2162 2535 2211 et
2560 2175 2878 2230 renvoyer
2907 2181 2980 2217 ce.
3019 2168 3132 2234 qui

402 2208 501 2256 est
544 2206 779 2259 inutile
816 2213 880 2260 et
917 2225 1033 2263 sur
1069 2215 1209 2265 tout
1249 2214 1308 2265 le
1349 2215 1520 2267 train
1558 2215 2011 2284 d'artiglerie...
2047 2220 2099 2272 Il
2134 2236 2302 2276 nous
2334 2224 2614 2296 importe
2648 2228 3023 2286 infiniment
3052 2234 3134 2288 de

396 2287 567 2325 nous
600 2276 957 2329 maintenir
988 2295 1070 2331 en
1099 2281 1256 2333 Saxe
1288 2287 1351 2334 et
1383 2281 1465 2336 de
1492 2283 1636 2335 rien
1668 2284 1992 2353 risquer...
2026 2304 2052 2338 »

126 2432 370 2501 43554.
424 2416 1228 2510 MARIE-THÉRÈSE
1279 2442 1909 2530 D’AUTRICHE,
1966 2449 2189 2520 reine
2240 2452 2343 2524 de
2394 2454 2861 2548 Sardaigne,
2906 2462 3135 2535 nièce

483 2523 583 2593 de
633 2525 1119 2618 l’empereur
1167 2531 1467 2625 Joseph
1520 2535 1612 2617 II,
1668 2535 1960 2609 femme
2001 2540 2100 2611 de
2161 2542 2952 2622 Victor-Emmanuel
3005 2556 3130 2625 !">>.

478 2656 562 2667 —
598 2618 684 2688 L.
728 2640 798 2688 a.
850 2641 944 2706 s.,
988 2642 1088 2692 en
1128 2621 1509 2713 français,
1551 2628 1595 2698 à
1630 2648 1719 2701 sa
1761 2650 1983 2701 sœur
2010 2652 2029 2717 ;
2068 2634 2413 2722 Verceil,
2448 2638 2537 2709 14
2566 2639 2891 2730 janvier
2926 2643 3137 2730 1800,

475 2711 519 2777 4
552 2730 635 2802 p.
679 2709 865 2781 in-4.
2901 2736 2994 2807 20
3095 2763 3126 2802 »

448 2867 734 2937 Superbe
767 2869 953 2923 lettre
980 2875 1158 2930 toute
1187 2875 1456 2930 relative
1478 2877 1517 2931 à
1542 2879 1604 2932 la
1638 2885 1813 2933 mort
1838 2880 1918 2934 de
1948 2897 2068 2936 son
2104 2885 2204 2939 fils
2239 2886 2510 2955 unique,
2550 2890 2668 2960 qui
2699 2908 2736 2946 a
2781 2896 3133 2950 succombé

380 2951 463 2987 en
494 2935 843 3007 Sardaigne
867 2938 907 2994 à
933 2942 995 2994 la
1021 2943 1220 3010 petite
1254 2943 1496 3000 vérole.
1529 2947 2066 3005 Considérations
2099 2969 2214 3007 sur
2243 2955 2306 3009 la
2333 2958 2516 3013 triste
2550 2960 2865 3017 situation
2893 2963 2975 3020 de
3011 2981 3133 3020 son

379 3005 566 3058 mari.

107 3162 349 3233 43555.
403 3166 925 3242 MASSENET
975 3175 1285 3264 (Jules),
1340 3178 1415 3248 le
1466 3178 1788 3252 célèbre
1841 3184 2401 3276 compositeur
2447 3190 2547 3260 de
2597 3195 3001 3287 musique.
3047 3239 3129 3251 —

466 3262 548 3330 L.
588 3281 660 3332 a.
702 3286 798 3348 s.,
834 3265 878 3335 3
915 3289 996 3358 p.
1042 3266 1230 3338 in-8.
2944 3288 2987 3359 4
3093 3316 3125 3359 »

100 3438 346 3512 43556.
398 3443 882 3520 MAYENNE
924 3451 1290 3538 (Charles
1320 3454 1418 3526 de
1462 3456 1879 3545 Lorraine,
1913 3460 2073 3536 duc
2113 3462 2271 3553 de),
2327 3464 2645 3538 célèbre
2687 3470 3123 3563 capitaine,

457 3537 529 3608 le
589 3540 783 3611 chef
833 3541 931 3612 de
991 3544 1067 3613 la
1119 3545 1359 3636 ligue.
1407 3589 1489 3599 —
1540 3550 1622 3620 L.
1680 3572 1780 3636 s.,
1836 3574 2034 3627 avec
2088 3555 2162 3626 la
2216 3558 2770 3652 souscription
2822 3584 2866 3634 a
2874 3567 3020 3653 ut.»
3080 3569 3126 3638 à

454 3631 550 3699 M.
622 3630 722 3703 de
776 3636 1132 3708 Lanssac
1176 3661 1194 3726 ;
1268 3662 1372 3712 au
1434 3661 1671 3737 camp
1737 3643 1837 3717 de
1899 3647 2219 3738 Naigre,
2281 3650 2323 3721 3
2395 3653 2853 3744 septembre
2913 3658 3121 3749 1577,

457 3723 574 3809 1/2
613 3746 691 3817 p,
737 3725 1087 3802 in-folio.
2896 3750 2984 3821 12
3088 3778 3120 3823 »

425 3894 477 3945 Il
525 3895 620 3949 lui
675 3895 1005 3955 demande
1062 3918 1134 3957 sa
1183 3904 1665 3963 bienveillance
1715 3925 1888 3981 pour
1930 3926 2023 3966 un
2066 3912 2435 3970 marchand
2484 3915 2567 3971 de
2619 3916 2876 3990 Cognac
2925 3924 3042 3994 qui
3087 3942 3126 3983 a

355 3961 570 4032 perdu
598 3981 670 4020 sa
694 3968 987 4037 gabarre.

80 4115 326 4192 43557.
379 4102 836 4203 MÉRIMÉE
891 4135 1330 4232 (Prosper),
1373 4141 1450 4213 le
1504 4139 1827 4216 célèbre
1870 4141 2263 4232 écrivain,
2308 4152 2677 4228 membre
2726 4155 2827 4229 de
2874 4156 3125 4233 l’Aca¬

437 4216 703 4294 démie
740 4224 1169 4318 française.
1217 4275 1303 4285 —
1342 4232 1429 4306 L.
1476 4256 1548 4306 a.
1595 4257 1658 4307 s.
1689 4258 1710 4323 ;
1751 4237 1794 4307 2
1835 4237 2294 4329 septembre
2337 4243 2543 4335 1843,
2605 4249 2642 4319 1
2697 4271 2777 4345 p.
2833 4249 3023 4325 in-8.

2934 4345 2981 4419 8
3082 4375 3117 4416 »

406 4472 579 4530 Belle
604 4478 791 4536 lettre
826 4484 1096 4540 relative
1130 4485 1168 4544 à
1197 4505 1268 4545 sa
1295 4488 1730 4545 candidature
1763 4488 1802 4546 à
1827 4491 2226 4552 l’Académie
2253 4497 2606 4571 française.
2645 4522 2671 4560 «
2701 4506 2795 4562 De
2829 4511 3121 4582 quelque

334 4540 530 4611 façon
569 4564 697 4617 que
731 4551 870 4608 cela
907 4558 1163 4628 tourne,
1198 4559 1438 4628 j’aurai
1477 4560 1570 4615 du
1602 4560 1822 4617 moins
1862 4562 1925 4618 la
1968 4565 2380 4627 satisfaction
2408 4571 2660 4631 d’avoir
2700 4574 2800 4633 été
2835 4584 3121 4639 soutenu

334 4627 457 4682 par
480 4614 575 4671 les
608 4636 976 4691 personnes
1010 4643 1140 4697 que
1171 4630 1457 4700 j’estime
1492 4633 1556 4685 et
1584 4646 1713 4701 que
1740 4632 1965 4702 j’aime
1992 4635 2052 4690 le
2087 4639 2259 4710 plus.
2294 4658 2320 4696 »

62 4765 308 4846 43558.
362 4775 974 4865 MEYERBEER
1025 4794 1466 4889 (Jacques),
1522 4795 1895 4873 l’illustre
1958 4810 2523 4903 compositeur
2574 4811 2677 4888 de
2736 4816 3121 4914 musique

423 4873 858 4954 allemand.
905 4928 987 4939 —
1030 4886 1118 4960 L.
1162 4911 1234 4962 a.
1274 4912 1372 4976 s.,
1416 4911 1518 4963 en
1559 4889 1945 4985 français,
1991 4899 2028 4971 1
2071 4921 2151 4997 p.
2197 4904 2387 4979 in-8.
2933 4913 2978 4986 3
3083 4945 3116 4983 »

54 5044 300 5129 43559;
328 5037 848 5148 /MÉZIÈRES
931 5076 1966 5184 (Alfred-Jean-François),
2058 5091 2523 5173 littérateur
2612 5100 2689 5174 et
2776 5101 3117 5187 homme
