3240 5296
1452 120 1858 201 — 21 —
143 302 391 373 43620.
451 302 949 377 COMMUNE
1030 309 1164 381 DE
1252 313 1454 387 1871.
1536 358 1618 370 —
1712 320 1796 390 P.
1894 343 1954 391 s.
2035 319 2184 413 par
2268 320 2556 412 Pindy,
2641 325 2728 401 A.
2819 326 3152 420 Theisz,

508 396 674 468 Léo
716 396 1153 492 Frankel;
1194 405 1451 496 Paris,
1492 409 1581 479 26
1620 412 1827 483 avril
1862 413 2065 497 1871,
2110 416 2147 485 1
2190 415 2499 508 p.in-4.
2974 426 3021 495 8
3118 450 3153 494 »

480 567 564 621 Ils
597 574 1141 631 recommandent
1166 580 1224 634 le
1271 601 1297 632 ((
1320 579 1473 649 père
1510 581 1765 638 Prévost
1798 602 1824 633 »
1853 585 1969 652 qui
2009 587 2158 642 s’est
2194 592 2454 648 montré
2483 593 2736 653 dévoué
2780 599 3016 654 envers
3053 600 3149 654 les

413 637 702 708 citoyens
738 641 852 711 qui
884 642 1370 716 fréquentaient
1406 651 1468 704 la
1495 652 1810 708 chambre
1841 653 2125 713 fédérale
2153 661 2215 713 et
2238 655 2806 722 l’Internationale.

143 811 391 881 43621.
449 809 941 891 COMMUNE
999 823 1134 891 DE
1184 824 1468 896 PARIS
1522 827 1654 898 DE
2082 836 2166 906 P.
2213 861 2276 909 s.
2322 838 2430 910 du
2471 839 2796 933 général
2835 843 3142 930 Eudes;

505 908 698 989 (mai
762 909 936 981 1871
984 914 1075 1000 ?),
1119 916 1155 983 1
1222 937 1301 1006 p.
1371 916 1487 1004 1/2
1542 920 1739 1007 in-8,
1794 927 2141 1000 cachets.
2924 935 3011 1005 15
3112 960 3145 1005 »

482 1065 848 1121 Document
886 1075 1297 1135 historique.
1348 1076 1398 1129 Il
1442 1077 1660 1135 donne
1691 1084 1832 1138 avis
1871 1089 2111 1155 qu’une
2148 1093 2407 1158 attaque
2441 1091 2522 1143 de
2564 1090 2828 1144 l’armée
2866 1091 2948 1144 de
2992 1093 3145 1147 Ver¬

417 1134 634 1187 sailles
680 1135 819 1189 doit
864 1153 932 1191 se
976 1140 1291 1208 produire
1336 1145 1426 1199 du
1473 1148 1613 1204 côté
1662 1151 1743 1207 de
1786 1155 2062 1225 Neuilly,
2098 1160 2294 1225 qu’on
2342 1159 2455 1212 bat
2495 1160 2555 1212 le
2602 1160 2829 1228 rappel
2878 1159 3043 1216 dans
3081 1163 3141 1217 le

412 1217 545 1255 xvn
549 1213 566 1233 c
597 1205 1166 1264 arrondissement
1188 1214 1252 1265 et
1288 1231 1416 1282 que
1454 1217 1688 1274 Tirard
1721 1228 1819 1278 est
1840 1223 1878 1278 à
1903 1225 1966 1278 la
2002 1225 2128 1279 tête
2161 1224 2242 1278 de
2269 1229 2336 1280 10
2365 1227 2717 1282 bataillons
2745 1230 3140 1287 rassemblés

412 1269 449 1322 à
487 1272 550 1324 la
588 1273 834 1326 Bourse
867 1279 931 1328 et
959 1277 1142 1347 place
1188 1280 1304 1336 des
1344 1286 1791 1346 Petits-Pères.
1843 1311 1869 1346 «
1912 1294 2219 1361 Veillons,
2257 1298 2424 1349 mais
2464 1311 2547 1348 ne
2584 1294 2911 1364 fatiguons
2953 1301 3141 1369 point

411 1355 532 1392 nos
588 1341 936 1397 bataillobs
992 1363 1118 1416 par
1164 1349 1245 1404 de
1294 1352 1546 1410 fausses
1601 1362 1943 1431 paniques.
1997 1361 2095 1416 En
2156 1377 2263 1417 cas
2322 1363 2403 1417 de
2453 1364 2718 1432 danger,
2775 1364 3138 1424 faites-moi

411 1410 672 1475 avertir,
701 1408 767 1479 je
797 1413 934 1467 suis
968 1414 1005 1469 à
1040 1433 1159 1471 vos
1194 1421 1441 1477 ordres.
1475 1437 1508 1478 »'

139 1565 385 1637 43622.
443 1569 760 1642 COTES
805 1573 942 1647 DU
993 1579 1268 1651 NORD
1329 1584 1914 1677 (département
1964 1592 2162 1681 des).
2220 1633 2302 1645 —
2346 1593 2430 1662 P.
2496 1613 2564 1663 a.
2612 1617 2672 1664 s.
2736 1595 2834 1669 de
2880 1599 3134 1671 Dela¬

500 1682 788 1749 porte,
846 1666 1117 1757 signée
1159 1676 1379 1744 aussi
1418 1680 1567 1768 par
1619 1681 2053 1768 Gaultier,
2107 1684 2465 1767 Fleury,
2521 1686 2833 1758 Pierre
2873 1692 3131 1763 Guyo¬

497 1756 695 1838 mar,
755 1755 1096 1850 députés
1158 1763 1300 1833 des
1368 1767 2022 1843 Côtes-du-Nord
2092 1793 2194 1842 au
2266 1774 2588 1846 Conseil
2668 1777 2810 1850 des
2885 1782 3126 1874 Cinq-

500 1844 740 1916 Cents
771 1869 790 1932 ;
832 1853 1087 1937 Paris,
1130 1856 1171 1924 3
1204 1856 1537 1929 ventôse
1578 1882 1677 1930 an
1716 1864 1805 1944 V,
1848 1865 1889 1931 7
1922 1884 1999 1953 p.
2044 1862 2387 1934 in-folio.
2948 1874 2995 1943 5
3090 1899 3123 1943 »

471 2013 785 2084 Apostille
824 2036 906 2072 en
943 2036 1162 2091 marge
1212 2023 1404 2080 d’une
1443 2028 1767 2083 demande
1807 2031 1897 2084 du
1963 2032 2220 2101 citoyen
2269 2026 2490 2104 Bonté,
2535 2039 2766 2094 maître
2812 2041 2894 2095 de
2941 2048 3127 2113 poste

406 2079 445 2133 à
484 2082 869 2156 Guingamp.
908 2089 1081 2143 Celte
1113 2093 1294 2160 pièce
1335 2096 1552 2150 donne
1597 2097 2083 2154 d’intéressants
2124 2100 2354 2156 détails
2395 2121 2507 2158 sur
2547 2106 2720 2162 l’état
2749 2109 2865 2164 des
2899 2115 3121 2181 postes

405 2149 573 2204 dans
600 2153 659 2206 le
686 2153 1139 2223 département
1162 2161 1278 2214 des
1305 2163 1840 2233 Côtes-du-Nord,
1869 2166 2165 2237 l’époque
2195 2169 2276 2224 de
2307 2173 2369 2226 la
2401 2173 2809 2231 Révolution.

132 2307 382 2378 43623.
438 2291 1008 2388 EXÉCUTION
1033 2319 1222 2390 DES
1263 2322 1662 2406 QUATRE
1703 2328 2206 2401 SERGENTS
2239 2332 2372 2401 DE
2399 2335 2526 2403 LA
2559 2338 3115 2413 ROCHELLE.

495 2405 581 2470 —
621 2405 703 2472 P.
751 2425 811 2495 s.
867 2409 1017 2496 par
1054 2409 1484 2497 Quequet;
1538 2416 1792 2500 Paris,
1834 2420 1923 2490 20
1964 2423 2416 2512 septembre
2466 2427 2670 2511 1822,
2724 2430 2761 2498 1
2804 2452 2880 2519 p.
2926 2431 3118 2518 in-4,

500 2492 848 2582 vignette
882 2501 959 2566 et
990 2503 1197 2568 texte
1233 2501 1631 2595 imprimé.
2895 2523 2984 2594 30
3085 2548 3117 2600 s

468 2661 756 2716 Curieux
780 2669 1153 2722 document.
1190 2669 1394 2725 Ordre
1420 2689 1506 2726 au
1533 2675 1947 2746 charpentier
1973 2679 2089 2734 des
2128 2685 2397 2737 travaux
2429 2686 2520 2739 du
2557 2687 3011 2754 département
3036 2693 3121 2748 de

396 2729 458 2780 la
486 2729 671 2782 Seine
704 2731 785 2784 de
818 2734 1080 2788 dresser
1104 2753 1275 2805 pour
1304 2741 1364 2793 le
1399 2742 1486 2804 21,
1521 2742 1560 2795 à
1599 2749 1828 2812 quatre
1855 2748 2096 2802 heures
2128 2749 2210 2802 de
2252 2752 2704 2821 l’après-midi,
2750 2755 3121 2816 l’échafaud

395 2795 760 2852 nécessaire
787 2818 958 2870 pour
987 2809 1218 2857 mettre
1253 2806 1292 2859 à
1330 2808 1669 2864 exécution
1705 2815 1921 2868 l’arrêt
1951 2814 2032 2869 de
2065 2818 2128 2871 la
2153 2818 2324 2873 Cour
2349 2822 2653 2877 d’assises
2680 2819 2763 2878 de
2796 2824 2999 2895 Paris,
3035 2847 3120 2883 en

396 2863 541 2917 date
573 2865 663 2919 du
693 2870 726 2920 6
753 2873 1139 2938 septembre,
1170 2876 1284 2940 qui
1312 2877 1677 2933 condamne
1710 2888 1937 2949 quatre
1970 2885 2310 2940 individus
2338 2888 2375 2941 à
2401 2890 2462 2943 la
2492 2892 2689 2959 peine
2718 2892 2800 2947 de
2833 2902 3023 2950 mort.
3049 2929 3116 2938 —

394 2931 532 2983 Une
576 2940 724 2988 note
769 2943 1304 3010 contemporaine
1352 2945 1626 3013 indique
1670 2951 1825 3016 qu’il
1882 2953 2060 3020 s’agit
2103 2953 2183 3008 de
2232 2955 2615 3013 l’exécution
2659 2959 2774 3015 des
2822 2970 3112 3034 sergents

397 2999 635 3068 Bories,
671 3004 947 3073 Goubin,
984 3010 1318 3064 Pommier
1344 3017 1406 3065 et
1432 3014 1676 3069 Raoux.

128 3165 372 3236 43624.
426 3171 855 3248 FAMILLE
894 3182 1375 3253 COLRERT.
1421 3225 1505 3235 —
1545 3186 1777 3258 Pièce
1811 3191 2171 3263 notariée
2213 3194 2485 3285 signée
2523 3202 2673 3288 par
2707 3204 3105 3286 Jacques-

481 3264 831 3338 Nicolas
879 3271 1276 3359 Colbert,
1330 3275 1804 3367 coadjuteur
1854 3281 1952 3351 de
2004 3283 2566 3377 l’archevêque
2624 3291 2722 3361 de
2776 3295 3056 3365 Rouen
3083 3320 3102 3382 ;

482 3354 1201 3434 Antoine-Martin
1251 3366 1651 3452 Colbert,
1707 3371 1957 3463 bailly
2009 3373 2107 3444 de
2157 3375 2451 3448 l’ordre
2503 3379 2601 3450 de
2643 3382 3105 3458 Saint-Jean

481 3444 577 3514 de
615 3447 1088 3535 Jérusalem,
1134 3456 1890 3532 Charles-Honoré
1930 3464 2356 3550 d’Albert,
2402 3490 2562 3539 duc
2602 3493 2710 3542 de
2748 3475 3100 3563 Luynes,

478 3536 698 3608 Paul
736 3562 842 3610 de
882 3543 1501 3631 Reauvilliers,
1543 3570 1705 3620 duc
1742 3572 1849 3629 de
1891 3553 2519 3644 Saint-Aignan,
2555 3562 3103 3641 beaux-frères

473 3628 517 3695 à
545 3648 785 3699 cause
815 3631 911 3701 de
943 3634 1564 3711 Jeanne-Marie
1604 3646 1678 3712 et
1714 3643 1810 3712 de
1840 3645 2654 3721 Henriette-Louise
2697 3655 3098 3746 Colbert,

476 3718 692 3786 leurs
756 3720 1127 3812 épouses,
1191 3727 1567 3799 Charles
1636 3732 2033 3817 Colbert,
2110 3755 2465 3820 marquis
2540 3763 2649 3812 de
2722 3746 3100 3842 Croissy,

475 3808 1328 3902 Edouard-François
1369 3820 1766 3907 Colbert,
1811 3842 2072 3893 comte
2105 3846 2212 3896 de
2239 3829 2801 3921 Maulevrier,
2833 3840 3102 3915 Henri

475 3898 866 3985 Pussort,
931 3904 1335 3976 directeur
1386 3910 1529 3979 des
1586 3913 1967 3996 finances,
2022 3915 2543 4004 grand-oncle
2600 3932 2965 4016 paternel
3024 3941 3103 4006 et

472 3988 1060 4077 Jean-Jacques
1113 3998 1539 4085 Charron,
1593 4003 1954 4093 marquis
2003 4004 2102 4075 de
2139 4006 2479 4096 Ménars,
2539 4019 2774 4090 oncle
2813 4029 3101 4096 mater¬

475 4077 602 4146 nel
643 4081 740 4151 de
781 4084 1595 4161 Charles-Edouard
1636 4092 2034 4178 Colbert,
2078 4094 2499 4196 émancipé
2538 4106 2761 4200 d’âge
2782 4134 2801 4198 ;
2840 4115 3096 4204 Paris,

474 4168 555 4235 31
590 4170 857 4257 juillet
894 4176 1095 4261 1688,
1133 4180 1176 4246 4
1203 4201 1279 4269 p.
1323 4181 1665 4252 in-folio.
2873 4206 2964 4278 20
3063 4237 3097 4274 »

446 4334 867 4394 Procuration
910 4360 1082 4413 pour
1115 4363 1208 4400 un
1253 4348 1538 4419 échange
1585 4349 1666 4404 de
1695 4352 1886 4405 biens
1929 4357 2110 4411 entre
2141 4359 2236 4414 les
2269 4362 2372 4419 fils
2415 4366 2498 4423 de
2541 4371 2804 4429 Colbert
2845 4375 2928 4431 de
2965 4379 3097 4435 Sei-

380 4404 624 4473 gnelay.

109 4571 354 4648 43625.
407 4586 689 4657 METZ.
736 4595 931 4663 —L.
980 4617 1072 4679 s.,
1116 4618 1313 4670 avec
1348 4599 1425 4668 la
1466 4602 2011 4694 souscription
2050 4617 2240 4698 aut.,
2286 4618 2385 4690 de
2428 4624 2620 4696 J.-L.
2682 4630 2791 4701 de
2842 4632 2955 4702 La
2962 4654 3098 4706 Va¬

464 4696 732 4765 lette,
776 4702 935 4755 duc
993 4690 1493 4773 d!Epernon,
1549 4710 1702 4761 aux
1755 4696 2008 4770 maire
2057 4709 2134 4772 et
2183 4705 2570 4785 échevins
2621 4718 2721 4791 de
2771 4721 2847 4794 la
2901 4727 3093 4803 ville

459 4766 558 4836 de
595 4770 794 4839 Metz
825 4799 842 4864 ;
897 4776 1550 4865 Fontainebleau,
1606 4782 1693 4852 16
1756 4786 2048 4877 juillet,
2102 4797 2141 4867 1
2192 4821 2270 4894 p.
2326 4803 2672 4897 in-folio,
2730 4817 3086 4893 cachets.

2913 4910 2958 4981 6
3057 4942 3089 4982 »

438 5024 465 5077 1
538 5042 657 5082 CUr
684 5038 1146 5092 recommancle
1177 5039 1236 5093 le
1263 5041 1584 5120 capitaine
1615 5048 1860 5110 Olivier
1893 5058 2010 5135 qui
2033 5076 2074 5118 a
2099 5080 2191 5121 un
2217 5069 2447 5148 procès
2473 5089 2631 5132 avec
2653 5079 2751 5136 les
2777 5089 3095 5166 capucins

370 5084 669 5157 de Metz.
