3227 5375
1395 46 374 87 — 3 —

57 215 2973 130 43461. ANTOINE DE BOURBON, roi de Navarre, père de Henri IV.

419 306 2615 125 — L. s., avec la souscription aut., à Sébastien de l'Aubes¬

420 396 2604 129 pine, ambassadeur en Espagne; Saint-Germain-en-Laye,

426 485 2601 125 3 décembre 1561, 2 p. in-folio. 25 »

401 655 2635 104 PIÈCE HISTORIQUE. Il l’informe que depuis sa dernière lettre il a eu une

335 724 2701 104 conversation avec l’ambassadeur d’Espagne, qui lui a donné bon espoir au

337 792 2701 101 sujet des intentions du roi d’Espagne relativement à la Navarre. Afin que

335 859 2706 98 M. de l’Aubespine soit au courant de ses intentions il lui envoie des

337 930 2706 93 instructions par un courrier très sûr et lui donne dans cette lettre des

337 995 2703 99 instructions générales pour la direction des négociations. «Vous entendez

336 1063 2712 98 Monsieur de Lymoges mieulx que je ne vous puys escrire, comme cest

338 1131 2707 96 affaire se doyt manyer, qui fera que je men remectray a vous, qui considerez

337 1200 2708 95 bien aussi que mes predecesseurs et moy, n’avons pas actendu si longue¬

339 1267 2705 94 ment la raison d’un si beau et si ancien Royaume que celuy dont je porte

336 1334 2709 99 le tiltre, pour me contanter de peu, ne de chose qui ne fust digne de moy.»

62 1506 2980 111 43462. ARNOULD (Arthur), membre de la Commune de 1871,

429 1596 2613 114 célèbre romancier. — 3 l. a. s.; Genève, 1879, 10 p. in-8.

2828 1698 213 68 15 »

405 1858 2641 86 Intéressantes lettres où il critique la politique du parti républicain qui

337 1926 2709 96 s’attache plus aux personnalités qu’aux principes. «Tant que Grévy sera là

336 1995 2714 85 il n’y aura pas péril en la demeure, mais je crains qu’il ne s’en dégoute et

335 2065 1943 82 ne s’en aille trop tôt pour le salut de la République.»

60 2233 2997 109 43463. BARNI (Jules), philosophe et homme politique, traducteur

426 2320 2632 102 de Kant, né à Lille. — L. a. s. au recteur de l’Académie de

427 2411 2629 113 Rouen; Rouen, 27 décembre 1852, 1 p. in-8. 5 »

400 2592 2664 91 CURIEUSE PIÈCE. Il vient d’apprendre que le cours de philosophie de

328 2659 2740 96 l’école normale vient d’être suspendu et que l’agrégation de philosophie est

330 2728 2740 94 supprimée. «Ces mesures et les desseins qu’elles témoignent me tracent

331 2797 2733 93 ma conduite: je ne conserverai pas davantage des fonctions désormais

332 2864 2730 96 sans dignité et sans indépendance. Je viens donc vous remettre ma démis¬

331 2958 235 55 sion.»

56 3105 3014 121 43464. BARRIAS (Louis-Ernest), célèbre sculpteur, membre de

418 3196 2656 120 l’Académie des Beaux-Arts. — L. a. s.; 2. p. 1/2 in-8. <i>Peu</i>

422 3288 2652 102 <i>commun</i>. 10 »

57 3460 3021 126 43465. BART (Jean), un des plus illustres et plus populaires marins

423 3551 2656 127 de la France, né à Dunkerque. — P. s; Dunkerque,

420 3642 2665 130 29 avril 1680, 2 p. in-fol. <i>Très rare sur papier</i>. 80 »

399 3824 2690 110 SUPERBE PIÈCE. Etat des vivres qu’il faut embarquer dans la frégate

331 3908 1766 99 <i>Sorcière</i>, commandée par le capitaine Jean Bart.

55 4069 3039 137 43466. BAUDRY (Paul), le célèbre peintre. — L. a. s.; Paris,

429 4166 2666 134 18 mai 1860, 1 p. in-8. <i>Rare</i>. 10 »

402 4333 2700 119 Jolie lettre où il se refuse à porter une appréciation sur son œuvre. «Si

324 4431 1410 94 je vous disais, comme j’en ai l’envie

578 4507 964 90 «Mes petits sont mignons

577 4556 2009 109 «Beaux, bien faits et jolis sur tous leurs compagnons,

321 4615 2780 125 je n’aurais plus, en cas de mésaventure, le droit de me plaindre et c’est,

329 4687 2779 122 vous le reconnaîtrez, notre seul recours, recours bien innocent, contre la

329 4803 458 79 critique.»

54 4903 3058 171 43467. BÉRANGER (Pierre-Jean de), le célèbre chansonnier. —

426 5020 2684 152 L. a. s.; 1 p. in-8, 3 »
