3147 5230
1384 91 379 90 — 17 —

96 283 2940 110 43589. ROUSSEAU (Théodore), célèbre peintre paysagiste, ami de

455 375 2581 108 Millet. — L. a. s. TH. R. à Jean Millet; vendredi, 2 p. in-8.

455 463 2577 88 <i>Rare et recherché</i>. 20 »

430 610 1672 82 Belle lettre relative à la gravure d’une planche.

97 746 2948 108 43590. ROUX-FAZILLAC (Pierre), député de la Dordogne à la

458 836 2581 103 Convention. — L. s.; Périgueux, 25 vendémiaire an V, 1 p.

456 926 2587 81 in-folio. 4 »

434 1061 2611 86 Belle pièce, signée comme administrateur du départemant de la Dordo¬

366 1147 142 57 gne.

100 1263 2946 106 43591. SAINT-ARNAUD (Armand-Jacques LEROY de) maréchal de

461 1354 2581 106 France, qui prit une grande part au coup d’Etat du 2 dé¬

459 1442 2583 104 cembre et qui commença la guerre de Crimée. — L. s. au

457 1534 2579 98 colonel Soumain; Paris, 13 décembre 1852, 1 p. in-8. 10 »

432 1688 2610 80 Il le remercie des félicitations qu’il lui a envoyées à l’occasion de son éléva¬

363 1757 2677 78 tion au maréchalat. «C’est surtout lorsqu’elles me viennent des rangs de

366 1827 1776 75 l’armée que les félicitations me sont précieuses.»

100 1957 2939 103 43592. SAINT-MARCEAUX (René de PAUL de), célèbre sculpteur,

462 2049 2575 100 né à Reims. — L. a. s.; Florence, 26 septembre, 4 p. in-8.

2863 2144 172 66 6 »

433 2270 2610 79 Très jolie lettre où il exprime sa joie de pouvoir admirer les chefs-

366 2346 751 55 d’œuvre de Florence.

101 2471 2947 103 43593. SAINT-SIMON (Claude-Anne de MONTBLERU, marquis, puis

459 2565 2587 99 duc de), officier qui prit part aux guerres d’Amérique,

457 2654 2595 100 député du bailliage d’Angoulême aux Etats-Généraux, et

459 2746 2593 96 enfin général au service de l’Espagne, né au château de La

455 2836 2596 97 Faye (Charente). — L. a. s. à l’ambassadeur de France;

454 2924 2591 99 Madrid, 23 février 1807, 2 p. in-folio. 10 »

436 3066 2615 81 Superbe pièce où il demande qu’on lui restitue les biens qu’il possédait

367 3140 1830 59 en France avant la Révolution. Intéressants détails.

102 3265 2943 106 4359.4. SAINTE-BEUVE (Charles-Augustin), le célèbre critique. —

450 3361 2596 99 L. a. s. à HENRI HEINE; Paris, 25 février 1855, 1 p. in-8,

455 3451 2589 103 enveloppe. 10 »

429 3583 2621 70 Jolie lettre où il le remercie de l’envoi de ses deux volumes de l’<i>Allema¬</i>

368 3651 2682 96 <i>gne,</i> et lui rappelle qu’il a été un des premiers à parler de lui dans la

364 3731 596 72 presse française.

100 3855 2944 106 43595. SAND (George), la grande romancière. — 1° Billet aut. sig.

453 3942 2601 110 à M. Dubois, 1 p. in-16. — 2° Pièce imprimée avec quel¬

455 4034 2597 106 ques lignes aut.; Nohant, 29 juillet, 1 p. in-8. Les deux

451 4126 2599 104 pièces. 10 »

427 4258 2625 89 Curieuse pièce. C’est une invitation, avec en-tête imprimé, à venir passer

360 4336 1115 66 la soirée au théâtre de Nohant.

96 4462 2959 110 43596. SARRAZIN (Jean), général, condamné à mort, en 1810, pour

450 4556 2603 104 désertion et en 1819 à dix ans de travaux forcés pour

446 4643 2607 107 trigamie. — L. a. s. à KLEBER; Gladbach, 3 thermidor

450 4735 2597 119 an III, 4 p. in-4. 15 »

426 4876 2630 93 Curieuse lettre où il se disculpe des reproches que lui avaient adressés

360 4948 2693 93 Kleber au sujet de la mauvaise exécution des ordres qu’il avait reçus de ce

358 5030 274 74 général.
