3145 5268
1372 81 358 74 — 10 —

329 273 2710 96 «Ils s'approchent si près de La Rochelle que silz la vouloient forcer je

328 339 2711 94 craindrois que sans led. arrière-ban lon ne leur pust faire resistance parce

325 409 2112 86 que la pluspart des gentilzhommes du païs en sont hors.»

56 560 2979 116 43524. HENRI IV, roi de France. — P. s., sur papier; Fontaine¬

412 650 2623 116 bleau, 3 juin 1602, 1 p. in-folio. 10 »

391 809 2649 96 Passe-port pour le prince d'Orange (Philippe-Guillaume) qui veut aller

323 880 2209 80 de Flandre au comté de Bourgogne en passant par la France.

53 1036 2982 121 43525. HUGO (Victor), le grand poète. — L. a. s.; 7 septembre 1847,

417 1128 2616 118 1 p. in-8. 10 »

393 1283 2641 97 Il recommande un jeune poète. «Qui sait? Peut-être l'aube d'un poète

329 1359 1964 77 sortira-t-elle de ce que nous faisons ici, vous et moi.»

55 1502 2982 121 43526. HUGO (Victor). — L. a. s. VICTOR H., 1 p. in-8. 3 50

55 1676 2976 124 43527. HUŸSMANS (Joris-Karl), célèbre romancier contemporain.

415 1778 2616 114 — L. a. s., 3/4 p. de p. in-8. 3 »

47 1950 2983 113 43528. INGRES (Jean), l’illustre peintre. — L. a. s., 1 p. 1/2 in-4. 8 »

53 2114 2975 131 43529. JACOBI (Frédéric-Henri), le célèbre philosophe allemand.

415 2206 2617 114 —16 l. a. s. et 1 l. s., en français, au libraire Jansen, de

413 2302 2617 112 Paris; 1792-1796, 50 p. environ in-4. 100 »

387 2468 2646 94 Précieuse correspondance toute relative à la traduction française de son

331 2535 2704 96 <i>Waldemar</i>. Il entre dans les détails les plus minutieux pour la traduction,

318 2609 2714 90 l’impression et l'illustration de cet ouvrage dont il attend l'apparition avec

318 2674 2715 93 une impatience d'enfant. Entre temps, il parle de l'invasion des Français en

320 2747 2712 87 Allemagne; ils ont rasé à coup de boulets de canon sa maison de campa¬

318 2815 2716 99 gnes située près Dusseldorf, mais l’état de guerre entre les deux pays

320 2872 2718 98 n’empêcha pas l’impression de <i>Waldemar</i> qui parut en 1796. Jacobi

319 2950 2719 89 témoigne son mécontentement de se voir si mal traduit et déclare que pour

317 3010 2723 95 cette raison il ne viendra pas à Paris. L'infidélité du traducteur le punit

318 3079 2716 95 de son ambition qui l’a poussé à acquérir une renommée plus étendue,

319 3150 2719 94 «car je m'attends à toutes sortes de dégoûts qui me viendront de cette

316 3213 2723 98 traduction que j'avais follement désirée, tout persuadé que j'étais qu'il

316 3284 2723 98 était presque impossible d’en faire une supportable.» — Jacobi parle aussi

316 3356 2722 91 de la traduction française du <i>Messie</i> de Klopstock; il parle souvent de ce

314 3434 1130 75 célèbre poète et de ses œuvres.

43 3583 2995 115 43530. JEAN-CASIMIR V, roi de Pologne, puis abbé de Saint-

407 3682 2561 100 Germain-des-Prés, où l’on voit encore son tombeau. —

407 3768 2625 116 L. a. s., en français; Moulins, 9 septembre, 1 p. in-4. 35 »

385 3933 1697 82 Il réclame le paiement d’un reliquat de dettes.

44 4090 2994 114 43531. KOCK (Paul de), le célèbre romancier. — L. a. s. aux

406 4181 2626 119 sociétaires de l’Opéra-Comique; Paris, 3 mai 1823, 1 p.

406 4269 2624 101 in-4. 4 »

379 4432 2254 87 Il demande que l’on joue plus souvent son opéra les <i>Infidèles</i>.

40 4581 3002 125 43532. LA FORCE (Jacques de CAUMONT, duc de), maréchal de

404 4689 2634 115 France, qui se distingua à la bataille d’Arques. — L. a. s.

404 4775 2638 123 (au cardinal de Richelieu), 1 p. in-folio. 35 »

378 4946 2669 99 Superbe lettre relative à la mise en défense de Saint-Sion, qui peut

312 5025 2731 90 contenir une garnison de deux mille hommes et se défendre contre une

312 5092 738 83 attaque de dix mille.
