1884 2823
1057 158 191 39 - 16 -

513 257 1367 46 auteur du Myosotis. — L'apparition (juillet 1833), pièce de vers

514 302 1366 45 autogr., 2 p. in-4. Rare. 8 »

552 346 1330 40 Fragment poétique inspiré par la vue d'une des filles de. Louis-Philippe, qu’il

511 386 1371 39 rencontra aux Tuileries. La première page de cette curieuse pièce a été raturée, et

511 426 1102 38 supprimée à l’impression : elle se trouve, par conséquent, inédite.

423 463 1457 47 237 Nodier (Ch.), éminent écrivain, de l’Acad. fr., né à Besançon.

511 507 1369 46 — L. a. s. à Eug. Bareste; 17 mars 1841, 1 p. in-8. 5 »

550 553 1333 40 Curieuse lettre relative à la traduction d'Homère pour Eug. Bareste, qui dési¬

512 592 1141 38 rait concourir, avec cet ouvrage, à un prix de l’Académie française.

421 629 1460 47 238 Ollivier (Emile), célèbre premier ministre de Napoléon III, de

512 673 1368 47 l’Acad. fr. — L. a. s. au baron d’Eckstein, 1/2 p. in-8. 3 »

422 719 1459 45 239 Poney (Ch.), né à Toulon. — L. a. s.; 22 oct. 1842, 1 p. in-8.

513 761 1368 48 Charmante épître. 4 »

422 806 1459 47 240 Ponsard (F.), célébré poète dram., né à Vienne (Isère). — L.

512 853 1367 43 a. s., 1/2 p. in-8. 2 »

422 895 1458 46 241 Reboul (Jean), boulanger, de Nîmes, célèbre poète. — L. a. s.

513 938 1367 48 à Guepratte, à Toulon; 1842, 1 p. in-8. ' 3 »

422 983 1462 47 242 Romme (Gilbert), mathématicien, député du Puy-de-Dôme à la

514 1028 1369 47 Convention, qui ht décréter le calendrier républicain, et se

515 1072 1367 50 poignarda pour échapper à l’échafaud après les journées de

513 1117 1370 45 prairial. — L. s., comme représentant dans la Dordogne, 22

514 1161 1367 46 fruct. an 2, 1 /2 p. in-4. 3 »

423 1204 1461 47 243 Saint-Just (Ant.), célèbre conventionnel, décapité avec Robes¬

511 1249 1372 46 pierre. — Arrêté du Comité de salut public, sig. de lui et de R.

513 1293 1370 48 Lindet, 6 germ. an 2, 2 p. in-f. Belle pièce. 7 »

423 1337 1460 46 244 Saint-Pierre (Bernardin de), l’auteur de Paul et Virginie, memb.

513 1382 1371 46 de l’Acad. fr. — L. a.-s. à M. Le Portier, 1811, 1/2 p. in-8. Gra¬

513 1427 1369 46 cieuse épitre. 7 »

423 1471 1461 46 245 Vigny (Alf. de), célèbre poète dramatique, auteur de Cinq-Mars,

515 1514 1368 47 de l’Acad. fr. — L. a. s. à Fréd. Soulié; 16 juil. 1829, 1 p.

514 1560 1368 35 in-8. 5 »

552 1604 1328 41 Charmante épître pur laquelle il l’invite à venir assister chez lui à la lecture de

514 1643 1366 40 son More de Venise (Othello). « Tâchez, dit-il, que notre poète Nodier vous

514 1683 827 39 accompagne. Je viens de l'en prier : aidez-moi. »

490 1818 1332 108 CABINET D'AUTOGRAPHES

1129 1958 48 24 DE

705 2017 942 66 GABRIEL CHARAVAY

1063 2112 193 24 EXPERT

533 2155 1242 39 (ANCIENNE MAISON CHARON, PUIS AUG. LAVERDET)

792 2207 729 42 60, rue Saint-André-des-Arts

472 2300 1390 46 Collection considérable d’Autographes des célébrités de tou

429 2344 1434 57 genres, littérateurs, savants, artistes; nombreux cartons de pièce

427 2389 1397 54 relatives aux provinces de France et aux familles nobles.

472 2434 994 45 L’authenticité des Autographes est garantie.

470 2477 1389 47 Achat de collections d’Autographes, au comptant, ou vent

427 2522 1324 47 à l’amiable ou aux enchères pour le compte des possesseurs.

689 2601 950 33 Rouen, J. Lecerf, imprimeur de la Cour d'Appel el de la Mairie.
