1884 2807
933 134 191 38 - 10 -

398 231 1369 46 teau d’Eu, célèbre député, commandant l’armée de Normandie

399 275 1370 45 pendant la dernière guerre. — L. a. s., 1834, 2 p. in-4. 3 50

314 319 1453 53 138 Exéa (le comte d’), général, commandant d’une division pen¬

398 363 1372 46 dant le siège de Pans. — L. a. s., 1853, 3 p. in-8. 2 50

313 407 1454 49 139 Faidherbe (Louis), général en chef de l’armée du Nord pen¬

398 452 1369 45 dant la guerre contre la Prusse, né à Lille. — L. s., 1859,

403 496 1364 45 1 p. in-f. 3 »

312 540 1452 55 140 Failly (le comte de), général en chef des troupes françaises à

400 582 1371 48 l’affaire de Mentana, commandant d’un corps d’armée dans la

402 629 1365 49 guerre contre la Prusse. — L. a. s.; Camp de Châlons, 1 p.

400 675 1365 33 in-8. 5 »

315 717 1455 47 141 Favre (Jules), célèbre orateur parlementaire, vice-président

399 761 1369 45 du gouvern. de la défense nationale. — L. a. s., 1857 , 2 p. in-4.

400 806 1365 45 Belle pièce. 7 »

315 849 1456 46 142 Fleury (le général E.), premier veneur de l’empereur, ambas¬

399 894 1368 51 sadeur à Pétersbourg au moment de la dernière guerre. — L.

400 939 1367 46 a. s.; Hôtel des écuries, 21 sept. 1853, 2 p. in-4. 6 »

442 983 1329 40 Intéressante lettre relative au voyage de l’empereur et de l'impératrice dans le

402 1024 302 31 nord de la France.

315 1060 1455 47 143 Foscolo (Ugo), illustre écrivain et patriote italien, auteur des

402 1105 1368 46 lettres de Jacopo Ortis, mort dans l’exil en Angleterre, d’où ses

401 1149 1369 46 compatriotes viennent de faire transporter ses dépouilles

401 1193 1370 44 mortelles en Italie. — L. a. s. à Ocheda, maison de lord Spen¬

401 1239 1366 44 cer ; Londres, mars 1818, 1 p. in-4, cachet. 4 »

443 1283 1327 39 Il a besoin, pour un travail, de consulter plusieurs ouvrages de la bibliothèque

401 1322 1368 40 de lord Spencer, et il demande l'autorisation de les parcourir sur place. Il indique

401 1359 1369 39 ces livres et les éditions. On trouve dans le nombre : Muratori, Macchiavel,

401 1400 949 39 Murelli, les Vies du Dante par Boccace et l'Arétin, etc.

315 1439 1451 46 144 Girardin (Emile de), célèbre publiciste. — L. a. s., 1 p.

401 1482 1364 36 in-8. 1 »

315 1527 1452 47 145 Grévy (Jules), représentant du Jura, président de l’Assemblée

402 1571 1367 46 nationale. — L. a. s., 1 p. in-8. 3 »

315 1616 1455 50 146 Grignan (Françoise-Marguerite de Sévigné, comtesse de), fille

401 1659 1369 48 de Mme de Sévigné et son émule dans le grand style épistolaire.

400 1704 1369 48 — L. aut., sig. de son paraphe, 1/2 p. in-4. Jolie pièce. 40 »

317 1749 1456 46 147 Guiod (G.), général d’artillerie, commandant en chef l’artille¬

403 1792 1368 48 rie de Paris pendant le siège. — L. a. s., 1862, 1 p. in-4. Rela¬

402 1836 1368 48 tive à des épreuves de canons. 3 »

317 1882 1454 46 148 Haussonville (Jos., comte d’), diplomate et écrivain politique,

404 1924 1366 48 de i’Acad. fr. — L. aut., sig. à la 3e pers., 1 p. in-4. 3 »

319 1971 1454 45 149 Hébert (René), rédacteur du Père Duchêne, procureur de la

404 2014 1367 47 Commune de Paris, chef du parti Hébertiste. — Pièce sig.;

401 2060 1369 46 23 mars 1793, 2 p. in-f. Rare. 14 »

319 2105 1453 45 150 Henri de France, comte de Chambord. — 2 petites cartes,

404 2147 1370 48 dont l’une portant sa signature autog. sous un cachet à la

403 2191 1369 49 cire rouge (devise : Fides et spes), et l’autre son portrait frappé

406 2236 1368 47 à froid, avec cette devise : L’Orphelin est puissant dans la main de

405 2283 1367 36 Dieu. 5 »

320 2326 1452 47 151 Hugo (Victor), l’illustre poète. — L. a. s.; 16 août (1831), 1 p.

406 2371 1366 35 in-8. 6 »

447 2415 1326 40 Il adhère de grand cœur, ainsi qu'il l'a déjà écrit au général Lafayette, à

403 2454 1370 42 toutes les résolutions que le comité polonais croit devoir prendre dans le double but

406 2495 565 37 de servir la France et la Bologne.

320 2533 1451 46 152 Le même. — L. a. sig. Victor H., à Eug. Guinot; 7 juin (1831),

408 2577 1366 46 1 p. in-8. Relative à une représentation d’Hernani. 3 50
