1876 2823
887 166 153 33 — 6 —

240 258 1451 52 de Thou ; Montmorency-Bouteville, le connétable de Luynes,

239 309 1452 50 Saint-Mégrin, Ruvigny et le comte de Soissons; H. de Rohan,

241 360 1452 49 le chef des Calvinistes, les Guise et les Lorraine; les Coulanges,

241 410 1451 50 les Grignan et les Simiane; Bouvart, médecin de Louis XIII,

242 461 1453 48 et Vallot, médecin de Louis XIV. — La Rochefoucauld, l’auteur

242 511 1454 47 des Maximes ; Rollin, J.-J. Rousseau et Voltaire.— Les vieux

242 561 1458 49 membres de l’Académie française : Balzac, Renaudot, Bussy-

241 611 1456 49 Rabutin, Bautru, Dangeau, Godeau et bien d'autres.— Guadet

243 662 1450 49 et J.-B. Louvet; Couthon et Joseph Lebon; Hoche, Desaix,

244 713 1402 48 Marceau et Kléber. — Samuel Richardson, Washington, etc.

294 762 1406 50 Lettres signées. Charles IX, lettre importante, avec une

244 812 1457 50 demi-page autographe; François II, Charles-le-Téméraire ; le

246 863 1455 48 bâtard de Dunois, l’amiral de Bonivet ; le maréchal de Gié. —

246 913 1454 50 Terminons par un beau morceau : une lettre de Racine, auto¬

247 964 1110 50 graphe, non signée, mais superbe, avec cachet.

298 1091 1402 50 Une vente d’autographes importante doit avoir lieu à Londres,

248 1143 1455 49 le 23 janvier courant et les trois jours suivants, par les soins

249 1193 1453 49 de MM. Puttick et Simpson, commissaires-priseurs, dans leur

248 1243 1449 50 belle et vaste galerie de Leicester square, 47. La collection,

250 1293 1452 51 composée par un antiquaire de Dresde, qui a mis quarante ans

250 1344 1453 50 à la réunir, comprend plus de trois mille lettres. On y re¬

252 1394 1453 51 marque, entre autres pièces précieuses, des lettres autographes

251 1445 1452 50 signées des personnages suivants : Catherine Ier et Catherine II,

253 1495 1450 51 impératrices de Russie; Benj. Franklin, Kosciusko; Hébert,

252 1545 1451 49 le Père Duchesne; Goethe, Schiller, lord Byron, Diderot,

253 1596 1450 49 Helvétius, Samuel Richardson, W. Robertson, J.-J. Rousseau,

253 1646 1450 50 Voltaire, Euler, W. Herschell, Lavoisier, Mesmer, Beethoven,

254 1697 1450 50 Haydn, Weber ; des morceaux de musique autographes de

254 1747 1450 49 Mozart et de Franz Schubert ; Sophie Arnould et Garrick, etc.

255 1797 1451 41 La collection renferme aussi une série intéressante d’auto¬

256 1847 1450 51 graphes de réformateurs, tels que Luther, Calvin, Mélanchton,

254 1898 1103 50 Zuingle, Gaspard Peucer et Théodore de Bèze.

304 1949 1403 49 Le catalogue se distribue chez nous, 8, quai du Louvre.

255 1999 1456 47 Devant assister à cette vente, nous nous chargerons des com¬

256 2048 1221 51 missions que nos clients voudront bien nous confier.

306 2182 1408 49 M. Alfred de Beauchesne, ancien secrétaire du Conservatoire

256 2233 1459 51 de musique, est mort le 29 novembre dernier, dans sa soi¬

256 2284 1460 52 xante-treizième année. Il laisse une collection d’autographes

257 2335 1458 49 curieuse, riche surtout en lettres et en morceaux de la main

258 2385 1455 50 des musiciens célèbres de ce siècle. Nous sommes chargé d’en

257 2435 1455 52 rédiger le catalogue, qui paraîtra le mois prochain. Nous nous

258 2486 1451 52 proposons de donner, dans le numéro 51 de la Revue,

258 2536 1452 50 une notice sur cet excellent et savant homme, l’ami intime de

261 2588 494 42 Cherubini et d’Auber.
