1850 2885
806 125 175 34 - 13 -

190 217 1428 46 79 Dugué d’Assé, conventionnel, député de l’Orne. — L. a. s. au

258 262 1361 47 Premier Consul; Paris, 1er pluv. an VIII, 2 p. pl. in-f. 5 »

298 313 1323 40 Il indique les mesures à prendre pour détruire avec certitude les insti¬

260 352 1361 36 gateurs secrets de la chouannerie. Elles consistent surtout à arrêter les

260 391 1362 40 prêtres insoumis et les ci-devant nobles qui se tiennent prudemment

262 430 1360 41 derrière la toile, et à saisir leurs correspondances avec Paris, qui sont

261 470 1169 40 transportées par les conducteurs des voitures publiques, etc.

193 513 1427 47 80 Empis (Ad.), auteur dramatique, de l’Acad. fr. — L. a. s., 1 p.

261 558 1360 36 in-8. 3 »

193 608 1428 46 81 Pauchet (Cl.), premier président de la Cour des monnaies,

261 653 1360 48 savant historien français, auteur des Antiquités gauloises.— Quit.

262 690 1360 55 sig. sur vélin, 158G, 1/2 p. in-4 obi. Coupure dans le blanc

263 742 1359 46 de la pièce. Rare. 3 »

194 793 1428 46 82 Fouquier-Tinville, le trop fameux accusateur public près le

261 837 1363 47 Tribunal révolutionnaire. — Pièce sig.; 3 vent, an II, 1 p.

265 882 1358 36 in-4. 6 »

301 927 1324 40 Ordre d’exécution de Tiphaine père et fils, sur la place de la Révolu¬

265 967 83 30 tion.

197 1011 1427 47 83 Galimard (Aug.-Nic.), peintre d’histoire. — Pièce sig. 1850,

268 1056 1357 45 1 p. in-4. 2 »

303 1100 1323 43 Reçu de 2,400 fr., pour son tableau des quatre Evangélistes, destiné

264 1140 639 38 à l’église Saint-Laurent de Paris.

197 1185 1431 46 84 Gaultier de Sibert, érudit célèbre par ses curieuses disser¬

265 1230 1360 45 tations sur l’histoire de France, de l’Acad. des inscriptions,

267 1275 1359 47 né à Tonnerre. — L. a. s. aux trésoriers de Lyon; Paris, 1774,

265 1319 1362 46 2 p. in-4, cachet à ses armes. 4 »

200 1370 1428 46 85 Girardet (Abraham), célèbre graveur vignettiste. — L. a. s.

268 1415 1361 46 à Laurent, directeur du Musée frnaçais, 1813, 1 p. in-4. 6 »

306 1465 1325 40 Belle lettre relative à sa collaboration au Musée français, dont il

268 1505 744 39 était chargé de retoucher les planches.

200 1549 1431 46 86 Gobert (Pierre), peintre de portraits, de l’Acad. de peinture.

269 1594 1362 45 — Quit. sig. sur vélin, 1708. 2 »

202 1643 1431 44 87 Henri IV, roi de France. — L. a. s. à M. de Saint-Geniès

269 1688 1362 46 (vers 1588), 2 p. pl. in-f. Pièce raccommodée et montée. 45 »

309 1739 1324 34 Relative à la mise en état de défense des villes de Nérac, Clairac,

270 1777 1365 41 Casteljaloux et Castets, menacées par les troupes du maréchal de

272 1819 186 37 Matignon.

204 1862 1431 47 88 Hugo (Victor), le grand écrivain. — L. a. s., 15 juil. 1843, 1 p.

273 1908 1363 46 pl. in-8. 6 »

312 1956 1324 41 Il recommande chaudement, pour les travaux de l’Hôtel-de-Ville,

274 1997 1363 40 M. Auguste de Chatillon, qui a fait ses preuves avec éclat et comme

274 2038 546 38 peintre et comme sculpteur.

206 2080 1433 48 89 Ingres, peintre illustre. — Croquis de sa main, au crayon, et

276 2126 1362 46 signé, in-f. Petite cassure dans une marge. 50 »

315 2175 1326 42 Ce croquis représente la ville de Vienne (Autriche), une des capitales

277 2215 1364 40 de l’Europe peintes par lui à l’Hôtel-de-Ville de Paris et détruites dans

276 2255 342 32 l’incendie de 1871.

210 2298 1433 50 90 Jouvenet (Jean), illustre peintre français, né à Rouen. —

277 2343 1365 47 8 lig. aut. sig. au bas d’un mémoire relatif à la sculpture

279 2385 1362 50 d’une chaise à porteurs pour le prince de Conti; 21 mars 1689,

278 2435 1366 45 3 p. in-8. Rare. 25 »

320 2482 1326 41 Sur cette pièce se trouve la sig. de Cl. Bouché et de Poissant, qui

280 2523 1362 39 ont exécuté la chaise, l’un comme sculpteur, l’autre comme doreur.

283 2560 1363 43 Elle porte aussi la sig. du prince de Conti et celle de La Chapelle (de

286 2602 414 37 l’Académie française).
