1876 2823
922 142 172 33 — 12 —

304 235 1428 43 67 Boucherat (Louis), célèbre chancelier de France. — L. a. s. à

371 280 1358 46 Mazarin; Nantes, 8 oct. 1657, 2 p. in-4. 18 »

413 331 1318 36 Belle lettre relative aux affaires de Nantes, où commande le maréchal

374 371 310 38 de la Meilleraye.

308 415 1423 46 68 Bourbon (Charles II, cardinal de), archevêque de Rouen,

376 460 1355 46 proclamé roi de France par la Ligue sous le nom de Charles X.

373 504 1361 46 — L. sig., avec la souscript. aut., au maréchal Saint-Maur-

375 549 1359 46 les-Fossés, 27 juil. 1580, 1 p. in-f., traces de cachet. Belle

376 593 1356 46 pièce. Rare. 30 »

309 644 1424 46 69 Boyer-Fonfrède (J.-B.), un des plus célèbres girondins,

376 688 1357 47 décapité à 27 ans. — Pièce sig.; 12 av. 1793, 1 p. in-f., sceau.

380 736 1353 33 Rare. 6 »

418 784 1316 40 Nomination, par la Convention, de Despinassy, Roubeaud et Barras,

379 824 805 39 comme représentants aux armées du Var.

309 867 1427 46 70 Bretagne (Don gratuit de).—Arrêt relatif au don gratuit de

378 912 1358 51 Bretagne, accordé au roi par les états de cette province en

379 957 1357 46 1651, signé par Séquier (Pierre III), Mole (Mathieu), Foucquet (Nic.),

378 1002 1357 45 Servien, etc., 1653, 2 p. 1/2 in-f. Pièce intéressante. 15 »

311 1051 1426 46 71 Campan (Mme), lectrice de Marie-Antoinette, surintendante de

379 1097 1358 46 la maison d’Ecouen. — L. a. s.; Ecouen, 1814, 1 p. grand in-8.

380 1141 1358 46 Jolie pièce. 4 »

311 1191 1427 52 72 Constable (John), le grand peintre paysagiste anglais. — L. a.

380 1236 1359 46 s. à R. Balmano, 1 p. in-8. cachet. Rare. 8 »

315 1286 1425 46 73 Cottin (Mme), romancière célèbre, auteur de Malvina. — L. a. s.

383 1331 1358 48 à la citoyenne Bigand; 30 flor., 1 p. in-4. 7 »

316 1384 1425 47 74 Courier (P.-L.), le mordant pamphlétaire. — L. a. s. à Mme Soehne,

388 1430 1353 45 1824, 1 p. in-4. 18 »

317 1479 1425 47 75 Delavigne (Casimir), l’auteur des Messéniennes, de l’Acad. fr.—

384 1523 1359 48 L. a. s. a M. Becqx; juin 1814, 3 p. in-8. Petite déchirure dans

386 1569 1356 47 la signature par la rupture du cachet. 10 »

426 1619 1321 40 Très-curieuse épitre. Il plaisante sur Pontoise, sur ses remparts et

388 1659 1357 40 sur un siège mémorable qu’elle a soutenu au moment de l’entrée des

389 1698 1354 40 alliés. Malheureusement les journaux ont été remplis de ces récits,

390 1737 1356 40 « jusqu’au moment où nos bons amis les ennemis sont entrés dans la

391 1776 1355 40 capitale au son du tambour, le sabre au poing et le petit brin d’herbe

390 1816 1356 40 sur le chapeau en manière de laurier. Pauvre malheureuse, tu étais

391 1855 1071 40 acteur, tandis que toute l’Europe était au spectacle !... »

323 1904 1422 47 76 Desmoulins (Camille), conventionnel et publiciste célèbre,

392 1949 1355 53 l’une des figures les plus sympathiques de la Révolution

394 1993 1352 51 française. — L. a. s. à son père, lieutenant général à Guise,

394 2038 1352 47 4 déc. 1789, 3/4 de p. in-4. Cachet à son chiffre. Rare. 125 »

434 2087 1312 41 Il lui envoie le 1er numéro de son journal (leu Révolutions de France

393 2127 1354 47 et de Brabant), avec 2 prospectus, et le prie de lui procurer des

395 2166 1354 43 abonnés dans le pays. « Me voilà journaliste, dit-il, et déterminé à user

395 2206 1354 41 amplement de la liberté de la presse. » Il termine ainsi : « Deviniez-

395 2246 1354 41 vous que je serais un Romain quand vous me baptisiez Lucius Simpli¬

396 2287 727 39 cius Camilius, et prophétisiez-vous ? »

328 2334 1422 50 77 Despréaux (L.-Félix), compositeur et écrivain sur la musique,

397 2381 1352 49 professeur au Conservatoire. — L. a. s., 1810, 1 p. 1/2 in-4.

398 2426 1355 46 Notice sur ses ouvrages musicaux. 4 »

330 2480 1422 49 78 Duels (J.-F.), poète tragique, de l’Acad. fr. — (Pièce aut., 4 p.

399 2529 1352 35 in-f. 5 »

437 2576 1313 42 Journal de ses dépenses et de ses relations intimes, du 9 août au 13

400 2616 1216 42 septembre 1813, document curieux pour la biographie de Ducis.
