1884 2836
932 179 151 30 — 4 —

284 269 1445 51 Maure et de Mlle de Vandy, regardées comme les premières,

287 319 1443 50 avec Mme de Sablé, leur amie, qui aient donné à ce style une

285 370 1445 49 tournure originale. Elles ont commencé la révolution épisto¬

285 421 1443 51 laire qui a été close par l’illustre marquise. Leurs lettres

283 471 1444 49 faisaient les délices des délicats de la première moitié du

284 521 1443 51 XVIIe siècle : on s’en arrachait les copies, qui circulaient de

284 573 340 38 main en main.

335 638 1394 51 Le catalogue nous offre deux femmes qui ont joué un grand

285 688 1444 51 rôle dans notre diplomatie secrète, la princesse des Ursins,

285 739 1445 51 qui valait plus qu’un ambassadeur de France à la cour de

285 790 1445 49 Madrid, et la duchesse de Portsmouth, par qui Louis XIV

285 841 1441 48 tenait dans sa main la cour de Saint-James. On peut en ajouter

283 891 1441 50 une troisième, la gracieuse comtesse d'Albany, qui, mariée au

283 941 1446 50 prétendant Charles-Edouard, représentait les intérêts dynas¬

285 991 1447 52 tiques des Bourbons. Elle nous dit elle-même qu’elle recevait

284 1041 1448 51 pour ce service une rente annuelle de 60,000 francs, et elle

283 1092 1448 51 constate qu'elle l’a touchée jusqu’au mois d’août 1792, époque

284 1142 1447 51 de la chute de Louis XVI, qui la lui avait gracieusement

285 1195 175 39 donnée.

333 1260 1397 51 On remarquera les lettres de Mmes de Lanssac et de Sènecé,

284 1311 1448 50 qui se sont succédées à la cour au gré de Richelieu, suivant

283 1361 1448 50 les besoins de sa politique ; de Mme de Motteville, qui nous a

284 1412 1447 49 laissé les plus curieux mémoires sur Anne d’Autriche et sur

285 1462 1448 50 la foule dorée qui s’agitait autour de sa maîtresse ; de Mlle d’Au¬

285 1512 1447 49 male, la confidente de Mme de Maintenon. Les pièces sur

283 1563 1445 49 l’évasion du cardinal de Retz ne passeront pas inaperçues, non

285 1613 1446 50 plus que la lettre d’Anne Poussart de Vigean, duchesse de

286 1663 1235 50 Richelieu, lettre qui vaut à elle seule tout un poème.

335 1730 1394 51 Nous avons oublié de dire dans le catalogue que la corres¬

285 1780 1443 51 pondance de Mme de Pompadour sera vendue en un seul bloc.

289 1831 1444 50 Il serait en effet fâcheux de diviser des pièces qui forment

288 1883 1444 49 corps et dont la valeur consiste surtout dans l’ensemble. Il en

287 1933 1444 51 sera de même des articles concernant Mme d’Hautefort, et de

288 1982 1444 51 ceux relatifs à Mlle de Lafayette. Ce sont autant de dossiers

289 2033 869 50 historiques qui doivent rester intacts.

340 2101 1394 50 La vente de cette curieuse collection aura lieu, par nos

291 2151 1441 50 soins, à l’hôtel Drouot, salle n° 5, le samedi 10 février prochain,

291 2201 1444 50 à deux heures de l’après-midi. Le catalogue sera adressé à tous

291 2253 1442 49 nos lecteurs. Les personnes qui ne l’auraient pas reçu et qui

292 2302 1443 50 désireraient l’avoir, sont priées de nous le mander par lettres

291 2353 1444 50 affranchies. Il en sera tiré cinquante exemplaires sur papier de

294 2403 778 50 Hollande, au prix de deux francs.
