2550 3299
1654 258 1764 300 Sala
1799 256 1908 302 VII.

676 522 803 579 VII.
846 558 912 563 -
957 522 1180 579 SALA
1224 522 1731 582 UNGHERESE

597 781 708 814 Nella
734 781 850 813 storia
875 780 1061 813 dell’arte
1086 786 1318 813 troveranno
1343 781 1651 814 indubbiamente
1682 788 1789 823 posto
1813 782 1888 815 due

507 840 649 873 recenti
677 844 700 873 é
717 840 937 880 importanti
965 840 1161 873 iniziative
1180 840 1349 878 italiane,
1379 841 1401 872 I*
1421 841 1669 881 Esposizione
1686 841 1723 874 di
1744 843 1888 874 Torino

504 901 574 932 che
601 901 659 932 nel
692 911 772 941 1902
794 905 972 942 presentò
990 911 1056 941 per
1075 901 1109 932 la
1129 901 1250 941 prima
1278 901 1380 934 volta
1406 901 1561 934 raccolti
1582 901 1590 933 i
1619 901 1781 934 risultati
1801 911 1886 933 con¬

504 960 643 999 seguiti
670 961 729 992 nel
757 971 894 1001 campo
910 960 1011 992 delle
1028 960 1098 992 arti
1120 960 1339 993 decorative
1364 972 1384 992 e
1410 960 1444 993 le
1466 961 1704 1001 Esposizioni
1725 962 1887 994 interna¬

509 1020 648 1052 zionali
675 1019 811 1058 d’arte,
839 1019 1081 1060 organizzate
1107 1020 1208 1053 dalla
1235 1019 1338 1053 Città
1362 1020 1399 1053 di
1429 1021 1609 1056 Venezia,
1636 1021 1886 1054 nell’intento

501 1080 537 1111 di
560 1090 810 1120 promuovere
830 1080 852 1111 il
873 1080 1017 1112 ritorno
1034 1080 1228 1113 all’antica
1247 1092 1266 1111 e
1285 1080 1392 1120 quasi
1411 1080 1554 1113 obliata
1572 1080 1677 1113 unità
1695 1080 1883 1113 dell'arte.

593 1139 797 1179 Seguendo
816 1140 849 1171 la
869 1139 995 1171 nobile
1015 1139 1225 1173 tradizione
1244 1140 1303 1172 del
1326 1140 1490 1181 passato,
1520 1140 1528 1172 1
1537 1139 1543 1151 ’
1565 1140 1672 1172 Italia
1692 1141 1792 1172 volle
1810 1141 1884 1172 col¬

500 1198 717 1231 laboratrici
743 1198 779 1231 in
807 1199 880 1231 tale
906 1198 1101 1231 iniziativa
1129 1199 1161 1231 le
1186 1199 1282 1232 altre
1308 1199 1473 1234 nazioni,
1500 1211 1520 1230 e
1540 1199 1617 1231 fece
1642 1200 1797 1240 appello
1821 1209 1884 1232 an¬

500 1259 570 1290 che
592 1259 654 1290 all’
670 1258 879 1299 Ungheria.

592 1320 618 1350 Il
657 1324 786 1351 nostro
823 1319 1014 1354 C.overno,
1053 1318 1335 1352 condividendo
1360 1330 1380 1351 e
1408 1319 1657 1360 approvando
1684 1320 1717 1351 le
1742 1319 1883 1360 aspira¬

497 1378 597 1410 zioni
624 1377 726 1411 della
765 1380 910 1411 Mostra
949 1378 1168 1414 veneziana,
1198 1378 1232 1411 fu
1272 1380 1362 1411 lieto
1387 1379 1423 1411 di
1455 1379 1695 1419 accoglierne
1723 1380 1730 1411 1
1738 1379 1745 1393 ’
1764 1378 1884 1411 invito

496 1437 665 1469 cordiale
690 1449 709 1469 e
735 1437 771 1468 di
799 1447 1022 1470 concorrere
1056 1437 1323 1470 direttamente
1349 1438 1412 1470 all’
1430 1438 1745 1478 organizzazione
1781 1438 1881 1471 della

497 1498 587 1530 Sala
612 1497 683 1530 che
709 1497 761 1537 gli
789 1498 927 1530 veniva
963 1508 1156 1530 concessa.
1185 1497 1274 1531 Cosi
1314 1498 1334 1529 I'
1354 1498 1548 1537 Ungheria
1575 1498 1611 1531 fu
1639 1499 1674 1530 in
1699 1498 1820 1539 grado
1844 1497 1881 1529 di

498 1557 733 1598 raccogliere
759 1557 795 1588 in
823 1568 871 1590 un
910 1557 1101 1590 ambiente
1126 1557 1163 1590 di
1200 1558 1364 1590 schietta
1402 1558 1591 1598 impionta
1622 1559 1822 1591 nazionale
1848 1558 1881 1590 le

497 1627 613 1658 opere
638 1617 761 1650 d’arte
786 1618 1037 1658 germogliate
1063 1618 1119 1650 sul
1146 1629 1215 1650 suo
1240 1619 1361 1656 suolo,
1391 1619 1525 1652 intriso
1543 1618 1603 1651 del
1630 1629 1775 1660 sangue
1801 1628 1881 1651 ver¬

493 1683 576 1710 sato
603 1688 668 1719 per
695 1679 703 1709 i
732 1678 847 1711 nobili
876 1678 988 1711 ideali
1015 1679 1052 1710 di
1082 1678 1369 1711 civilizzazione
1394 1691 1414 1710 e
1440 1679 1476 1710 di
1505 1679 1650 1712 libertà.

585 1739 614 1771 Il
644 1744 797 1780 passato
821 1739 997 1771 dell’arte
1016 1739 1229 1778 ungherese
1247 1740 1277 1770 si
1299 1745 1475 1780 presenta
1500 1750 1606 1771 come
1627 1749 1675 1771 un
1696 1739 1877 1772 musaico,

494 1798 529 1830 in
556 1798 617 1830 cui
646 1799 679 1831 le
706 1799 840 1831 lacune
868 1808 1051 1838 rompano
1075 1798 1122 1830 ad
1147 1798 1236 1838 ogni
1257 1803 1371 1831 tratto
1391 1798 1413 1829 il
1433 1797 1605 1838 disegno.
1634 1797 1816 1830 Tuttavia
1842 1798 1877 1829 in

492 1868 577 1890 esso
603 1858 796 1898 possiamo
819 1868 994 1891 scernere
1031 1858 1193 1891 costanti
1222 1863 1277 1890 tre
1303 1858 1479 1891 caratteri
1495 1870 1501 1890 :
1531 1867 1606 1890 una
1632 1857 1818 1890 tendenza
1842 1858 1876 1889 al

493 1918 589 1950 fasto
613 1919 715 1951 nella
739 1918 1002 1957 decorazione,
1031 1928 1106 1950 una
1142 1918 1396 1959 propensione
1432 1917 1601 1959 spiccata
1631 1928 1698 1959 per
1724 1918 1758 1950 la
1785 1917 1879 1949 indi-

492 1977 689 2017 pendenza
716 1977 966 2014 individuale,
996 1979 1018 2009 il
1058 1978 1161 2011 culto
1200 1978 1335 2010 vivace
1359 1977 1460 2010 della
1486 1977 1698 2010 tradizione
1723 1977 1874 2010 storica.

584 2037 611 2068 Il
638 2037 762 2078 primo
786 2036 822 2068 di
848 2037 971 2076 questi
997 2036 1173 2069 caratteri
1201 2035 1248 2068 dà
1267 2037 1342 2069 alla
1361 2035 1593 2077 produzione
1616 2036 1786 2068 artistica
1814 2046 1877 2067 un¬

489 2097 650 2136 gherese
675 2096 1033 2137 quell’esuberanza
1057 2096 1242 2129 orientale
1268 2096 1339 2128 che
1367 2096 1399 2128 le
1425 2095 1444 2128 è
1464 2095 1719 2135 inseparabile
1736 2108 1741 2127 :
1771 2095 1794 2127 il
1823 2105 1877 2127 se¬

489 2156 612 2189 condo
637 2156 669 2188 ci
695 2156 828 2197 spiega
856 2156 1041 2188 l'assenza
1066 2156 1255 2196 completa
1274 2174 1313 2179 —
1333 2166 1355 2185 o
1379 2154 1487 2195 quasi
1518 2174 1549 2177 —
1581 2154 1619 2186 di
1646 2165 1720 2187 una
1746 2154 1877 2186 scuola

489 2227 511 2246 o
536 2215 572 2248 di
602 2226 674 2249 una
700 2215 990 2252 consuetudine,
1017 2220 1233 2256 sopratutto
1259 2216 1358 2247 nella
1384 2215 1546 2256 pittura:
1576 2216 1600 2247 il
1629 2221 1731 2247 terzo
1762 2214 1876 2246 infine

489 2277 521 2308 ci
550 2275 687 2309 induce
710 2276 757 2308 ad
784 2276 972 2316 attingere
998 2277 1034 2308 la
1053 2281 1180 2308 nostra
1202 2275 1458 2316 inspirazione
1485 2275 1636 2308 intorno
1654 2285 1676 2308 a
1701 2275 1776 2313 noi,
1800 2275 1875 2307 nel¬

489 2335 708 2368 l'ambiente
731 2340 853 2368 stesso
881 2336 950 2368 che
976 2335 1008 2368 ci
1036 2335 1227 2369 circonda,
1266 2341 1395 2368 saturo
1421 2335 1456 2366 di
1486 2334 1639 2370 ricordi,
1667 2339 1801 2367 stretto
1825 2333 1873 2366 da

488 2395 592 2427 mille
617 2394 756 2427 vincoli
785 2393 1063 2427 indistruttibili
1090 2394 1123 2426 al
1152 2400 1317 2435 passato.

579 2455 695 2488 Nulla
719 2455 756 2487 di
784 2454 848 2496 più
884 2456 1056 2487 naturale
1092 2454 1258 2495 dunque,
1286 2455 1357 2487 che
1380 2455 1433 2495 gli
1458 2454 1650 2487 architetti
1674 2453 1831 2494 Jàmbor
1855 2466 1875 2485 e

490 2514 639 2553 Bàllint,
668 2515 726 2547 nel
753 2514 957 2555 concepire
981 2515 1016 2548 la
1041 2514 1292 2547 decorazione
1316 2513 1418 2547 della
1442 2515 1543 2548 Sala,
1563 2514 1726 2547 abbiano
1750 2512 1876 2545 subito

489 2575 511 2606 P
530 2574 693 2607 inflenza
718 2574 756 2607 di
782 2574 875 2607 certi
904 2575 1034 2607 motivi
1060 2574 1097 2606 di
1124 2574 1263 2610 colore,
1290 2574 1327 2606 di
1354 2574 1526 2615 disegno,
1554 2574 1591 2606 di
1619 2574 1766 2612 rilievo,
1792 2584 1872 2614 pre¬

485 2635 622 2667 sentati
661 2634 709 2667 da
735 2635 821 2667 tutti
851 2634 904 2675 gli
930 2635 1073 2675 oggetti
1110 2635 1157 2667 da
1183 2634 1243 2666 cui
1269 2634 1364 2675 spiri
1391 2645 1440 2666 un
1466 2634 1574 2667 soffio
1599 2634 1742 2674 d’arte,
1768 2632 1871 2673 dagli
