2480 3188
857 301 879 335 4

860 366 986 392 BLAISE
1005 365 1148 392 PASCAL
1163 361 1172 397 (
1187 361 1369 397 1623-1662)

859 428 951 454 Lettre
965 428 1087 454 escritte
1100 427 1119 454 à
1134 435 1173 454 un
1187 427 1361 461 provincial,
1377 435 1430 461 par

858 485 896 504 un
911 478 951 504 de
965 485 1017 504 ses
1032 478 1117 504 amis.
1133 477 1187 504 Sur
1202 477 1244 504 les
1259 478 1352 512 sujets
1367 478 1424 504 des

858 528 997 562 disputes
1012 527 1173 561 présentés
1188 527 1203 554 à
1220 527 1242 554 la
1258 527 1431 554 Sorbonne.

859 577 903 604 De
918 577 1006 610 Paris,
1021 584 1058 604 ce
1072 578 1101 604 13
1114 577 1238 604 Janvier
1251 578 1333 604 1656.
1349 578 1365 604 8
1381 585 1430 611 pp.

858 627 1005 654 Seconde
1019 627 1112 654 Lettre
1126 628 1247 654 escritte
1261 627 1280 654 à
1295 635 1334 654 un

857 677 1032 711 provincial,
1048 685 1101 711 par
1114 685 1153 704 un
1168 678 1208 704 de
1222 684 1274 704 ses
1289 679 1374 704 amis.

859 727 903 754 De
918 727 997 754 Paris
1012 734 1049 754 ce
1063 728 1094 754 19
1107 727 1298 754 février1656.
1315 728 1331 754 8
1346 735 1396 761 pp.

859 777 1024 811 Response
1037 777 1078 804 du
1092 777 1260 804 Provincial
1273 785 1328 804 aux
1342 778 1420 804 deux

858 827 1027 861 premières
1042 827 1150 854 lettres.

858 878 875 904 8
890 885 940 911 pp.

859 927 1039 960 Quatrième
1053 927 1146 954 Lettre
1159 928 1281 954 escritte
1294 927 1313 954 à
1328 935 1367 954 un

857 977 1032 1011 provincial,
1048 985 1101 1011 par
1114 985 1153 1004 un
1168 977 1208 1004 de
1222 984 1274 1004 ses
1289 978 1374 1004 amis.

859 1027 903 1054 De
918 1027 1006 1060 Paris,
1022 1027 1047 1054 le
1061 1028 1105 1060 25,
1122 1027 1235 1054 Février
1249 1028 1330 1054 1656.
1347 1028 1363 1054 8
1378 1035 1428 1061 pp.

859 1077 1041 1111 Cinquième
1055 1077 1148 1104 Lettre
1162 1078 1283 1104 escritte
1297 1077 1316 1104 à
1330 1085 1369 1104 un

857 1127 1032 1161 provincial,
1048 1135 1101 1161 par
1114 1135 1153 1154 un
1168 1127 1208 1154 de
1222 1134 1274 1154 ses
1289 1128 1374 1154 amis.

859 1177 903 1204 De
918 1177 997 1204 Paris
1013 1177 1038 1204 le
1051 1178 1091 1204 20
1106 1184 1186 1204 mars
1201 1178 1283 1204 1656.
1299 1178 1315 1204 8
1331 1184 1380 1211 pp.

858 1227 988 1254 Sixième
1002 1227 1095 1254 Lettre
1108 1228 1230 1254 escritte
1243 1227 1262 1254 à
1277 1235 1316 1254 un
1329 1227 1503 1261 provincial,

858 1285 911 1311 par
925 1285 963 1304 un
978 1277 1018 1304 de
1032 1284 1084 1304 ses
1099 1278 1184 1304 amis.

859 1327 903 1354 De
918 1327 1006 1360 Paris,
1021 1334 1059 1354 ce
1072 1328 1106 1354 10
1121 1327 1185 1354 avril
1201 1328 1304 1354 1656.8
1320 1334 1369 1361 pp.

858 1377 1017 1411 Septième
1030 1377 1124 1404 Lettre
1137 1378 1259 1404 escritte
1272 1377 1291 1404 à
1306 1385 1345 1404 un

857 1427 1032 1461 provincial,
1048 1435 1101 1461 par
1114 1435 1153 1454 un
1168 1427 1208 1454 de
1222 1434 1274 1454 ses
1289 1428 1374 1454 amis.

859 1477 903 1504 De
918 1477 1006 1510 Paris,
1021 1484 1059 1504 ce
1072 1478 1108 1504 25
1122 1477 1187 1504 avril
1202 1478 1284 1504 1656.
1300 1478 1316 1504 8
1332 1485 1381 1511 pp.

859 1527 1009 1554 Huitième
1023 1527 1116 1554 Lettre
1130 1528 1251 1554 escritte
1265 1527 1284 1554 à
1299 1534 1338 1554 un

857 1577 1032 1611 provincial,
1048 1584 1101 1611 par
1114 1584 1153 1604 un
1168 1577 1208 1604 de
1222 1584 1274 1604 ses
1288 1578 1374 1604 amis.

859 1627 903 1654 De
918 1627 1006 1660 Paris,
1021 1634 1059 1654 ce
1072 1628 1109 1654 28
1123 1627 1198 1662 May
1212 1628 1293 1654 1656.
1310 1628 1326 1654 8
1341 1634 1391 1661 pp.

859 1677 1029 1704 Neuvième
1043 1677 1136 1704 Lettre
1149 1678 1271 1704 escritte
1284 1677 1303 1704 à
1318 1684 1357 1704 un

857 1727 1032 1761 provincial,
1048 1734 1101 1761 par
1114 1734 1153 1754 un
1168 1727 1208 1754 de
1222 1734 1274 1754 ses
1288 1728 1374 1754 amis.

859 1777 903 1804 De
918 1777 1006 1809 Paris,
1022 1777 1047 1804 le
1061 1778 1076 1804 3
1084 1777 1178 1811 juillet
1191 1778 1272 1804 1656.
1288 1778 1305 1804 8
1320 1784 1369 1811 pp.

859 1827 993 1854 Dixième
1007 1827 1100 1854 Lettre
1114 1828 1235 1854 escritte
1249 1827 1268 1854 à
1282 1834 1321 1854 un

857 1877 1032 1911 provincial,
1048 1884 1101 1911 par
1114 1884 1153 1904 un
1168 1877 1208 1904 de
1222 1884 1274 1904 ses
1288 1878 1374 1904 amis.

859 1927 903 1954 De
918 1927 1006 1959 Paris,
1021 1934 1059 1954 ce
1072 1928 1087 1954 2
1102 1927 1180 1954 Août
1193 1928 1274 1954 1656.
1291 1928 1307 1954 8
1323 1934 1372 1961 pp.

858 1977 1009 2004 Onzième
1023 1977 1116 2004 Lettre
1129 1978 1239 2004 escrite
1253 1984 1306 2011 par
1320 1977 1446 2004 l’Auteur

858 2027 915 2054 des
931 2027 1039 2054 Lettres
1054 2034 1109 2054 aux
1124 2027 1285 2054 Provincial
1302 2034 1361 2054 aux

859 2076 1034 2104 Révérends
1048 2077 1140 2111 pères
1146 2077 1286 2111 jésuites.

859 2127 902 2154 Du
917 2128 948 2154 18
962 2127 1041 2154 Août
1054 2128 1135 2154 1656.
1151 2128 1168 2154 8
1183 2134 1232 2161 pp.

859 2177 1029 2204 Douzième
1043 2177 1136 2204 Lettre
1150 2178 1260 2204 escrite
1274 2184 1326 2211 par
1341 2177 1467 2204 l’Auteur

858 2227 915 2254 des
931 2227 1039 2254 Lettres
1054 2234 1109 2254 aux
1124 2227 1286 2254 Provincial
1301 2234 1356 2254 aux

859 2276 1034 2304 Révérends
1048 2277 1141 2311 pères
1147 2276 1287 2311 jésuites.

859 2327 902 2354 Du
918 2328 935 2354 9
950 2327 1103 2361 septemb.
1119 2328 1200 2354 1656.
1217 2328 1233 2354 8
1249 2334 1298 2361 pp.

859 2377 1024 2411 Response
1037 2377 1056 2404 à
1071 2377 1099 2404 la
1113 2377 1279 2404 douzième
1293 2377 1393 2404 lettres
1408 2377 1448 2404 de

857 2427 1065 2454 Jansénistes.

858 2477 875 2504 8
890 2484 940 2511 pp.

860 2527 1020 2554 Treizième
1034 2527 1127 2554 Lettre
1140 2528 1250 2554 escrite
1264 2534 1317 2561 par
1332 2526 1457 2554 l’Auteur

858 2577 915 2604 des
931 2577 1039 2604 Lettres
1054 2584 1109 2604 aux
1124 2577 1286 2604 Provincial
1302 2584 1360 2604 aux

1596 298 1771 325 Révérends
1785 298 1878 332 pères
1884 298 2024 333 jésuites.

1597 348 1639 375 Du
1655 349 1694 375 30
1708 348 1889 382 septembre
1902 349 1984 375 1656.
2001 349 2017 375 8
2032 356 2082 382 pp.

1596 398 1817 431 Quatorzième
1831 398 1924 425 Lettre
1937 399 2047 425 escrite
2061 405 2114 432 par

1596 448 1722 475 l’Auteur
1736 448 1793 475 des
1809 448 1917 475 Lettres
1932 456 1987 475 aux
2002 448 2163 475 Provincial
2180 456 2239 475 aux

1596 498 1771 525 Révérends
1785 498 1877 532 pères
1884 498 2024 533 jésuites.

1597 548 1639 575 Du
1654 549 1688 575 23
1703 548 1834 575 octobre
1848 549 1929 575 1656.
1946 549 1962 575 8
1978 555 2027 582 pp.

1596 598 1777 631 Quinzième
1791 598 1884 625 Lettre
1897 599 2007 625 escrite
2021 605 2074 632 par
2089 598 2214 625 l’Auteur

1595 648 1652 675 des
1668 648 1777 675 Lettres
1792 656 1846 675 aux
1862 648 2023 675 Provincial
2040 656 2098 675 aux

1596 698 1771 725 Révérends
1785 698 1877 732 pères
1884 698 2024 733 jésuites.

1597 748 1639 775 Du
1654 749 1690 775 25
1705 748 1875 775 novembre
1889 749 1970 775 1656.
1987 749 2003 775 8
2018 756 2068 782 pp.

1595 798 1747 825 Seizième
1761 798 1854 825 Lettre
1868 799 1977 825 escrite
1991 805 2044 832 par
2059 798 2184 825 l'Auteur

1595 848 1652 875 des
1668 848 1777 875 Lettres
1792 855 1846 875 aux
1862 848 2023 875 Provincial
2040 856 2098 875 aux

1596 898 1771 925 Révérends
1785 898 1877 932 pères
1884 898 2024 933 jésuites.

1596 950 1637 976 Du
1651 951 1668 975 4
1681 950 1843 976 décembre
1856 951 1933 976 1656.
1948 951 1975 976 12
1989 957 2036 983 pp.

1596 1000 1806 1032 Dix-septième
1819 1000 1898 1026 lettre
1911 1001 2037 1026 escrime
2050 1007 2100 1032 par
2113 1000 2228 1026 l’auteur

1595 1050 1649 1076 des
1664 1050 1757 1076 lettres
1771 1057 1806 1076 au
1821 1050 1983 1081 Provincial,
2007 1050 2027 1075 A
2042 1050 2182 1076 reverend
2195 1050 2219 1076 P.

1594 1100 1689 1126 Annat
1693 1100 1809 1133 jésuite.

1596 1150 1637 1176 Du
1651 1151 1683 1176 23
1690 1151 1800 1183 janvier
1813 1151 1927 1176 1657.12
1941 1157 1988 1183 pp.

1596 1200 1798 1226 Dix-huitième
1811 1200 1889 1226 lettre
1902 1207 1941 1226 au
1955 1200 2104 1226 Reverend
2118 1200 2141 1226 P.

1594 1250 1695 1281 Annat,
1704 1250 1810 1283 jésuite

1605 1307 1652 1326 sur
1666 1300 1688 1326 la
1702 1301 1790 1333 copie
1804 1300 1954 1333 imprimée
1968 1300 1982 1326 à
1997 1300 2130 1334 Cologne
2144 1300 2168 1326 le
2181 1301 2215 1326 24

1594 1350 1675 1376 Mars
1689 1351 1803 1376 1657.12
1818 1357 1864 1383 pp.

1596 1400 1638 1426 De
1651 1400 1788 1426 l'Héresie
1801 1404 1829 1426 et
1841 1400 1879 1426 du
1892 1400 2047 1426 Schisme...

1596 1451 1611 1476 8
1626 1457 1673 1483 pp.

1966 1518 1982 1544 3
1998 1518 2065 1544 000
2081 1518 2093 1544 /
2109 1518 2125 1544 5
2141 1518 2209 1544 000
2223 1518 2242 1544 €

1595 1594 1655 1620 Soit
1667 1595 1696 1620 18
1711 1594 1805 1620 lettres
1820 1595 1879 1620 in-4
1891 1592 1957 1626 (240
1971 1601 1983 1620 x
1997 1595 2039 1619 177
2053 1592 2130 1626 mm);
2146 1601 2242 1620 maro¬

1595 1635 1666 1666 quin
1684 1638 1747 1660 vert
1764 1634 1916 1664 bouteille,
1934 1634 2018 1666 triple
2035 1634 2093 1660 filet
2110 1634 2186 1660 doré
2205 1641 2242 1660 en

1595 1674 1819 1700 encadrement
1837 1681 1886 1700 sur
1905 1674 1948 1700 les
1968 1674 2053 1707 plats.
2072 1674 2242 1700 Médaillon

1596 1714 1719 1748 losange
1736 1714 1852 1740 central.
1872 1714 1933 1740 Dos
1951 1714 1965 1740 à
1984 1714 2062 1740 nerfs
2080 1714 2243 1740 richement

1595 1754 1670 1780 orné.
1684 1754 1792 1780 Double
1801 1754 1853 1780 filet
1863 1761 1908 1780 sur
1920 1754 1957 1780 les
1969 1761 2087 1787 coupes.
2107 1754 2242 1780 Tranches

1595 1794 1719 1820 dorées.
1740 1794 1964 1820 Encadrement
1982 1794 2120 1820 intérieur
2138 1794 2242 1820 même

1596 1835 1748 1866 maroquin
1765 1834 1905 1860 rehaussé
1921 1834 1959 1860 de
1975 1834 2115 1860 dentelles
2132 1838 2159 1860 et
2173 1834 2242 1860 filets

1595 1874 1692 1900 dorés.
1706 1872 1998 1907 [Chambolle-Duru],
2034 1872 2181 1907 (250x180)

1597 1932 1683 1958 Notre
1697 1932 1870 1964 exemplaire
1885 1932 1983 1958 diffère
1997 1932 2011 1958 à
2028 1932 2049 1957 la
2065 1932 2242 1964 description

1595 1972 1634 1998 de
1651 1972 1841 1998 Tchmerzine
1859 1976 1950 2004 quant
1967 1979 2020 1997 aux
2037 1972 2123 1998 dates
2154 1972 2210 1998 des
2227 1973 2242 1997 2

1596 2011 1755 2044 premières
1770 2012 1864 2038 lettres
1879 2019 1883 2037 :
1898 2013 1930 2038 23
1945 2016 1972 2038 et
1984 2013 2020 2037 29
2028 2013 2145 2044 janvier.
2162 2012 2242 2038 Nous

1596 2051 1713 2078 n’avons
1728 2059 1780 2084 pas
1795 2052 1832 2078 de
1847 2052 1913 2078 date
1927 2052 1941 2078 à
1957 2052 1979 2078 la
1993 2052 2141 2078 troisième
2156 2052 2241 2078 lettre.

1595 2110 1798 2135 Tchemerzine
1813 2109 1969 2142 préconise
1983 2117 1987 2135 :
2001 2119 2014 2132 »
2029 2110 2040 2135 Il
2054 2110 2112 2135 faut
2125 2110 2163 2135 de
2177 2109 2241 2142 pré¬

1593 2149 1712 2175 férence
1724 2150 1895 2175 rechercher
1907 2150 1947 2175 les
1959 2150 2145 2182 exemplaires
2158 2156 2241 2175 com¬

1596 2189 1688 2222 posés
1700 2189 1715 2215 à
1729 2197 1846 2215 mesure
1858 2190 1896 2215 de
1909 2190 1967 2215 leur
1979 2191 2109 2222 parution
2122 2193 2149 2215 et
2161 2190 2243 2215 reliés

1595 2237 1663 2255 sans
1681 2230 1705 2255 le
1719 2231 1779 2255 titre
1795 2229 1908 2263 général
1926 2233 1953 2255 et
1970 2230 2009 2255 les
2025 2230 2039 2255 3
2054 2230 2080 2255 ff.
2098 2229 2242 2255 d’avertis¬

1595 2273 1718 2295 sement.

1597 2327 1627 2353 La
1642 2327 1682 2353 12°
1696 2328 1773 2353 lettre
1787 2331 1832 2353 est
1845 2328 1932 2353 suivie
1946 2327 1984 2353 de
1998 2334 2029 2353 sa
2046 2327 2212 2353 Réfutation.

1597 2385 1628 2411 La
1645 2385 1684 2410 17°
1702 2385 1780 2411 lettre
1797 2385 1836 2411 de
1853 2389 1935 2411 notre
1952 2385 2128 2417 exemplaire
2145 2389 2190 2411 est
2206 2392 2242 2411 en

1594 2425 1622 2451 2°
1635 2425 1692 2451 état
1703 2422 1740 2457 (12
1755 2423 1813 2457 pp.)

1596 2498 1803 2531 RÉFÉRENCES

1596 2547 1631 2571 En
1648 2547 1771 2578 Français
1786 2547 1855 2571 dans
1872 2547 1894 2571 le
1908 2550 1977 2571 texte
1993 2548 2035 2571 96.
2051 2547 2243 2571 Tchemerzine

1594 2587 1814 2611 V-62/63/64/65.

120 3075 149 3098 16

999 3069 1051 3089 LES
1068 3069 1284 3089 COLLECTIONS
1301 3069 1485 3089 ARISTOPHIL
