2480 3188
1595 708 1632 743 12

1594 773 1693 800 JEAN
1712 773 1758 800 DE
1773 773 1797 800 V
1822 768 2013 805 (1621-1695)

1596 836 1725 866 Contes
1742 840 1774 866 et
1789 836 1970 866 Nouvelles
1987 844 2029 866 en
2046 844 2118 866 vers

1594 904 1798 936 Amsterdam,
1815 904 1915 938 Henry
1931 904 2112 930 Desbordes
2127 904 2208 931 1685.

1594 949 1610 975 2
1624 948 1679 975 vol.
1695 949 1770 975 in-12
1783 946 1844 983 (162
1857 956 1872 975 x
1886 949 1925 975 96
1940 946 2022 982 mm),
2038 950 2198 983 maroquin

1595 994 1762 1029 aubergine
1776 993 1791 1020 à
1806 995 1887 1029 grain
1903 993 1980 1029 long,
1994 993 2067 1020 filets
2082 997 2111 1020 et

1596 1039 1723 1065 roulette
1737 1038 1752 1065 à
1765 1038 1842 1065 froid
1858 1046 1896 1065 en
1910 1039 2134 1066 encadrement

1595 1083 1796 1119 s’organisant
1809 1087 1916 1110 autour
1930 1084 1970 1110 de
1985 1085 2072 1118 petits
2087 1083 2188 1111 motifs

1595 1128 1689 1155 dorés
1705 1128 1836 1163 répétés,
1851 1129 1911 1156 dos
1925 1128 1940 1155 à
1957 1128 2038 1156 nerfs
2052 1128 2145 1155 ornés
2160 1128 2229 1155 d’un

1595 1173 1693 1200 décor
1705 1173 1785 1200 floral
1801 1173 1816 1200 à
1830 1173 1907 1200 froid
1922 1177 1951 1200 et
1964 1173 2055 1200 d’une
2070 1181 2181 1200 rosace

1595 1218 1693 1245 dorée
1707 1218 1856 1253 plusieurs
1869 1218 1927 1245 fois
1942 1218 2076 1253 répétée.
2091 1219 2242 1246 Tranches

1595 1263 1718 1291 dorées.
1734 1263 1851 1290 Gardes
1866 1267 1895 1290 et
1908 1267 2014 1291 contre
2029 1264 2140 1299 gardes
2154 1264 2194 1290 de

1593 1309 1671 1336 tabis
1687 1315 1782 1344 rouge
1796 1310 1886 1335 sertie
1901 1309 1941 1335 de
1953 1308 2027 1335 filets
2041 1312 2070 1335 et
2084 1308 2174 1335 d’une

1596 1353 1722 1380 roulette
1737 1353 1842 1380 dorée.
1857 1351 1892 1388 [P.
1909 1353 2053 1380 Bozérian
2066 1351 2187 1388 Jeune],

1595 1416 1648 1443 T.1-
1662 1416 1933 1450 Titre-frontispice
1947 1416 2043 1451 gravé,
2060 1417 2076 1443 8
2089 1416 2116 1443 ff.
2132 1420 2161 1443 et
2173 1417 2229 1443 236

1596 1469 1645 1495 pp.
1660 1461 1719 1488 T.2-
1734 1462 1752 1488 4
1764 1461 1791 1488 ff.
1807 1465 1836 1488 et
1848 1462 1898 1488 216
1914 1468 1963 1495 pp.

1964 1531 1982 1556 4
1997 1531 2065 1556 000
2080 1530 2092 1556 /
2108 1531 2125 1556 6
2141 1531 2209 1556 000
2223 1530 2242 1556 €

1597 1607 1731 1632 Première
1744 1607 1848 1632 édition
1862 1608 2007 1632 collective
2021 1607 2139 1632 illustrée

1596 1660 1720 1684 L'édition
1737 1663 1780 1684 est
1797 1660 2052 1690 particulièrement
2068 1660 2242 1684 recherchée

1596 1706 1666 1730 pour
1682 1706 1735 1724 son
1749 1700 1913 1730 frontispice
1929 1703 1955 1724 et
1970 1706 2018 1724 ses
2035 1701 2068 1724 58
2083 1700 2138 1724 très
2156 1700 2242 1724 belles

1593 1740 1702 1772 figures
1721 1739 1841 1772 gravées
1860 1740 1874 1764 à
1894 1740 2058 1764 l’eau-forte
2077 1740 2091 1764 à
2111 1741 2243 1772 mi-page

1596 1780 1645 1810 par
1664 1779 1785 1804 Romain
1804 1780 1840 1804 de
1860 1780 1996 1811 Hooghe.
2016 1780 2072 1804 Ces
2089 1780 2192 1812 figures
2210 1786 2243 1804 se

1596 1823 1770 1850 remarquent
1782 1826 1830 1851 par
1843 1820 1897 1844 leur
1911 1820 2003 1844 liberté
2016 1819 2211 1850 d’expression.

1596 1872 1667 1896 Beau
1680 1873 1762 1903 tirage
1776 1872 1826 1896 des
1840 1878 1973 1903 gravures.

1596 1924 1642 1948 Les
1653 1925 1730 1948 coins
1742 1927 1788 1948 ont
1798 1923 1841 1948 été
1853 1923 1993 1948 restaurés.
2006 1924 2044 1948 Un
2056 1924 2108 1954 plat
2119 1923 2242 1948 détaché.

1596 1995 1803 2028 RÉFÉRENCES

1595 2044 1818 2073 Tchemerzine,
1844 2042 2043 2075 V-859-860],
2072 2044 2242 2073 Landwehr,

1596 2084 1720 2115 Romeyn
1735 2084 1771 2108 de
1787 2084 1912 2116 Hooghe,
1929 2084 1956 2108 n°
1970 2085 2011 2113 62,
2028 2091 2051 2114 p.
2068 2085 2121 2108 149.
2139 2084 2242 2113 Brunet,

1596 2124 1625 2152 III,
1639 2125 1763 2148 758-759.

1596 2206 1814 2228 PROVENANCE

1596 2245 1697 2269 Robert
1711 2244 1803 2275 Fleury
1816 2242 1889 2275 (Cat.,
1904 2245 1974 2273 1997,
1990 2244 2017 2268 n°
2029 2242 2072 2275 36)
2085 2248 2111 2269 et
2125 2244 2154 2268 Ff
2166 2242 2242 2275 (Fred

1596 2282 1748 2315 Feinsilber)
1760 2288 1839 2309 vente
1853 2285 1865 2313 I,
1880 2284 1945 2309 n°50

120 3075 152 3097 22

999 3069 1051 3089 LES
1068 3069 1284 3089 COLLECTIONS
1300 3069 1485 3089 ARISTOPHIL
