2480 3188
124 140 338 185 LIVRES
363 140 666 194 ANCIENS,
696 140 1172 193 ROMANTIQUES
1200 141 1269 185 ET
1293 140 1658 185 MODERNES

120 1918 131 1952 1

122 1982 281 2009 ETIENNE
296 1982 465 2009 JODELLE
479 1977 670 2014 (1532-1573)

122 2045 180 2075 Les
197 2053 336 2075 œuvres
353 2049 385 2075 et
399 2045 599 2084 mestanges
615 2046 823 2083 poétiques...

122 2113 259 2140 Reveues
275 2112 295 2140 &
311 2112 514 2148 augmentées
529 2120 567 2140 en
582 2117 662 2140 cette
676 2112 815 2140 dernière
830 2112 951 2140 édition.
966 2113 988 2139 A
1004 2113 1091 2145 Paris,

120 2158 196 2185 chez
212 2158 325 2185 Robert
340 2158 374 2185 Le
390 2158 508 2185 Fizelier
521 2158 599 2185 1583.
616 2158 690 2184 ln-12
704 2155 762 2192 (135
777 2165 791 2184 x
804 2159 838 2185 75
853 2155 934 2191 mm).
950 2158 1079 2193 Chagrin

121 2203 189 2230 bleu
205 2203 326 2230 second
342 2204 467 2237 empire,
481 2203 565 2237 triple
578 2203 635 2230 filet
648 2210 686 2230 en
701 2203 924 2230 encadrement
937 2210 987 2230 sur
1002 2203 1044 2230 les

121 2248 205 2282 plats,
219 2248 353 2275 fleurons
368 2255 422 2275 aux
436 2248 550 2283 angles,
566 2248 625 2275 dos
640 2247 655 2275 à
671 2248 752 2275 nerfs
767 2247 850 2280 orné;
864 2247 922 2275 filet
935 2255 985 2275 sur
999 2248 1041 2275 les

120 2300 251 2327 coupes.
266 2293 417 2320 Tranches
432 2292 555 2320 dorées.
572 2293 692 2320 Double
704 2293 762 2320 filet
776 2292 941 2320 intérieure.
958 2293 1025 2320 Etui.

120 2356 148 2382 12
161 2355 188 2382 ff.
204 2359 233 2382 et
245 2356 304 2382 298
317 2355 344 2382 ff.
359 2353 427 2389 (mal
441 2355 545 2382 folioté
559 2353 626 2389 294)
639 2353 696 2390 [â12
711 2356 792 2382 a-z12
806 2356 900 2382 A-B12
914 2353 1020 2389 (811-12
1035 2353 1133 2390 blanc]

120 2418 268 2445 Seconde
283 2418 404 2445 édition.
421 2418 605 2452 Exemplaire
619 2418 757 2452 complet
770 2418 827 2445 des
842 2419 875 2445 10
890 2418 1026 2445 derniers

118 2463 246 2490 feuillets
261 2464 309 2497 qui
325 2467 495 2497 manquent
509 2463 534 2490 le
549 2463 615 2497 plus
630 2467 767 2490 souvent.

860 2533 877 2558 6
893 2533 961 2558 000
976 2532 989 2558 /
1004 2533 1020 2558 8
1036 2533 1104 2558 000
1119 2532 1138 2558 €

122 2609 251 2634 Précieux
264 2610 429 2640 exemplaire
443 2614 552 2640 portant
565 2617 610 2634 sur
624 2611 646 2634 le
658 2610 717 2634 titre
731 2610 753 2634 la
767 2610 905 2641 signature
919 2611 1090 2641 autographe
1104 2611 1138 2634 de

122 2650 230 2674 Racine.

121 2702 274 2726 Rousseurs
287 2701 362 2732 pâles
374 2702 443 2726 dans
456 2702 494 2726 les
506 2703 637 2732 premiers
647 2702 768 2726 feuillets.
782 2702 846 2726 Petit
856 2705 975 2733 grattage
986 2708 1031 2726 sur
1042 2702 1063 2726 la
1075 2702 1138 2726 date

120 2745 146 2766 et
158 2748 192 2766 en
206 2742 286 2766 haute
299 2742 334 2766 du
347 2743 411 2766 titre.

121 2826 307 2858 RÉFÉRENCE

121 2874 183 2898 Paul
202 2874 357 2903 Bonnefon,
374 2874 420 2898 «La
438 2874 630 2905 bibliothèque
647 2874 683 2898 de
700 2874 824 2903 Racine»,
842 2875 865 2898 in
883 2874 975 2898 Revue
992 2874 1138 2898 d’Histoire

121 2914 241 2938 littéraire
257 2914 293 2938 de
309 2914 330 2938 la
349 2914 458 2943 France,
475 2915 508 2938 5e
524 2914 622 2943 année,
638 2915 712 2942 1898,
730 2921 774 2945 pp.
791 2915 838 2938 169
854 2914 867 2938 à
883 2915 937 2938 219.
955 2914 1138 2945 L’exemplaire

119 2954 230 2978 Jodelle
243 2958 285 2978 est
298 2954 320 2978 le
334 2954 361 2978 n°
375 2954 412 2978 LU.

1226 1986 1256 2010 Le
1269 1989 1464 2010 recensement
1476 1986 1527 2010 des
1540 1986 1615 2010 livres
1629 1992 1744 2016 propres
1757 1986 1770 2010 à
1783 1986 1855 2010 Jean
1870 1986 1968 2010 Racine
1980 1992 1994 2010 a
2007 1986 2119 2016 occupé
2132 1986 2170 2010 les
2183 1986 2242 2016 plus

1224 2026 1323 2057 grands
1335 2029 1441 2050 savants
1453 2026 1661 2057 bibliographes,
1675 2026 1735 2050 Paul
1747 2026 1887 2055 Mesnard,
1900 2026 1923 2050 le
1933 2027 2051 2050 vicomte
2063 2026 2098 2050 de
2109 2026 2241 2057 Grouchy,

1224 2065 1353 2095 Quérard,
1365 2067 1447 2096 parmi
1460 2066 1581 2095 d'autres,
1594 2067 1636 2096 qui
1648 2069 1695 2090 ont
1703 2065 1775 2090 tenté
1786 2066 1821 2090 de
1842 2067 2016 2090 reconstituer
2027 2066 2047 2090 la
2060 2066 2243 2096 bibliothèque

1224 2106 1238 2130 à
1252 2107 1331 2136 partir
1343 2106 1394 2130 des
1408 2106 1573 2130 recherches
1586 2112 1631 2130 sur
1644 2106 1682 2130 les
1696 2107 1812 2130 minutes
1826 2106 1968 2130 notariales
1981 2103 2149 2136 (l’inventaire
2162 2105 2242 2136 après

1224 2143 1325 2176 décès),
1338 2146 1465 2170 l'examen
1476 2146 1526 2170 des
1538 2146 1711 2176 exemplaires
1723 2146 1846 2176 déposés
1858 2145 1871 2170 à
1884 2146 1904 2170 la
1917 2146 2100 2176 Bibliothèque
2112 2146 2243 2170 nationale

1225 2192 1272 2216 par
1286 2186 1384 2210 Racine
1398 2185 1541 2210 lui-même
1555 2187 1614 2216 puis
1628 2192 1675 2216 par
1688 2192 1739 2210 son
1752 2186 1789 2210 fils
1804 2186 1887 2215 Louis,
1903 2185 2000 2210 l’étude
2013 2186 2049 2210 de
2063 2186 2083 2210 la
2098 2186 2242 2210 collection

1224 2226 1341 2250 achetée
1356 2232 1403 2256 par
1419 2226 1450 2250 Le
1467 2226 1548 2250 Franc
1565 2226 1600 2250 de
1617 2226 1786 2257 Pompignan
1801 2225 1815 2250 à
1832 2226 1853 2250 la
1868 2229 1947 2250 vente
1962 2226 1998 2250 de
2015 2226 2098 2255 Louis,
2115 2226 2243 2250 rachetée

1225 2273 1272 2296 par
1288 2266 1477 2296 l’archevêque
1494 2265 1621 2290 Loménie
1637 2266 1673 2290 de
1690 2266 1802 2290 Brienne
1818 2269 1844 2290 et
1859 2266 1971 2290 donnée
1987 2265 2000 2290 à
2018 2266 2039 2290 la
2056 2265 2243 2296 bibliothèque

1224 2306 1275 2330 des
1285 2306 1401 2337 jésuites
1417 2306 1452 2330 de
1468 2306 1602 2330 Toulouse
1617 2303 1792 2337 (aujourd’hui
1809 2306 1954 2330 collection
1971 2304 2116 2336 publique),
2133 2309 2159 2330 et
2174 2306 2242 2330 enfin

1225 2346 1248 2370 le
1263 2346 1437 2377 dépouillage
1452 2346 1488 2370 de
1503 2349 1597 2370 ventes
1613 2346 1758 2376 publiques
1774 2352 1807 2370 au
1821 2346 1842 2370 fil
1859 2346 1894 2370 du
1909 2349 2009 2376 temps.
2027 2346 2056 2370 La
2074 2346 2129 2370 liste
2146 2346 2166 2370 la
2183 2346 2242 2376 plus

1224 2386 1365 2416 complète
1378 2389 1420 2410 est
1432 2387 1630 2410 certainement
1643 2386 1710 2410 celle
1724 2387 1767 2416 qui
1780 2386 1819 2410 fut
1832 2386 1948 2410 dressée
1962 2392 2009 2416 par
2023 2386 2083 2410 Paul
2100 2386 2243 2410 Bonnefon

1224 2432 1258 2450 en
1269 2426 1341 2450 1898.
1353 2425 1424 2450 C’est
1434 2426 1502 2450 dans
1515 2426 1728 2450 L’Intermédiaire
1739 2426 1789 2450 des
1801 2426 1964 2450 chercheurs
1976 2429 2001 2450 et
2011 2426 2061 2450 des
2073 2427 2178 2450 curieux
2189 2432 2243 2456 que

1226 2466 1369 2490 Bonnefon
1382 2469 1476 2490 trouve
1491 2466 1650 2490 mentionné
1665 2472 1734 2496 pour
1749 2466 1769 2490 la
1785 2465 1920 2496 première
1933 2466 1984 2490 fois
2000 2466 2177 2496 l’exemplaire
2191 2466 2242 2490 des

1224 2512 1342 2530 oeuvres
1354 2506 1390 2530 de
1400 2506 1519 2535 Jodelle,
1532 2507 1576 2536 qui
1588 2509 1682 2536 «porte
1695 2506 1715 2530 la
1728 2507 1864 2537 signature
1875 2506 1911 2530 de
1924 2506 2030 2535 Racine,
2043 2512 2088 2530 sur
2100 2506 2122 2530 le
2132 2507 2196 2535 titre,
2209 2513 2242 2530 au

1224 2546 1346 2570 dessous
1360 2546 1395 2570 de
1409 2546 1430 2570 la
1445 2552 1559 2576 marque
1572 2546 1776 2576 d’imprimeur»,
1791 2552 1855 2570 sans
1869 2549 1942 2570 autre
1956 2546 2134 2570 information.

1226 2618 1411 2650 RÉFÉRENCE

1226 2666 1322 2690 Brunet
1336 2667 1425 2690 111-549
1441 2673 1444 2690 :
1457 2666 1470 2690 «
1481 2666 1555 2690 Jolie
1568 2666 1676 2694 édition,
1690 2673 1745 2697 peu
1758 2673 1910 2690 commune
1921 2675 1941 2690 ».

1225 2748 1443 2771 PROVENANCE

1225 2787 1423 2811 Lucien-Graux
1437 2790 1515 2811 vente
1542 2787 1577 2811 du
1593 2787 1667 2811 20/21
1684 2793 1755 2811 mars
1770 2787 1843 2816 1958,
1859 2787 1887 2811 6°
1901 2788 1985 2817 partie
2001 2787 2075 2816 n°141,
2091 2790 2117 2811 et
2131 2786 2242 2811 Charles

1224 2827 1329 2851 Vander
1343 2827 1399 2851 Elst.
1415 2827 1578 2857 Exemplaire
1591 2826 1667 2858 signé
1681 2833 1728 2857 par
1742 2827 1840 2851 Racine

120 3075 148 3097 12

999 3069 1051 3089 LES
1068 3069 1284 3089 COLLECTIONS
1301 3069 1485 3089 ARISTOPHIL
