2480 3188
121 389 144 424 9

119 449 463 486 [CLAUDE-ORONCE
481 454 564 481 FINE

122 499 168 526 DE
185 494 416 531 BRIANVILLE]
430 494 624 531 (1608-1674)

121 556 265 586 Histoire
280 556 405 586 sacrée
421 564 463 586 en
479 556 648 592 tableaux,

121 614 208 636 avec
224 606 294 636 leur
308 606 510 644 explication
526 610 559 636 et
573 606 742 644 quelques

121 664 324 694 remarques
341 656 643 695 chronologiques.

122 724 209 756 Paris,
225 723 350 751 Charles
364 724 404 751 de
418 723 519 758 Sercy,
534 724 702 751 1670-1671-

120 769 197 796 1675.
212 769 227 796 3
241 769 381 796 volumes
396 769 471 796 in-12
484 766 543 803 (152
557 776 571 795 x
586 769 623 796 84
638 766 719 803 mm),

121 815 281 848 maroquin
297 814 365 841 bleu
382 815 448 846 nuit,
462 814 546 848 triple
559 814 616 841 filet
629 813 706 841 doré

120 866 158 886 en
173 859 396 886 encadrement
410 866 459 886 sur
474 859 516 886 les
532 859 616 893 plats,

120 905 276 931 armoiries
291 911 328 931 au
343 908 455 936 centre;
471 904 530 931 dos
545 903 560 931 à
576 904 657 931 nerfs

121 949 290 976 richement
303 948 378 976 orné
393 953 422 976 et
435 956 472 976 en
487 956 591 983 queue

121 994 144 1020 la
161 994 294 1020 roulette
309 993 372 1020 dite
386 1001 445 1020 «au
461 993 601 1028 dauphin
615 1004 636 1021 ».

122 1039 257 1066 Roulette
272 1046 322 1066 sur
336 1039 378 1066 les
393 1046 524 1073 coupes.
539 1039 692 1066 Tranches

120 1083 243 1111 dorées,
259 1084 411 1111 doublure
426 1085 586 1118 maroquin
602 1090 697 1119 rouge

120 1128 216 1156 ornée
231 1129 302 1156 d>un
317 1128 414 1156 décor
428 1128 442 1156 à
459 1129 482 1155 la
496 1128 615 1156 fanfare
629 1128 756 1156 dessiné

120 1181 175 1201 aux
187 1174 249 1201 fers
262 1173 423 1209 filigranés.

120 1236 206 1264 T.1-13
219 1236 246 1263 ff.
261 1237 337 1263 dont
351 1237 376 1263 le
389 1236 576 1270 frontispice,

119 1282 167 1308 213
182 1289 209 1316 p.
225 1285 254 1308 et
267 1282 284 1308 6
297 1281 324 1308 ff.

120 1344 178 1371 T.2-
193 1345 208 1371 3
221 1344 329 1371 ff.dont
343 1344 369 1371 le
381 1344 568 1378 frontispice,

119 1390 180 1416 208
196 1396 222 1423 p.
238 1393 267 1416 et
281 1390 297 1416 8
310 1389 337 1416 ff.

120 1452 178 1479 T.3-
194 1453 211 1479 6
224 1451 252 1484 f.,
266 1452 313 1479 221
330 1459 379 1486 pp.
396 1452 452 1479 mal
468 1451 609 1479 chiffrées
623 1452 673 1479 219

120 1501 149 1524 et
162 1497 177 1524 3
190 1497 217 1523 ff.

472 1566 488 1592 8
504 1566 572 1592 000
587 1566 599 1592 /
614 1566 650 1592 10
666 1566 733 1592 000
748 1566 767 1592 €

121 1644 194 1668 Deux
207 1644 382 1674 frontispices
398 1644 551 1674 identiques
565 1641 666 1674 (tomes
681 1645 689 1668 1
705 1647 731 1668 et
745 1641 768 1674 2)

120 1690 169 1708 aux
185 1690 276 1708 armes
292 1684 328 1708 du
345 1684 474 1714 dauphin,
490 1684 504 1708 3
520 1683 633 1713 en-tête,
650 1690 704 1708 une
721 1684 767 1708 let¬

118 1725 184 1748 trine
199 1727 225 1748 et
238 1724 282 1748 138
297 1725 428 1755 vignettes
444 1723 457 1748 à
474 1725 597 1755 mi-page
612 1723 705 1755 gravés
721 1730 768 1754 par

120 1764 267 1788 Sébastien
281 1764 313 1788 Le
326 1764 410 1788 Clerc.

121 1803 254 1828 Première
265 1803 371 1828 édition.
385 1804 545 1834 Exemplaire
557 1803 634 1835 réglé.
648 1804 676 1828 La
687 1804 767 1835 figure

120 1844 155 1868 de
168 1844 229 1868 Loth
242 1844 381 1868 marchant
392 1844 501 1874 indique
512 1850 547 1868 un
559 1844 720 1874 exemplaire
732 1844 767 1868 de

121 1885 237 1914 premier
248 1885 331 1915 tirage
343 1881 437 1914 (prem.
452 1885 543 1914 partie,
558 1890 582 1914 p.
595 1881 644 1914 43).

859 917 1044 950 RÉFÉRENCE

859 966 955 990 Brunet
968 966 1052 990 1-1254

859 1048 1097 1070 PROVENANCES

1274 854 1302 892 9
857 1087 901 1112 T.1.
915 1087 1188 1113 Marie-Antoinette
1202 1087 1369 1118 d’Autriche,
1394 1085 1506 1119 (Olivier

857 1127 944 1162 2529)
963 1130 1119 1162 dauphine
1138 1130 1177 1155 de
1198 1130 1311 1155 France
1331 1137 1335 1160 ;
1354 1130 1505 1155 Madame

857 1172 935 1205 Ayes
957 1172 970 1198 ?
991 1169 1090 1204 (envoi
1112 1173 1279 1198 manuscrit
1299 1172 1338 1198 de
1360 1172 1383 1198 la
1402 1172 1444 1198 fin
1465 1172 1504 1198 du

857 1214 931 1240 XVIII
936 1217 946 1228 e
967 1214 1063 1240 siècle
1085 1222 1136 1240 sur
1157 1222 1217 1240 une
1240 1215 1335 1248 garde
1357 1215 1396 1240 du
1418 1218 1505 1240 tome

859 1255 1015 1289 I).Librairie
1034 1257 1220 1288 Lardanchet,
1240 1257 1325 1288 Paris,
1343 1257 1506 1291 Catalogue

857 1299 1100 1330 48,1954,n°2649.

857 1365 901 1389 T.2.
913 1365 1023 1389 Ex-libris
1034 1365 1130 1389 Michel
1141 1365 1259 1394 Wittock,
1270 1364 1295 1389 2°
1305 1366 1391 1395 partie,
1403 1365 1505 1389 reliures

858 1407 871 1431 à
885 1407 972 1431 décor
985 1407 1047 1431 n°62

859 1485 871 1509 Il
888 1484 929 1509 fut
945 1484 1011 1509 relié
1027 1491 1089 1509 vers
1107 1485 1185 1514 1700,
1204 1485 1331 1515 quelque
1346 1488 1437 1509 trente
1454 1491 1505 1509 ans

858 1525 940 1555 après
957 1525 978 1549 la
996 1525 1163 1555 publication
1180 1525 1216 1549 de
1233 1524 1377 1556 l’ouvrage,
1394 1525 1465 1549 dans
1482 1525 1505 1549 le

858 1565 929 1596 style
946 1565 1112 1589 archaïsant
1128 1571 1163 1589 en
1181 1571 1275 1596 vogue
1292 1565 1364 1589 chez
1381 1566 1505 1589 certains

858 1605 1025 1635 bibliophiles
1036 1606 1129 1629 avertis
1140 1605 1175 1629 de
1187 1604 1320 1635 l’époque.
1333 1605 1344 1629 Il
1357 1608 1397 1629 est
1407 1605 1504 1629 enrichi

858 1644 935 1669 d’une
946 1645 1128 1675 remarquable
1139 1645 1268 1669 doublure
1277 1645 1359 1675 «plein
1370 1651 1418 1674 or»,
1430 1645 1505 1669 selon

858 1685 879 1709 la
894 1685 1083 1716 terminologie
1099 1685 1135 1709 de
1152 1685 1244 1709 Pascal
1262 1685 1465 1709 Ract-Madoux
1480 1688 1506 1709 et

859 1725 969 1749 Isabelle
983 1725 1019 1749 de
1033 1725 1170 1749 Conihout
1183 1726 1226 1755 qui
1241 1728 1289 1749 ont
1301 1725 1438 1749 consacré
1452 1731 1505 1749 une

857 1765 941 1789 étude
957 1771 1006 1789 aux
1022 1765 1203 1795 exemplaires
1219 1766 1284 1789 ainsi
1302 1765 1380 1789 reliés
1396 1765 1466 1789 dans
1484 1765 1504 1789 la

857 1805 995 1829 collection
1006 1805 1039 1829 du
1052 1805 1106 1829 Duc
1118 1804 1250 1829 d'Aumale
1261 1805 1295 1829 du
1307 1804 1401 1829 musée
1411 1804 1506 1829 Condé

858 1844 871 1869 à
886 1845 1020 1876 Chantilly.
1035 1844 1156 1869 Souvent
1169 1844 1441 1875 compartimentées,
1456 1851 1505 1869 ces

857 1885 1008 1909 doublures
1020 1888 1083 1909 sont
1094 1884 1240 1909 dessinées
1253 1891 1301 1909 aux
1314 1886 1391 1915 petits
1402 1885 1456 1909 fers
1469 1885 1504 1909 du

1594 399 1671 423 XVIle
1688 399 1782 427 siècle,
1798 398 1933 430 filigranes
1950 405 2021 429 pour
2038 399 2059 423 la
2077 399 2193 429 plupart.
2211 399 2243 423 Le

1595 438 1682 463 décor
1696 442 1738 463 est
1752 440 1781 463 ici
1797 438 1811 463 à
1827 439 1848 463 la
1862 438 1971 467 fanfare,
1987 439 2057 463 dans
2073 439 2095 463 le
2110 439 2177 470 style
2192 439 2242 463 des

1596 479 1771 509 productions
1783 479 1818 503 de
1830 478 1931 503 l’atelier
1943 479 2094 503 Florimond
2107 479 2206 508 Radier,
2219 482 2244 503 et

1595 518 1701 543 exécuté
1712 518 1724 543 à
1737 518 1807 543 l’aide
1817 519 1851 543 de
1860 519 1911 543 fers
1922 520 2035 548 anciens,
2046 520 2155 543 certains
2166 518 2242 543 d’une

1595 559 1695 590 grande
1704 559 1809 587 finesse,
1822 558 1934 583 d’autres
1946 559 2004 589 plus
2015 560 2152 590 grossiers.
2165 559 2195 583 Le
2204 558 2243 583 fer

1595 605 1629 623 en
1645 599 1734 623 volute
1750 602 1792 623 est
1807 599 1892 623 utilisé
1908 605 1978 629 pour
1994 599 2068 623 clore
2085 599 2123 623 les
2140 599 2242 630 angles.

1595 638 1673 663 Cette
1689 639 1783 663 reliure
1798 638 1866 663 offre
1882 645 1916 663 en
1932 642 2009 663 outre
2026 639 2047 663 la
2065 639 2243 669 particularité

1595 678 1677 703 d'être
1688 678 1809 703 décorée
1820 685 1854 703 en
1866 679 1928 709 pied
1940 679 1975 703 du
1987 679 2039 703 dos
2051 679 2086 703 de
2099 679 2119 703 la
2132 679 2243 703 roulette

1595 719 1646 743 dite
1657 725 1702 743 «au
1714 719 1851 749 dauphin»,
1861 719 2107 743 traditionellement
2117 718 2243 743 attribuée

1595 765 1642 783 aux
1654 759 1759 783 reliures
1772 759 1897 783 réalisées
1909 765 1977 789 pour
1988 759 2010 783 le
2021 759 2108 783 Grand
2121 759 2242 789 Dauphin

1596 798 1745 823 lui-même.
1758 798 1904 830 S’agissant
1915 800 1944 823 ici
1957 798 2019 823 d’un
2031 804 2150 830 ouvrage
2161 798 2243 823 dédié

1595 838 1608 863 à
1624 839 1663 868 lui,
1679 838 1833 863 l’utilisation
1848 839 1883 863 de
1898 839 1918 863 la
1934 839 2047 863 roulette
2062 838 2146 869 paraît
2157 842 2216 863 tout
2228 838 2242 863 à

1593 879 1637 903 fait
1648 879 1781 907 naturelle;
1795 878 1933 903 l’absence
1944 878 2110 903 d’armoiries
2122 879 2243 903 excluant

1593 918 1731 943 toutefois
1749 925 1805 943 une
1823 922 2042 949 appartenance
2060 919 2169 943 directe
2187 919 2200 943 à
2220 919 2242 943 la

1596 958 1782 989 bibliothèque
1797 959 1832 983 du
1847 959 1936 983 Grand
1953 959 2084 989 Dauphin.
2101 959 2112 983 Il
2128 962 2169 983 est
2183 959 2242 989 plus

1595 1005 1650 1029 que
1664 999 1799 1029 probable
1813 998 1913 1029 qu’une
1928 1000 2011 1029 partie
2026 999 2061 1023 de
2077 998 2191 1023 l’édition
2205 999 2244 1023 fut

1595 1038 1700 1063 confiée
1711 1045 1758 1063 aux
1769 1039 1871 1063 ateliers
1882 1039 1917 1063 de
1929 1039 1949 1063 la
1961 1039 2070 1063 Maison
2081 1039 2116 1063 du
2128 1040 2163 1063 roi
2176 1045 2244 1069 pour

1596 1079 1617 1103 la
1635 1079 1729 1103 reliure
1745 1079 1796 1103 des
1813 1079 1994 1109 exemplaires
2010 1079 2046 1103 de
2063 1078 2182 1109 présent.
2199 1079 2242 1103 On

1595 1122 1716 1143 retrouve
1728 1125 1775 1149 par
1785 1119 1887 1143 ailleurs
1899 1125 1943 1143 sur
1954 1119 1976 1143 le
1988 1119 2040 1143 dos
2053 1119 2090 1143 les
2102 1120 2178 1149 petits
2188 1118 2242 1143 fers

1595 1159 1830 1189 caractéristiques
1843 1159 1894 1183 des
1908 1159 2016 1183 reliures
2030 1162 2180 1189 provenant
2191 1159 2242 1183 des

1595 1199 1698 1223 ateliers
1710 1205 1808 1230 royaux
1819 1198 1833 1223 à
1845 1205 1893 1223 ces
1905 1199 1989 1223 dates:
2002 1205 2068 1223 ceux
2080 1199 2115 1223 de
2128 1199 2242 1223 Bernard

1596 1239 1744 1268 Bernache,
1761 1238 1824 1263 actif
1838 1239 1908 1263 dans
1924 1242 1968 1263 cet
1983 1239 2073 1263 atelier
2088 1242 2162 1263 entre
2178 1239 2244 1263 1684

1595 1282 1622 1303 et
1637 1279 1698 1307 1721,
1716 1282 1743 1303 et
1758 1285 1827 1303 ceux
1843 1279 1880 1303 de
1895 1279 2025 1309 Jacques
2042 1278 2148 1308 Chenu,
2166 1280 2210 1309 qui
2227 1285 2243 1310 y

1593 1319 1708 1343 travailla
1725 1322 1801 1343 entre
1816 1319 1883 1343 1699
1899 1322 1925 1343 et
1940 1319 2005 1343 1709
2021 1316 2086 1349 (voir
2101 1307 2242 1349 Métivier).

1596 1359 1625 1383 La
1640 1359 1732 1383 reliure
1745 1362 1824 1389 porte
1836 1359 1992 1390 également
2004 1359 2042 1383 les
2055 1360 2194 1383 armoiries
2207 1359 2243 1383 de

1594 1399 1840 1423 Marie-Antoinette
1851 1399 1991 1429 dauphine,
2001 1400 2055 1423 titre
2065 1398 2157 1429 qu’elle
2168 1402 2242 1429 porta

1595 1442 1670 1463 entre
1686 1439 1747 1463 1770
1763 1442 1790 1463 et
1804 1439 1867 1468 1774,
1885 1442 2029 1469 marquant
2044 1445 2098 1463 une
2114 1439 2243 1463 seconde

1596 1480 1764 1503 intervention
1775 1485 1818 1503 sur
1829 1478 2007 1509 l’exemplaire.
2020 1479 2065 1503 Les
2077 1479 2242 1510 hypothèses

1596 1522 1715 1549 pouvant
1726 1519 1864 1549 expliquer
1875 1525 1910 1543 un
1921 1519 1954 1543 tel
1968 1525 2100 1549 parcours
2113 1525 2182 1549 pour
2194 1525 2242 1543 ces

1594 1559 1724 1583 volumes
1742 1562 1807 1583 sont
1824 1559 2026 1588 nombreuses;
2044 1558 2149 1590 l’usage
2166 1559 2203 1583 de
2221 1559 2242 1583 la

1596 1599 1708 1623 roulette
1721 1599 1756 1623 du
1770 1599 1890 1629 dauphin
1903 1602 1929 1623 et
1941 1599 1976 1623 du
1989 1599 2028 1623 fer
2041 1598 2159 1623 d’armes
2172 1599 2207 1623 de
2221 1599 2242 1623 la

1595 1639 1744 1669 dauphine,
1762 1640 1833 1663 issus
1848 1642 1912 1663 tous
1929 1639 2000 1663 deux
2016 1639 2052 1663 du
2069 1638 2189 1663 matériel
2207 1639 2243 1663 de

1595 1679 1693 1703 dorure
1705 1679 1739 1703 de
1752 1678 1854 1703 l’atelier
1865 1679 1900 1703 de
1912 1679 1932 1703 la
1946 1678 2130 1709 Bibliothèque
2141 1679 2176 1703 du
2190 1679 2242 1708 Roi,

1596 1719 1731 1749 indiquent
1740 1719 2020 1743 vraisemblablement
2029 1725 2083 1749 que
2094 1725 2126 1743 ce
2137 1719 2243 1743 volume

1596 1765 1630 1783 ne
1644 1759 1683 1783 fut
1692 1760 1793 1789 jamais
1809 1758 1895 1787 offert,
1912 1762 1938 1783 et
1953 1759 2086 1783 demeura
2103 1759 2173 1783 dans
2189 1765 2243 1783 une

1596 1799 1787 1829 bibliothèque
1804 1798 1817 1823 à
1835 1799 1856 1823 la
1874 1805 1943 1823 cour
1958 1799 2056 1823 durant
2072 1799 2108 1823 de
2125 1799 2243 1830 longues

1595 1839 1699 1863 années
1715 1842 1792 1863 avant
1805 1838 1888 1863 d’être
1903 1839 1988 1863 choisi
2003 1845 2118 1863 comme
2133 1839 2244 1869 présent

1596 1885 1665 1909 pour
1678 1879 1698 1903 la
1713 1879 1859 1909 dauphine.

122 3000 152 3023 10

858 2090 902 2125 10

857 2155 1157 2182 JEAN-BAPTISTE
1174 2155 1381 2188 POQUELIN,

859 2200 918 2227 DIT
933 2200 1104 2227 MOLIERE
1119 2195 1310 2232 (1622-1673)

859 2263 917 2293 Les
934 2263 1133 2293 Fourberies
1150 2263 1194 2292 de
1209 2262 1346 2300 Scapin.

859 2331 946 2362 Paris,
964 2330 1061 2357 Pierre
1077 2330 1111 2357 Le
1125 2331 1277 2363 Monnier,
1293 2331 1362 2357 1671.
1379 2331 1456 2357 ln-16

857 2373 976 2409 (145x84
990 2373 1071 2409 mm).
1086 2376 1166 2402 Veau
1182 2376 1222 2402 de
1237 2375 1389 2410 l’époque,

858 2421 917 2447 dos
932 2420 947 2447 à
963 2420 1044 2447 nerfs
1059 2420 1134 2447 orné
1149 2420 1188 2447 de
1201 2420 1290 2447 fleurs
1305 2421 1345 2447 de
1360 2421 1400 2447 lis.

859 2466 996 2492 Roulette
1010 2473 1060 2492 sur
1075 2465 1117 2492 les
1131 2472 1262 2499 coupes.

857 2525 893 2562 (2)
905 2528 926 2555 ff
939 2528 1015 2555 dont
1029 2528 1054 2555 le
1066 2529 1138 2560 titre,
1153 2529 1200 2555 123
1215 2536 1274 2562 pp.,
1290 2532 1319 2555 et
1331 2529 1346 2555 2
1360 2528 1381 2555 ff
1405 2535 1483 2562 pour

859 2573 884 2600 le
899 2573 1039 2609 privilège
1053 2577 1082 2600 et
1096 2573 1232 2600 l>achevé
1246 2573 1433 2607 d>imprimer

857 2615 905 2652 [du
921 2619 951 2645 18
966 2618 1039 2645 août
1052 2615 1130 2652 1671],

1227 2688 1244 2713 6
1260 2687 1387 2713 000/8
1403 2688 1471 2713 000
1486 2687 1505 2713 €

1597 2151 1701 2182 Édition
1715 2159 1855 2189 originale.

1596 2211 1642 2235 Les
1660 2210 1818 2235 Fourberies
1834 2211 1869 2234 de
1885 2210 1984 2241 Scapin
2001 2211 2044 2241 qui
2061 2214 2205 2241 marquent
2220 2210 2243 2234 le

1596 2254 1687 2274 retour
1703 2250 1739 2274 de
1755 2250 1874 2274 Molière
1891 2250 1904 2274 à
1922 2250 1943 2274 la
1959 2250 2043 2279 farce,
2059 2250 2135 2274 firent
2152 2250 2244 2281 l’objet

1595 2290 1631 2314 de
1646 2291 1674 2314 16
1691 2290 1922 2321 représentations
1938 2297 1971 2314 au
1986 2290 2090 2314 théâtre
2105 2290 2141 2314 du
2159 2290 2243 2315 Palais

1596 2330 1680 2361 Royal
1698 2334 1776 2354 entre
1794 2331 1817 2354 le
1833 2331 1867 2354 24
1884 2331 1936 2354 mai
1955 2334 1981 2354 et
1998 2331 2021 2354 le
2038 2331 2063 2354 17
2074 2330 2161 2361 juillet
2177 2331 2242 2354 1671.

1595 2370 1776 2395 S’inscrivant
1793 2370 1879 2401 après
1898 2370 1938 2395 les
1957 2370 2241 2400 comédies-ballets,

1594 2411 1737 2435 Monsieur
1747 2410 1782 2434 de
1795 2410 2004 2442 Pourceaugnac
2016 2414 2042 2434 et
2053 2410 2083 2434 Le
2096 2410 2242 2442 Bourgeois

1595 2450 1822 2482 gentilhomme,
1848 2451 1871 2474 la
1897 2450 1984 2481 pièce
2007 2450 2050 2474 fut
2073 2457 2161 2475 assez
2186 2450 2241 2474 mal

1595 2490 1739 2515 accueillie.
1752 2491 1798 2515 Les
1811 2490 1967 2515 Fourberies
1979 2490 2038 2514 n’en
2049 2490 2181 2514 demeure
2193 2497 2242 2521 pas

1596 2531 1685 2555 moins
1698 2530 1864 2561 aujourd’hui
1879 2530 1946 2554 l’une
1959 2530 2010 2555 des
2023 2530 2118 2561 pièces
2132 2530 2170 2555 les
2183 2530 2242 2561 plus

1596 2570 1752 2601 populaires
1765 2570 1801 2594 de
1813 2570 1937 2594 Molière.

1596 2622 1638 2646 Bel
1653 2622 1816 2653 exemplaire
1829 2629 1863 2646 en
1877 2622 1969 2646 reliure
1983 2622 2018 2646 de
2032 2622 2167 2653 l’époque.

1596 2674 1699 2698 Infimes
1713 2680 1834 2704 manque
1847 2674 1861 2698 à
1876 2674 1896 2698 la
1911 2674 1990 2698 coiffe
2004 2674 2170 2704 supérieure.

1596 2746 1782 2778 RÉFÉRENCE

1594 2794 1793 2823 Tchemerzine,
1809 2794 1901 2818 IV-796
1915 2807 1925 2809 -
1939 2794 2056 2823 Guibert,
2071 2794 2083 2824 I,
2097 2795 2153 2819 325.

1596 2876 1814 2899 PROVENANCE

1596 2915 1714 2939 Ex-libris
1731 2915 1848 2939 armorié
1862 2915 1939 2939 John
1980 2915 2110 2945 Whipple
2126 2915 2162 2939 de
2179 2915 2242 2939 Fro-

1593 2955 1713 2986 thingam

120 3075 156 3098 20

999 3069 1051 3089 LES
1068 3069 1284 3089 COLLECTIONS
1300 3069 1485 3089 ARISTOPHIL
