2480 3188
1866 105 2358 178 LITTÉRATURE

1336 310 1687 355 CATALOGUE
1716 310 1836 355 N°10

1779 448 2007 496 LIVRES
2034 448 2357 506 ANCIENS,

1367 528 1874 585 ROMANTIQUES
1904 528 1942 576 &
1969 528 2358 576 MODERNES

1332 775 1378 799 Les
1400 775 1560 799 collections
1582 775 1722 805 Aristophil
1745 776 1904 799 continuent
1924 774 1937 799 à
1960 774 2080 799 décliner
2102 775 2171 799 leurs
2193 775 2360 806 catalogues,

1331 815 1418 839 riches
1443 815 1478 839 de
1503 821 1693 845 provenances
1718 816 1912 846 prestigieuses
1937 821 1941 839 :
1967 815 2073 843 Racine,
2099 815 2128 839 La
2155 815 2236 839 Reine
2259 815 2360 839 Marie-

1330 855 1482 879 Antoinette
1496 858 1522 879 et
1536 855 1556 879 la
1573 855 1716 879 Princesse
1730 855 1765 879 de
1781 855 1920 883 Lamballe,
1937 855 1959 879 le
1971 854 2135 879 formidable
2149 855 2312 885 exemplaire
2325 855 2361 879 de

1332 895 1352 919 la
1368 895 1459 919 Dixme
1474 895 1574 926 Royale
1587 895 1622 919 de
1635 895 1753 919 Vauban.

1332 975 1378 999 Les
1405 975 1504 1006 grands
1531 975 1684 1005 classiques
1712 974 1846 999 littéraires
1873 981 1877 999 :
1903 974 2027 1002 Molière,
2055 975 2191 1003 Stendhal,
2220 975 2360 1003 Rimbaud,

1332 1015 1433 1043 Balzac,
1449 1015 1534 1046 Hugo,
1549 1015 1570 1039 la
1585 1015 1690 1045 plupart
1702 1015 1817 1039 enrichis
1831 1015 1866 1039 de
1881 1015 1969 1039 lettres
1982 1021 2018 1039 ou
2032 1014 2161 1039 d’envois.

1332 1054 1491 1079 N'oublions
1508 1061 1557 1085 pas
1574 1055 1612 1079 les
1629 1055 1796 1079 illustrations
1812 1055 1847 1079 du
1865 1056 1967 1085 peintre
1983 1054 2082 1086 Oudry,
2099 1055 2137 1079 les
2154 1055 2242 1079 Roses
2258 1055 2294 1079 de
2311 1055 2360 1079 Re¬

1331 1094 1423 1123 douté,
1438 1095 1487 1119 Los
1501 1095 1647 1119 Desastres
1661 1095 1697 1119 de
1711 1095 1731 1119 la
1745 1095 1844 1119 Guerra
1858 1095 1894 1119 de
1907 1095 1991 1126 Goya.

1332 1175 1413 1199 Notre
1431 1181 1562 1205 parcours
1580 1181 1611 1199 se
1626 1176 1740 1199 termine
1757 1181 1823 1199 avec
1841 1175 1963 1199 Ronsard
1981 1178 2007 1199 et
2022 1175 2138 1199 Matisse
2156 1174 2217 1199 relié
2235 1181 2282 1205 par
2299 1175 2359 1199 Paul

1332 1215 1424 1244 Bonet,
1438 1215 1503 1239 Eloa
1515 1215 1551 1239 ou
1563 1215 1588 1239 la
1599 1221 1678 1239 sœur
1688 1215 1739 1239 des
1750 1215 1841 1246 Anges
1853 1215 1888 1239 de
1899 1215 1982 1246 Vigny
1994 1215 2063 1239 dans
2075 1221 2128 1239 une
2140 1215 2233 1239 reliure
2244 1214 2361 1239 d’André

1330 1255 1416 1279 Mare.

2350 3075 2359 3098 1
