2480 3188
1090 113 1165 139 LES
1195 113 1515 139 COLLECTIONS

1094 562 1507 601 ARISTOPHIL

1147 758 1461 804 LITTÉRATURE

727 827 891 861 LIVRES
911 827 1144 868 ANCIENS,
1168 827 1532 867 ROMANTIQUES
1554 827 1581 861 &
1601 827 1880 861 MODERNES

792 884 1118 918 MANUSCRITS
1141 884 1193 917 ET
1215 884 1417 918 LETTRES
1437 884 1813 925 AUTOGRAPHES,

889 941 947 974 DE
967 941 1235 974 MALHERBE
1255 928 1285 974 À
1305 941 1719 975 CHATEAUBRIAND

925 996 1151 1027 MERCREDI
1172 997 1208 1027 14
1228 996 1475 1027 NOVEMBRE
1494 997 1592 1034 2018,
1612 996 1679 1027 14H

988 1048 1414 1080 DROUOT-RICHELIEU
1435 1063 1447 1066 -
1468 1049 1591 1080 SALLE
1610 1050 1619 1080 1

1157 1248 1438 1283 GLOSSAIRE

619 1354 703 1377 Lettre
717 1354 890 1384 autographe
904 1352 1001 1384 signée
1014 1351 1126 1383 (L.A.S.)
1140 1360 1143 1377 :
1159 1353 1179 1377 la
1195 1353 1268 1377 lettre

617 1396 660 1417 est
676 1393 861 1417 entièrement
876 1393 961 1417 écrite
978 1400 1026 1423 par
1042 1400 1095 1417 son
1112 1394 1267 1425 signataire.

617 1433 730 1457 Celui-ci
745 1436 809 1463 peut
821 1434 910 1465 signer
922 1433 957 1457 de
970 1440 1021 1457 son
1035 1433 1159 1463 prénom,
1173 1433 1209 1457 de
1221 1439 1267 1457 ses

618 1473 726 1497 initiales
740 1480 775 1497 ou
790 1473 825 1497 de
838 1480 890 1497 son
904 1480 978 1497 nom.

619 1523 698 1549 Pièce
709 1525 877 1556 autographe
888 1523 982 1556 signée
992 1523 1101 1555 (P.A.S.)
1113 1532 1116 1548 :
1129 1525 1139 1549 il
1151 1524 1223 1556 s’agit
1233 1525 1267 1549 de

617 1565 785 1589 documents
799 1566 842 1595 qui
857 1571 891 1589 ne
904 1568 967 1589 sont
980 1571 1029 1595 pas
1043 1565 1094 1589 des
1109 1565 1205 1589 lettres.
1221 1565 1268 1589 Par

617 1605 742 1635 exemple
757 1612 760 1629 :
775 1611 829 1629 une
843 1606 1003 1634 attestation,
1018 1611 1072 1629 une
1086 1605 1268 1629 ordonnance

618 1645 760 1674 médicale,
774 1651 809 1669 un
823 1651 894 1674 reçu,
909 1648 959 1669 etc.

619 1697 701 1720 Lettre
712 1695 807 1727 signée
817 1695 892 1727 (L.S.)
904 1703 907 1721 :
919 1703 952 1721 ce
961 1700 1047 1721 terme
1058 1700 1098 1721 est
1108 1696 1189 1721 utilisé
1201 1703 1268 1727 pour

617 1736 747 1768 désigner
762 1743 816 1761 une
832 1737 906 1761 lettre
922 1737 1100 1767 simplement
1115 1736 1218 1768 signée.
1236 1737 1268 1761 Le

617 1783 700 1807 corps
715 1777 750 1801 du
763 1780 833 1801 texte
847 1780 912 1807 peut
925 1776 980 1801 être
994 1776 1217 1808 dactylographié
1231 1783 1266 1801 ou

617 1816 681 1841 écrit
694 1823 741 1847 par
753 1823 807 1841 une
820 1820 894 1841 autre
907 1823 1055 1847 personne.

619 1869 648 1892 La
662 1867 741 1899 pièce
753 1867 848 1899 signée
858 1867 936 1898 (P.S.)
946 1872 987 1893 est
997 1875 1031 1893 un
1043 1869 1194 1893 document
1204 1870 1266 1893 sim¬

618 1909 731 1939 plement
740 1908 817 1940 signé.
829 1909 859 1932 Le
868 1915 946 1939 corps
957 1909 990 1933 du
999 1912 1063 1933 texte
1074 1912 1134 1939 peut
1143 1908 1195 1933 être
1205 1909 1267 1933 dac¬

616 1948 781 1980 tylographié
793 1955 828 1973 ou
841 1948 904 1973 écrit
915 1955 961 1979 par
973 1955 1025 1973 une
1037 1952 1109 1973 autre
1122 1955 1266 1979 personne.

618 2001 676 2024 Une
692 2001 769 2024 lettre
785 2001 958 2031 autographe
973 1999 1053 2030 (L.A.)
1069 2004 1110 2024 est
1125 2007 1178 2024 une
1195 2001 1267 2024 lettre

617 2044 660 2064 est
676 2040 861 2064 entièrement
876 2040 961 2064 écrite
978 2047 1027 2071 par
1042 2047 1097 2064 une
1114 2047 1266 2071 personne,

1333 1354 1402 1377 mais
1419 1360 1474 1377 non
1490 1353 1594 1385 signée.
1613 1353 1624 1377 Il
1641 1353 1703 1377 était
1718 1353 1833 1385 d’usage
1849 1360 1882 1377 au
1898 1353 1983 1377 XVIIle

1333 1393 1416 1417 siècle
1429 1396 1504 1417 entre
1517 1399 1584 1425 gens
1598 1393 1634 1417 de
1648 1393 1668 1417 la
1683 1393 1823 1422 noblesse,
1837 1393 1872 1417 de
1886 1399 1920 1417 ne
1933 1400 1983 1424 pas

1333 1434 1418 1465 signer
1429 1433 1464 1457 les
1477 1433 1567 1462 lettres,
1580 1433 1601 1457 le
1612 1433 1775 1457 destinataire
1786 1434 1984 1457 reconnaissant

1334 1473 1465 1502 l’écriture,
1477 1474 1557 1497 savait
1567 1473 1580 1497 à
1593 1474 1635 1504 qui
1648 1473 1658 1497 il
1671 1474 1735 1497 avait
1746 1473 1839 1497 affaire.
1851 1473 1983 1497 Madame

1333 1513 1368 1537 de
1385 1513 1569 1544 Pompadour,
1585 1513 1848 1542 Marie-Antoinette,
1865 1520 1935 1544 pour
1950 1519 1983 1537 ne

1333 1554 1397 1577 citer
1407 1559 1462 1584 que
1475 1553 1512 1577 les
1525 1553 1584 1584 plus
1596 1553 1729 1582 célèbres,
1742 1556 1789 1577 ont
1800 1554 1864 1577 ainsi
1877 1553 1983 1584 envoyé

1333 1593 1383 1617 des
1398 1593 1486 1617 lettres
1500 1593 1684 1625 autographes
1699 1600 1753 1617 non
1767 1593 1884 1625 signées.

1334 1645 1389 1669 Une
1400 1643 1476 1675 pièce
1487 1645 1650 1675 autographe
1660 1643 1737 1675 (P.A.)
1747 1648 1786 1669 est
1795 1651 1829 1669 un
1839 1645 1984 1669 document

1333 1684 1507 1709 entièrement
1517 1685 1579 1709 écrit
1589 1685 1624 1709 de
1636 1685 1656 1709 la
1668 1686 1737 1709 main
1749 1684 1828 1709 d’une
1839 1691 1982 1715 personne,

1333 1726 1401 1749 mais
1414 1731 1468 1749 non
1481 1725 1564 1756 signé.
1577 1725 1616 1749 Ce
1626 1728 1713 1749 terme
1725 1725 1840 1756 désigne
1850 1725 1904 1749 très
1916 1731 1982 1749 sou¬

1332 1768 1394 1789 vent
1406 1765 1457 1789 des
1471 1765 1627 1794 brouillons,
1641 1765 1692 1789 des
1707 1766 1868 1789 manuscrits
1882 1771 1917 1789 ou
1932 1765 1983 1789 des

1333 1806 1506 1829 annotations
1519 1811 1553 1829 en
1567 1810 1660 1836 marge
1673 1804 1735 1829 d’un
1749 1805 1908 1829 document.

1334 1857 1373 1880 Un
1386 1856 1537 1887 manuscrit
1549 1860 1614 1887 peut
1625 1856 1680 1881 être
1692 1856 1871 1881 entièrement
1881 1866 1893 1878 «
1905 1860 1982 1881 auto¬

1333 1897 1432 1928 graphe
1443 1906 1454 1918 »
1465 1903 1500 1921 ou
1511 1906 1523 1918 «
1534 1897 1698 1928 autographe
1709 1896 1783 1928 signé
1793 1906 1805 1918 »
1816 1903 1850 1921 ou
1862 1897 1982 1927 dactylo¬

1333 1936 1439 1968 graphié
1449 1943 1512 1961 avec
1523 1937 1572 1961 des
1582 1946 1594 1958 «
1604 1938 1765 1961 corrections
1776 1937 1953 1968 autographes
1963 1946 1982 1961 ».

2345 3075 2360 3097 9
