2480 3188
120 1612 140 1648 3

122 1677 336 1704 DOMENICO
354 1677 533 1704 FONTANA
547 1672 743 1709 (1543-1607)

122 1740 216 1770 Délia
232 1741 501 1778 trasportatione
516 1739 750 1770 dell’obelisco
767 1741 926 1770 vaticano

121 1794 154 1820 et
168 1790 256 1820 delle
270 1790 425 1820 fabriche
440 1790 473 1820 di
488 1790 613 1820 Nostro
629 1790 772 1829 Signore
786 1798 884 1828 papa

120 1840 209 1870 Sisto
227 1840 252 1870 V
265 1840 322 1870 dal
338 1840 516 1870 Cavalière
531 1840 724 1870 Domenlœ
741 1840 904 1876 Fontana,

121 1890 299 1920 architetto
315 1890 348 1920 di
362 1898 427 1920 sua
443 1890 596 1920 Santita...

122 1958 226 1990 Roma,
243 1958 417 1985 Domenico
433 1958 518 1990 Basa,
533 1959 617 1990 1590,
633 1958 750 1985 in-folio
766 1966 769 1990 ;
784 1959 837 1985 410
852 1965 865 1985 x
879 1959 931 1985 275
947 1965 1019 1990 mm;
1034 1957 1108 1985 vélin

120 2003 160 2030 de
175 2002 328 2037 l’époque,
341 2007 442 2030 traces
457 2003 497 2030 de
512 2003 614 2030 lacets.
631 2003 809 2038 Emboitage
821 2003 892 2030 tollé
907 2003 1067 2030 moderne.

119 2063 154 2100 [1],
170 2066 211 2092 112
225 2065 252 2092 ff.
267 2066 313 2092 ch.
329 2066 384 2092 108
397 2065 424 2092 ff.
438 2063 503 2099 (109
518 2073 569 2093 car
582 2063 689 2099 66bis),
705 2069 734 2092 et
746 2067 764 2092 4
776 2065 803 2092 ff.
819 2070 848 2092 et
860 2066 876 2092 2
891 2066 1040 2099 planches
1054 2066 1130 2092 dont

120 2118 180 2137 une
195 2110 316 2145 repliée.

120 2174 128 2200 1
145 2173 293 2207 planches
309 2173 441 2200 incluses
456 2173 534 2200 dans
549 2173 572 2200 la
588 2174 761 2209 pagination
776 2173 791 2200 à
808 2173 985 2207 l’exception

120 2218 177 2245 des
191 2219 207 2245 2
221 2218 378 2245 dernières
393 2222 422 2245 et
435 2218 474 2245 du
490 2219 612 2252 portrait
626 2218 718 2252 replié
732 2225 770 2245 en
783 2218 852 2245 tête.

826 2288 862 2313 10
878 2288 946 2313 000
961 2287 973 2313 /
988 2288 1020 2313 15
1036 2288 1104 2313 000
1119 2287 1138 2314 €

121 2364 256 2389 Première
269 2364 382 2389 édition.

121 2417 191 2441 Natif
206 2417 242 2441 de
259 2417 375 2449 Lugano,
394 2417 512 2441 Fontana
529 2421 605 2448 reçut
620 2423 674 2441 une
688 2417 837 2441 formation
853 2417 889 2441 de
906 2417 1137 2441 mathématicien.

120 2457 207 2487 Après
223 2457 312 2481 divers
327 2460 434 2481 travaux
450 2457 666 2486 d’architecture,
684 2457 695 2481 il
713 2460 858 2481 rencontra
876 2457 899 2481 le
915 2457 1033 2481 cardinal
1052 2457 1139 2481 Felice

121 2497 225 2526 Peretti,
240 2497 312 2521 futur
327 2497 397 2521 Sixte
413 2497 495 2526 Quint
509 2495 686 2527 (1585-1590),
703 2497 828 2521 s’installa
845 2497 859 2521 à
877 2497 965 2521 Rome
981 2504 1014 2521 au
1031 2498 1138 2521 service

120 2537 156 2561 de
169 2543 203 2561 ce
216 2537 329 2566 dernier,
344 2538 387 2567 qui
403 2537 525 2567 l’imposa
540 2543 574 2561 en
588 2537 686 2567 qualité
700 2537 873 2561 d’architecte
887 2543 921 2561 en
935 2537 1005 2561 chef.
1021 2537 1137 2561 Fontana

120 2578 249 2607 participa
262 2578 327 2601 ainsi
340 2577 353 2601 à
366 2584 418 2601 son
431 2577 574 2601 ambitieux
587 2578 673 2608 projet
685 2584 688 2601 :
702 2578 882 2601 reconstruire
895 2577 916 2601 la
928 2577 991 2601 Ville
1003 2577 1137 2601 éternelle.

120 2617 188 2641 Sixte
199 2617 286 2646 Quint,
299 2621 378 2648 ayant
388 2617 488 2641 décidé
500 2617 535 2641 de
547 2617 677 2647 déplacer
689 2617 848 2647 l’obélisque
861 2617 911 2641 mal
924 2617 992 2641 situé
1003 2624 1036 2641 au
1049 2624 1090 2641 ras
1102 2617 1138 2641 de

121 2657 232 2681 l’abside
245 2657 280 2681 du
295 2663 420 2681 nouveau
434 2657 618 2686 Saint-Pierre,
632 2657 719 2681 confia
733 2657 747 2681 à
762 2657 886 2686 Fontana,
902 2658 973 2681 muni
988 2657 1038 2681 des
1053 2657 1138 2687 pleins

120 2698 256 2727 pouvoirs,
271 2697 292 2721 la
307 2697 458 2721 réalisation
471 2697 507 2721 de
520 2703 553 2721 ce
565 2700 625 2721 tour
638 2697 673 2721 de
685 2697 769 2721 force.

121 2737 175 2761 L’un
188 2737 239 2761 des
252 2736 432 2761 événements
446 2738 563 2768 majeurs
577 2737 612 2761 de
626 2737 647 2761 la
662 2737 749 2761 Rome
762 2737 797 2761 du
811 2738 1004 2767 cinquecento.

121 2795 155 2819 En
170 2795 239 2824 1583,
255 2815 259 2824 ,
275 2795 295 2819 la
311 2795 475 2825 publication
490 2795 525 2819 de
539 2794 652 2819 Camillo
666 2795 789 2826 Agrippa,
806 2795 833 2819 Di
848 2795 1003 2825 Trasportar
1017 2795 1037 2819 la
1052 2795 1137 2826 guglia

121 2836 144 2859 in
157 2841 188 2859 su
203 2835 223 2859 la
238 2836 327 2865 piazza
342 2835 366 2859 di
380 2841 429 2859 san
444 2835 537 2864 Pietro,
552 2835 660 2859 relance
674 2835 696 2859 le
710 2836 803 2865 projet.

121 2875 152 2899 Le
165 2875 197 2899 24
210 2874 275 2899 août
286 2875 357 2904 1585,
372 2874 440 2899 Sixte
453 2874 515 2899 créa
529 2881 582 2899 une
596 2876 778 2899 commission
792 2874 911 2906 chargée
924 2874 1091 2906 d'organiser
1103 2881 1138 2899 un

120 2921 269 2939 concours.
287 2915 404 2939 Fontana
422 2914 563 2945 l’emporta
581 2915 683 2946 malgré
700 2914 768 2939 l’avis
784 2914 961 2939 défavorable
977 2915 1013 2939 de
1028 2915 1137 2939 celle-ci

120 2956 163 2985 qui
178 2955 201 2979 le
212 2956 325 2979 trouvait
337 2955 520 2979 relativement
533 2954 751 2985 inexpérimenté.

1226 1685 1270 1708 Les
1279 1688 1379 1708 travaux
1390 1684 1551 1713 débutèrent,
1563 1688 1728 1708 notamment
1737 1684 1802 1708 celui
1813 1684 1848 1708 de
1859 1684 1879 1708 la
1889 1688 1947 1708 tour
1957 1685 1998 1715 qui
2010 1684 2093 1708 devait
2104 1688 2243 1715 permettre

1225 1724 1247 1748 le
1259 1728 1397 1755 transport
1409 1724 1444 1748 de
1459 1724 1626 1755 l’obélisque,
1640 1724 1721 1755 étape
1734 1725 1778 1755 qui
1792 1731 1959 1755 commença
1975 1724 1997 1748 le
2010 1725 2044 1748 30
2058 1724 2115 1748 avril
2129 1725 2202 1748 1586.

1226 1764 1254 1788 La
1271 1764 1359 1795 phase
1375 1764 1395 1788 la
1412 1764 1471 1795 plus
1486 1764 1609 1793 délicate,
1625 1764 1693 1788 celle
1708 1764 1743 1788 de
1759 1764 1914 1793 l'élévation,
1931 1765 2015 1795 requit
2030 1765 2088 1788 800
2104 1764 2241 1793 hommes,

1224 1805 1272 1828 140
1285 1804 1406 1828 chevaux
1419 1808 1445 1828 et
1456 1805 1493 1828 40
1505 1804 1601 1833 treuils,
1615 1804 1757 1828 travaillant
1769 1811 1801 1828 au
1816 1804 1920 1835 rythme
1934 1804 1984 1828 des
1998 1811 2066 1828 sons
2079 1804 2115 1828 de
2128 1804 2242 1828 cloches

1224 1848 1250 1868 et
1263 1844 1298 1868 de
1311 1848 1481 1875 trompettes,
1496 1844 1567 1868 alors
1581 1851 1635 1875 que
1650 1844 1671 1868 la
1684 1844 1765 1873 foule,
1781 1844 1893 1868 massée
1907 1844 2023 1868 derrière
2037 1851 2072 1868 un
2086 1844 2193 1868 cordon
2207 1844 2243 1868 de

1225 1884 1322 1915 police,
1337 1885 1425 1908 restait
1437 1884 1608 1908 silencieuse.

1225 1943 1364 1969 Gravures
1379 1943 1417 1969 de
1433 1943 1530 1969 Natale
1546 1943 1693 1969 Bonifacio
1707 1940 1874 1975 (1537-1592)
1888 1943 2002 1975 d’après
2019 1943 2058 1969 les
2074 1943 2190 1969 dessins
2205 1943 2243 1969 de

1226 1986 1358 2011 Fontana.

1226 2028 1238 2053 Il
1257 2028 1409 2060 interpréta
1427 2035 1475 2054 sur
1491 2029 1587 2054 cuivre
1604 2035 1641 2054 un
1660 2029 1777 2060 portrait
1793 2028 1831 2054 de
1849 2028 2030 2059 l’architecte,
2048 2029 2082 2054 35
2100 2028 2242 2060 planches

1225 2071 1352 2103 simples,
1367 2071 1382 2096 2
1396 2071 1523 2096 doubles
1537 2074 1565 2096 et
1578 2077 1634 2096 une
1648 2070 1801 2103 dépliante.

1226 2113 1324 2139 Douze
1336 2117 1514 2139 concernent
1526 2113 1690 2145 l'opération
1703 2120 1738 2139 en
1751 2113 1927 2144 elle-même,
1941 2113 1981 2139 les
1992 2114 2027 2138 26
2040 2117 2133 2139 autres
2146 2113 2241 2145 repré¬

1224 2159 1336 2181 sentent
1348 2156 1387 2181 les
1398 2159 1508 2181 travaux
1519 2156 1557 2181 de
1570 2156 1691 2181 Fontana
1704 2162 1776 2188 pour
1788 2155 1858 2181 Sixte
1870 2155 1955 2187 Quint
1966 2163 1970 2181 :
1984 2156 2005 2181 la
2017 2156 2080 2181 Villa
2092 2156 2242 2186 Montalto,

1225 2198 1381 2224 résidence
1398 2198 1436 2224 du
1455 2205 1533 2230 pape
1550 2205 1598 2224 sur
1616 2198 1640 2224 le
1657 2202 1740 2224 mont
1756 2198 1889 2229 Quirinal,
1909 2198 1930 2224 la
1949 2198 2083 2230 chapelle
2100 2198 2139 2224 de
2156 2198 2241 2224 Santa

1224 2241 1314 2266 Maria
1329 2241 1490 2274 Maggiore,
1507 2240 1650 2266 l’érection
1665 2241 1739 2266 dans
1754 2240 1872 2266 l’abside
1887 2241 1924 2266 de
1939 2244 2015 2266 cette
2029 2241 2162 2273 chapelle
2176 2240 2242 2266 d’un

1224 2283 1379 2315 obélisque
1395 2284 1581 2317 augustinien,
1599 2283 1621 2308 la
1637 2283 1815 2315 description
1830 2283 1868 2309 de
1884 2283 1906 2308 la
1923 2283 2088 2309 cathédrale
2103 2283 2159 2309 San
2175 2283 2241 2309 Gio¬

1224 2327 1314 2356 vanni,
1331 2329 1358 2351 et
1373 2326 1502 2351 diverses
1518 2329 1618 2358 portes
1635 2332 1768 2358 conçues
1785 2332 1858 2358 pour
1874 2326 1898 2351 le
1914 2331 2101 2359 programme
2117 2326 2155 2351 de
2171 2325 2243 2351 Sixte

1224 2368 1245 2393 V
1259 2368 1483 2394 d’urbanisation
1497 2372 1525 2394 et
1537 2368 1575 2394 de
1589 2368 1779 2394 sécurisation
1793 2368 1831 2394 de
1847 2368 1946 2394 Rome.

1224 2427 1359 2458 Quelques
1371 2427 1517 2451 mouillures
1528 2427 1617 2451 claires
1628 2427 1780 2459 marginales
1791 2434 1823 2451 en
1835 2433 1929 2459 marge,
1941 2428 2005 2451 mais
2017 2427 2070 2451 bon
2081 2427 2241 2458 exemplaire.

1224 2467 1328 2491 Cachet
1341 2467 1424 2499 gratté
1437 2474 1481 2491 sur
1495 2467 1517 2491 le
1529 2468 1592 2491 titre.

1226 2539 1411 2572 RÉFÉRENCE

1226 2588 1324 2616 Brunet,
1336 2588 1418 2616 1,1329
1429 2594 1433 2616 ;
1444 2588 1587 2616 Mortimer,
1600 2588 1665 2616 1,193
1677 2594 1680 2617 ;
1693 2588 1791 2612 Fowler
1801 2587 1819 2612 &
1832 2588 1901 2616 Baer,
1913 2588 1955 2611 124
1966 2594 1969 2616 ;
1982 2588 2083 2615 Dibner,
2096 2588 2204 2612 Heralds
2215 2587 2244 2612 of

1224 2627 1345 2656 Science,
1357 2628 1399 2652 174
1409 2625 1490 2658 (“One
1501 2627 1530 2652 of
1538 2628 1583 2652 the
1594 2627 1785 2652 mostfamous
1796 2629 1890 2652 stories
1902 2628 1925 2652 in
1936 2629 2105 2659 engineering
2117 2625 2241 2658 history”);

1224 2668 1355 2696 Ol-schki,
1370 2668 1451 2692 16955
1467 2674 1471 2696 ;
1487 2668 1633 2698 University
1647 2667 1678 2692 of
1690 2667 1718 2692 St
1731 2668 1858 2696 Thomas,
1875 2668 1994 2692 Builders
2009 2668 2061 2692 and
2078 2668 2242 2696 Humanists,

1224 2708 1278 2732 The
1294 2708 1478 2732 Renaissance
1494 2708 1566 2738 Pops
1581 2714 1610 2732 as
1626 2708 1738 2732 Patrons
1752 2707 1783 2732 of
1794 2708 1839 2732 the
1853 2708 1919 2736 Arts,
1935 2708 1960 2736 B,
1975 2708 2010 2732 96
2024 2705 2061 2738 (“It
2074 2714 2130 2732 was
2145 2714 2200 2732 one
2214 2708 2245 2732 of

1222 2748 1268 2772 the
1280 2748 1452 2772 mémorable
1464 2749 1637 2779 engineering
1648 2747 1717 2772 feats
1729 2747 1760 2772 of
1769 2751 1886 2772 western
1897 2745 2073 2778 civilization”)
2085 2754 2088 2777 ;
2102 2748 2208 2772 Kissner
2218 2745 2242 2778 (f.

1225 2785 1270 2818 H.),
1282 2788 1337 2812 The
1349 2788 1464 2812 Franklin
1477 2788 1505 2811 H.
1519 2788 1624 2812 Kissner
1635 2787 1665 2812 of
1676 2788 1765 2812 Books
1777 2794 1813 2812 on
1826 2788 1919 2816 Rome,
1933 2788 1959 2812 n°
1970 2788 2019 2817 147,
2032 2794 2101 2818 pour
2112 2794 2146 2812 un
2158 2794 2195 2812 ex.
2208 2794 2241 2812 en

1224 2827 1290 2852 vélin
1306 2828 1449 2856 moderne,
1464 2828 1517 2852 420
1532 2834 1544 2851 x
1558 2828 1613 2852 280
1629 2834 1685 2852 mm
1701 2834 1704 2855 ;
1721 2828 1841 2852 Pouillon
1855 2825 1903 2858 (F.),
1919 2828 2101 2852 Architecture
2116 2831 2142 2852 et
2156 2828 2243 2852 beaux

1225 2868 1300 2892 livres
1313 2869 1433 2896 anciens,
1448 2868 1475 2891 n°
1488 2868 1529 2897 56,
1544 2874 1613 2898 pour
1626 2874 1660 2892 un
1674 2874 1711 2892 ex.
1725 2874 1759 2892 en
1772 2867 1839 2892 vélin
1852 2868 1888 2892 du
1901 2868 1946 2892 XIX
1948 2870 1957 2880 e
1965 2867 2056 2892 siècle.

120 3075 150 3098 14

999 3069 1051 3089 LES
1068 3069 1284 3089 COLLECTIONS
1301 3069 1485 3089 ARISTOPHIL
