2480 3188
490 2394 514 2430 6

492 2460 669 2486 LORENZO
684 2460 905 2486 MAGALOTTI
921 2455 1105 2491 (1637-1712)

490 2522 593 2562 Saggi
608 2523 640 2552 di
656 2523 798 2552 noturali
813 2524 1015 2560 esperienze
1030 2522 1100 2552 fatti

491 2572 782 2602 nell’Accademia
798 2572 853 2602 del
869 2572 1049 2602 Cimento...

492 2640 612 2667 Firenze
627 2663 631 2672 ,
646 2640 726 2667 Gius.
741 2640 888 2667 Cocchini
903 2641 986 2667 1666.
1003 2640 1029 2667 In
1042 2640 1114 2667 folio

489 2682 648 2719 (345x245);
663 2686 828 2719 Maroquin
844 2692 939 2720 rouge
953 2685 968 2712 à
985 2685 1125 2712 l’éventail

490 2730 530 2757 de
545 2730 698 2764 l’époque;
713 2730 773 2757 dos
787 2730 802 2757 à
819 2730 900 2757 nerfs
915 2730 1084 2757 richement

490 2775 574 2802 orné.
591 2775 727 2802 Roulette
742 2782 792 2802 sur
806 2775 848 2802 les
863 2782 994 2809 coupes.

490 2820 640 2847 Tranches
655 2820 779 2847 dorées.

491 2884 507 2910 8
520 2883 547 2909 ff.
563 2887 592 2910 et
605 2883 726 2910 CCLXIX
741 2890 790 2917 pp.
807 2883 823 2910 8
836 2883 863 2909 ff.

829 2952 861 2978 12
877 2952 945 2978 000
960 2952 972 2978 /
987 2953 1020 2978 15
1036 2952 1103 2978 000
1118 2952 1137 2978 €

1227 2459 1335 2483 Portrait
1344 2459 1503 2490 frontispice
1514 2460 1548 2483 du
1561 2460 1642 2490 grand
1656 2460 1712 2483 Duc
1726 2459 1872 2483 Ferdinand

1226 2500 1240 2523 Il
1255 2503 1281 2523 et
1293 2500 1323 2523 72
1337 2500 1472 2529 planches
1486 2498 1499 2523 à
1515 2499 1605 2530 pleine
1619 2505 1698 2530 page.

1226 2551 1361 2575 Première
1375 2551 1475 2575 édition
1489 2551 1502 2575 à
1517 2551 1538 2575 la
1552 2551 1646 2575 bonne
1659 2551 1722 2575 date
1735 2551 1771 2575 de
1783 2552 1858 2575 1666.

1226 2591 1344 2615 Premier
1356 2591 1447 2615 cahier
1459 2591 1542 2615 bruni.
1557 2591 1620 2615 Petit
1631 2595 1690 2615 trou
1704 2591 1739 2615 de
1752 2598 1811 2615 vers
1824 2598 1873 2615 aux

1226 2638 1312 2660 mors,
1331 2632 1401 2655 mais
1419 2631 1463 2655 bel
1481 2631 1652 2662 exemplaire
1669 2638 1704 2655 en
1722 2631 1819 2655 reliure
1836 2631 1873 2655 de

1226 2673 1361 2704 l'époque.

1226 2746 1412 2778 RÉFÉRENCE

1226 2794 1322 2818 Brunet
1331 2794 1399 2818 V-29
1411 2801 1415 2818 :
1426 2794 1439 2818 «
1450 2794 1569 2818 L’édition
1581 2801 1635 2824 que
1646 2801 1716 2818 nous
1728 2794 1873 2824 indiquons

1226 2838 1266 2858 est
1276 2834 1301 2858 la
1311 2834 1370 2864 plus
1382 2841 1447 2862 rare,
1459 2838 1562 2858 surtout
1573 2840 1640 2858 avec
1651 2834 1676 2858 la
1687 2834 1752 2858 date
1762 2834 1798 2858 de
1809 2835 1817 2858 1
1819 2835 1873 2858 666

1226 2878 1251 2898 et
1261 2874 1285 2898 le
1296 2874 1370 2898 beau
1389 2875 1501 2904 portrait
1511 2874 1547 2898 du
1557 2874 1645 2906 grand
1656 2874 1710 2898 duc
1721 2874 1873 2898 Ferdinand

1226 2914 1247 2938 II.
1260 2923 1272 2936 »
1286 2914 1405 2938 Riccardi
1420 2914 1423 2938 I
1437 2915 1489 2938 407

120 3075 149 3098 18

999 3069 1051 3089 LES
1068 3069 1284 3089 COLLECTIONS
1301 3069 1485 3089 ARISTOPHIL
