2480 3188
1131 655 1197 684 LES
1214 645 1474 683 OPÉRATEURS

1148 703 1196 730 DE
1212 703 1366 731 VENTES

1168 760 1263 786 POUR
1279 760 1334 786 LES
1348 760 1587 786 COLLECTIONS

1187 807 1383 833 ARISTOPHIL

120 1108 173 1137 Qui
188 1115 405 1132 sommes-nous
420 1108 433 1132 ?

121 1149 191 1173 Dans
203 1148 225 1172 le
235 1149 315 1172 cadre
326 1149 360 1172 de
371 1149 438 1172 deux
449 1148 584 1173 décisions
595 1149 737 1179 dejustice,
750 1148 770 1172 la

120 1188 226 1213 Société
237 1189 271 1212 de
282 1189 376 1213 Ventes
387 1188 493 1220 Aguttes
505 1195 518 1212 a
530 1188 643 1212 effectué
655 1189 691 1213 les
702 1188 769 1219 opé¬

121 1229 218 1253 rations
230 1228 385 1260 logistiques
397 1229 432 1252 de
442 1228 571 1257 transfert,
582 1229 617 1257 tri,
630 1229 770 1252 inventaire

120 1272 146 1292 et
157 1269 349 1293 conservation
361 1269 412 1293 des
424 1275 536 1293 œuvres
548 1275 582 1292 en
595 1275 770 1299 provenance

120 1309 173 1333 des
190 1308 365 1333 Collections
382 1308 539 1339 Aristophil.
558 1308 611 1332 Elle
628 1315 642 1332 a
660 1309 770 1333 ensuite

120 1348 240 1379 procédé
250 1348 263 1372 à
276 1349 295 1372 la
308 1349 447 1373 restitution
458 1349 492 1372 de
502 1355 549 1373 ces
560 1355 667 1373 œuvres
678 1348 691 1372 à
704 1348 770 1373 leurs

120 1388 316 1419 propriétaires.
330 1388 380 1412 Elle
391 1395 404 1412 a
417 1388 571 1420 également
583 1388 706 1419 proposé
717 1395 770 1412 une

120 1429 303 1460 organisation
316 1432 341 1452 et
352 1435 387 1452 un
400 1428 461 1459 plan
474 1428 638 1460 stratégique
651 1435 720 1459 pour
732 1429 770 1453 les

119 1472 213 1493 ventes
227 1469 277 1493 des
291 1468 395 1493 années
409 1468 422 1492 à
436 1469 514 1492 venir.
528 1469 606 1497 Ainsi,
620 1475 673 1492 une
687 1469 770 1499 partie

120 1509 170 1533 des
182 1508 346 1533 Collections
358 1508 497 1539 Aristophil
509 1515 568 1533 sera
581 1508 724 1539 dispersée
735 1509 771 1532 de

119 1548 201 1580 façon
207 1549 347 1579 judiciaire
358 1546 445 1579 (biens
457 1555 572 1579 propres
584 1549 620 1572 de
632 1549 653 1572 la
665 1548 770 1573 société

119 1588 257 1619 Aristophil
270 1589 338 1613 mise
349 1595 383 1612 en
395 1586 562 1619 liquidation),
573 1589 660 1613 tandis
672 1588 770 1619 qu’une

120 1632 192 1652 autre
204 1629 287 1659 partie
298 1635 357 1653 sera
369 1629 476 1652 vendue
487 1629 522 1652 de
532 1628 614 1660 façon
625 1628 770 1652 volontaire

119 1666 323 1699 (propriétaires
339 1669 466 1699 uniques,
483 1675 519 1692 ou
536 1668 769 1699 copropriétaires

121 1706 229 1739 indivis).

857 1108 922 1132 OVA
939 1115 944 1132 :
962 1109 1002 1132 les
1019 1106 1192 1139 Opérateurs
1209 1109 1244 1132 de
1259 1109 1361 1132 Ventes
1379 1115 1449 1139 pour
1465 1109 1506 1132 les

856 1148 1032 1172 Collections
1046 1147 1199 1179 Aristophil

858 1189 888 1212 La
911 1189 1081 1219 dispersion
1104 1189 1158 1213 des
1181 1195 1301 1213 œuvres
1324 1189 1506 1213 indivisaires

857 1235 870 1252 a
888 1228 933 1252 été
950 1228 1061 1252 confiée
1078 1228 1092 1252 à
1110 1232 1208 1259 quatre
1225 1228 1294 1252 OVV
1312 1235 1315 1252 :
1346 1228 1505 1257 AGUTTES,

856 1268 1051 1297 ARTCURIAL,
1071 1268 1215 1292 DROUOT
1234 1268 1462 1293 ESTIMATIONS
1480 1272 1507 1292 et

856 1308 1158 1332 ADER-NORDMANN

856 1348 1000 1373 AGUTTES
1016 1352 1087 1373 reste
1102 1348 1125 1372 le
1139 1349 1333 1373 coordinateur
1347 1349 1397 1373 des
1412 1352 1506 1373 ventes

856 1389 908 1413 des
926 1389 1086 1413 indivisions
1103 1392 1130 1412 et
1145 1395 1273 1413 assurera
1291 1388 1451 1420 également
1467 1388 1506 1413 les

856 1432 946 1453 ventes
957 1429 1006 1453 des
1018 1428 1065 1453 lots
1070 1429 1220 1459 judiciaires
1231 1432 1256 1452 et
1265 1429 1314 1452 des
1326 1429 1400 1453 biens
1411 1435 1506 1459 appar¬

855 1472 947 1492 tenant
959 1468 973 1492 à
987 1469 1038 1493 des
1052 1468 1241 1499 propriétaires
1255 1469 1379 1499 uniques.

1594 1109 1626 1132 La
1645 1108 1758 1132 maison
1775 1109 1897 1139 Aguttes
1914 1112 1960 1132 est
1976 1106 2153 1139 l’opérateur
2170 1115 2243 1139 pour

1593 1152 1666 1172 cette
1680 1152 1762 1172 vente

1594 1188 1704 1212 Fondée
1720 1195 1767 1219 par
1782 1188 1886 1213 Claude
1901 1189 2020 1220 Aguttes,
2036 1189 2241 1213 commissaire-

1593 1229 1705 1259 priseur,
1724 1228 1846 1252 installée
1862 1229 1962 1259 depuis
1980 1228 2040 1259 plus
2057 1229 2093 1252 de
2108 1229 2144 1252 20
2161 1235 2211 1253 ans
2228 1228 2241 1252 à

1594 1268 1849 1299 Neuilly-sur-Seine,
1861 1269 1881 1292 la
1893 1269 1996 1293 maison
2006 1269 2111 1300 Aguttes
2122 1269 2243 1300 organise

1592 1315 1639 1333 ses
1656 1312 1752 1333 ventes
1768 1315 1814 1333 sur
1829 1309 1900 1332 deux
1916 1312 2007 1333 autres
2024 1309 2089 1333 sites
2106 1320 2120 1322 -
2138 1309 2244 1332 Drouot

1591 1346 1682 1379 (Paris)
1694 1352 1720 1372 et
1733 1349 1808 1379 Lyon.
1823 1348 1873 1372 Elle
1886 1355 1917 1373 se
1929 1348 2063 1380 distingue
2076 1348 2242 1379 aujourd’hui

1592 1395 1707 1413 comme
1720 1395 1754 1412 un
1768 1392 1860 1413 acteur
1874 1389 1976 1419 majeur
1988 1395 2033 1413 sur
2046 1389 2068 1412 le
2083 1388 2194 1413 marché
2207 1389 2243 1412 de

1593 1428 1648 1452 l’art
1663 1432 1690 1452 et
1705 1429 1757 1453 des
1774 1428 1922 1453 enchères.
1940 1428 1997 1453 Son
2015 1428 2242 1459 indépendance,

1592 1475 1644 1493 son
1657 1469 1739 1499 esprit
1750 1469 1785 1492 de
1796 1468 1894 1492 famille
1906 1468 1977 1493 resté
1989 1469 2069 1492 intact
2079 1472 2105 1492 et
2116 1475 2145 1493 sa
2158 1475 2242 1499 capa¬

1592 1508 1643 1532 cité
1659 1508 1673 1532 à
1690 1509 1821 1532 atteindre
1837 1508 2046 1540 régulièrement
2060 1509 2111 1533 des
2128 1508 2242 1533 records

1593 1549 1738 1572 nationaux
1754 1549 1823 1573 mais
1839 1549 1912 1573 aussi
1930 1549 2079 1572 mondiaux
2093 1548 2153 1572 font
2166 1552 2243 1573 toute

1592 1595 1644 1613 son
1658 1588 1810 1620 originalité.

878 2135 1158 2184 CATÉGORIE
1180 2148 1272 2183 DES
1292 2148 1484 2183 VENTES

858 2268 906 2292 Les
920 2272 1018 2292 ventes
1033 2268 1084 2292 des
1099 2267 1274 2292 Collections
1288 2267 1441 2298 Aristophil

856 2312 905 2332 ont
918 2307 1059 2338 plusieurs
1074 2314 1271 2338 provenances
1285 2312 1312 2332 et
1325 2315 1356 2332 se

857 2352 1028 2379 regroupent
1041 2348 1112 2372 dans
1127 2348 1198 2372 deux
1210 2352 1294 2378 types
1309 2348 1343 2372 de
1357 2352 1452 2372 vente:

856 2454 863 2476 1
882 2466 892 2468 -
909 2453 1010 2477 Ventes
1027 2453 1195 2477 volontaires
1212 2452 1369 2477 autorisées
1387 2459 1436 2483 par
1451 2459 1506 2477 une

857 2492 1012 2523 réquisition
1025 2493 1061 2517 du
1076 2493 1250 2523 propriétaire
1263 2499 1298 2517 ou
1313 2499 1360 2523 par
1374 2493 1396 2517 le
1409 2493 1456 2517 TGI
1471 2492 1505 2517 s’il

856 2532 933 2564 s’agit
949 2532 1032 2557 d’une
1049 2533 1202 2562 indivision;
1221 2533 1260 2557 les
1275 2533 1340 2557 frais
1357 2533 1506 2557 acheteurs

856 2576 952 2597 seront
967 2573 1004 2597 de
1020 2573 1080 2597 30%
1096 2573 1157 2597 TTC
1173 2570 1239 2603 (25%
1257 2570 1314 2603 HT).
1333 2573 1345 2597 Il
1362 2572 1439 2604 s'agit
1454 2573 1506 2597 des

857 2613 907 2637 lots
921 2619 975 2637 non
989 2612 1127 2643 précédés
1141 2619 1188 2643 par
1201 2619 1235 2637 un
1249 2614 1325 2644 signe
1339 2613 1495 2643 particulier.

856 2693 869 2717 2
884 2706 894 2708 -
908 2693 1006 2717 Ventes
1015 2693 1171 2724 judiciaires
1185 2693 1345 2717 ordonnées
1360 2699 1407 2723 par
1421 2693 1444 2717 le
1457 2693 1505 2717 Tri¬

857 2733 940 2757 bunal
958 2733 995 2757 de
1012 2733 1196 2762 Commerce;
1216 2733 1255 2757 les
1271 2733 1337 2757 frais
1354 2733 1506 2757 acheteurs

856 2776 950 2797 seront
962 2773 997 2797 de
1010 2773 1109 2801 14,40%
1121 2773 1181 2797 TTC
1194 2770 1200 2803 <
1213 2770 1323 2803 12%HT).

857 2821 982 2854 signalés
997 2829 1046 2853 par
1059 2823 1083 2847 le
1097 2822 1178 2854 signe
1193 2824 1209 2840 +
1216 2841 1221 2846 .

119 3075 135 3097 4
