2480 3188
126 125 252 179 LES
283 125 817 179 COLLECTIONS
847 125 1295 179 ARISTOPHIL

125 223 202 270 EN
233 223 580 281 QUELQUES
606 223 794 270 MOTS

121 479 297 509 Importance

120 518 190 543 C'est
200 518 361 549 aujourd’hui
374 518 393 543 la
406 518 463 549 plus
475 518 543 543 belle
553 518 693 543 collection
705 519 739 543 de
751 519 907 543 manuscrits
918 522 944 543 et
953 519 1133 550 autographes

120 565 153 583 au
171 559 278 583 monde
294 562 410 589 compte
425 562 490 583 tenu
507 559 543 583 de
561 558 581 583 la
599 558 686 583 rareté
702 562 729 583 et
744 559 796 583 des
812 559 932 590 origines
949 558 1063 583 illustres
1080 559 1132 583 des

120 605 232 623 œuvres
245 599 288 629 qui
304 598 324 623 la
338 602 515 629 composent.

610 742 732 766 Nombre

610 782 670 806 Plus
683 782 718 806 de
730 782 777 806 130
790 783 850 806 000
863 788 975 806 œuvres
988 783 1153 806 constituent
1165 782 1188 806 le
1198 782 1282 806 fonds
1294 782 1443 812 Aristophil.
1458 781 1622 806 L’ensemble

609 822 644 846 de
659 822 679 846 la
693 822 838 846 collection
852 828 865 846 a
880 822 923 846 été
934 821 989 851 trié,
1004 821 1157 851 inventorié,
1171 822 1330 851 authentifié,
1344 821 1435 846 classé
1448 825 1474 846 et
1486 822 1622 846 conservé

609 862 678 886 dans
691 862 741 886 des
754 862 910 886 conditions
922 862 1075 892 optimales,
1088 868 1122 886 en
1135 862 1203 893 ligne
1215 868 1281 886 avec
1295 862 1332 886 les
1345 868 1457 886 normes
1470 862 1506 886 de
1519 862 1539 886 la
1554 862 1621 886 BNF.

120 1034 259 1064 Supports

119 1074 161 1098 On
170 1078 261 1098 trouve
272 1074 338 1098 dans
351 1074 387 1098 les
398 1074 557 1098 Collections
568 1074 702 1105 Aristophil
714 1081 766 1098 une
777 1074 875 1106 grande
886 1074 980 1098 variété
990 1074 1132 1098 d’œuvres.

121 1114 239 1143 Dessins,
252 1115 393 1145 peintures,
406 1114 625 1146 photographies,
638 1114 832 1146 lithographies,
845 1115 1003 1138 manuscrits
1014 1115 1132 1143 anciens,

120 1154 236 1183 chartes,
253 1154 420 1183 incunables,
438 1154 512 1178 livres
528 1158 554 1178 et
570 1155 738 1183 manuscrits,
756 1155 902 1185 partitions,
919 1154 1035 1178 éditions
1052 1161 1131 1183 rares,

120 1194 216 1223 lettres,
230 1194 423 1226 autographes,
438 1194 577 1225 philatélie,
591 1194 680 1225 objets
694 1194 766 1223 d’art,
780 1194 991 1226 d'archéologie,
1005 1194 1094 1225 objets
1108 1198 1133 1218 et

120 1235 269 1262 souvenirs,
283 1234 450 1258 documents
463 1241 494 1258 se
507 1234 629 1258 côtoient
641 1238 666 1258 et
677 1234 796 1258 forment
808 1241 842 1258 un
856 1234 1001 1258 ensemble
1012 1238 1071 1258 tout
1083 1234 1096 1258 à
1111 1234 1131 1258 la

118 1274 168 1298 fois
180 1274 331 1298 hétéroclite
342 1278 367 1298 et
376 1274 505 1298 cohérent
514 1278 567 1298 tant
578 1274 588 1298 il
600 1281 699 1298 couvre
711 1274 865 1298 l’ensemble
876 1274 925 1298 des
937 1281 1051 1305 moyens
1062 1274 1131 1298 d’ex¬

120 1315 244 1344 pression
256 1314 404 1345 qu’inventa
418 1314 552 1338 l'Homme
563 1314 660 1345 depuis
673 1314 710 1338 les
722 1315 837 1346 origines
843 1314 951 1345 jusqu’à
964 1321 1014 1338 nos
1020 1315 1097 1345 jours
1110 1335 1132 1338 ....

609 1496 727 1521 Thèmes

611 1538 657 1562 Les
671 1537 836 1562 Collections
850 1538 990 1568 Aristophil
1005 1541 1136 1562 couvrent
1147 1541 1238 1562 toutes
1253 1538 1291 1562 les
1305 1537 1435 1568 périodes
1449 1538 1485 1562 de
1499 1537 1622 1562 l'histoire

610 1578 645 1602 de
657 1577 801 1608 l’Antiquité
813 1584 845 1602 au
857 1578 892 1602 XX
894 1580 903 1591 e
914 1577 1004 1602 siècle.
1016 1577 1070 1601 Afin
1082 1578 1117 1602 de
1129 1577 1264 1608 dépasser
1275 1578 1295 1602 la
1309 1577 1460 1608 répartition
1473 1584 1519 1608 par
1531 1581 1622 1602 nature

603 1618 744 1648 juridique,
756 1624 802 1648 par
811 1621 875 1648 type
886 1618 921 1642 de
932 1621 1047 1648 support
1057 1624 1092 1642 ou
1104 1624 1205 1642 encore
1217 1618 1237 1642 la
1250 1618 1324 1642 seule
1335 1618 1518 1649 chronologie,
1531 1618 1542 1642 il
1554 1624 1567 1642 a
1579 1617 1622 1642 été

610 1661 702 1682 retenu
715 1658 751 1682 de
763 1658 902 1688 disperser
913 1664 962 1682 ces
974 1658 1135 1682 collections
1147 1664 1215 1682 sous
1228 1658 1249 1682 la
1261 1657 1350 1682 forme
1362 1658 1398 1682 de
1409 1661 1503 1682 ventes
1514 1657 1621 1682 théma¬

608 1699 697 1728 tiques
709 1701 872 1728 permettant
883 1704 1021 1728 proposer
1031 1698 1082 1722 des
1094 1701 1188 1722 ventes
1200 1697 1393 1722 intéressantes
1405 1701 1431 1722 et
1443 1697 1622 1722 renouvelées

610 1739 680 1762 mois
693 1737 773 1768 après
787 1738 865 1767 mois,
879 1744 995 1768 propres
1007 1737 1021 1762 à
1034 1739 1149 1762 susciter
1161 1737 1269 1762 l’intérêt
1280 1738 1331 1762 des
1344 1738 1573 1762 collectionneurs
1586 1738 1621 1762 du

610 1778 715 1802 monde
728 1779 818 1802 entier.

121 1926 188 1956 Sept
199 1926 316 1950 familles
329 1925 516 1956 thématiques

120 3075 135 3098 6
