2480 3188
240 301 267 335 11

238 366 417 392 MADAME
435 366 480 392 DE
498 366 540 392 LA
557 366 712 392 FAYETTE

237 406 432 442 (1634-1693)

240 473 281 503 La
298 473 478 503 Princesse
493 473 538 503 de
554 473 673 503 Clèves

238 541 347 568 S.l.n.d.
362 538 574 575 [Amsterdam,
589 541 619 568 A.
634 541 795 576 Wolfgang

239 583 353 620 ?,1678].
368 587 386 613 4
398 590 502 613 tomes
517 593 554 613 en
569 587 577 613 1
592 594 608 613 v
623 587 697 613 in-12

237 628 297 665 (134
310 639 324 658 x
337 632 369 658 73
385 628 466 665 mm).
483 631 562 658 Plein
578 632 738 665 maroquin

238 677 333 703 citron
347 676 387 703 de
403 676 555 710 l'époque,
569 676 653 710 triple
665 676 723 703 filet
736 676 813 703 doré

238 728 276 748 en
291 721 515 748 encadrement
528 728 578 748 sur
592 721 634 748 les
650 721 734 755 plats,

238 766 298 793 dos
313 767 328 793 5
343 766 358 793 à
374 766 455 793 nerfs
471 766 640 793 richement
653 766 737 798 orné;

239 811 366 838 roulette
380 818 430 838 sur
445 811 487 838 les
501 818 632 845 coupes,
646 811 789 838 tranches

238 856 353 883 dorées
368 856 499 883 dentelle
514 856 679 888 intérieure,

238 901 349 936 gardes
365 901 523 928 marbrées
538 901 705 935 d’époque.

976 368 984 393 1
998 366 1016 393 f.
1032 367 1071 394 de
1084 366 1263 401 frontispice
1277 366 1365 402 gravé
1379 374 1453 394 avec
1469 367 1494 394 le
1506 368 1570 394 titre

975 422 989 436 «
1004 412 1036 439 La
1053 412 1214 439 Princesse
1228 412 1268 439 de
1282 411 1391 439 Clèves
1404 422 1426 444 »,
1441 413 1449 438 1
1463 411 1481 439 f.
1497 411 1588 439 d’avis

975 467 988 481 «
1004 457 1038 484 Le
1054 457 1167 484 libraire
1181 464 1217 484 au
1234 457 1347 484 lecteur
1359 467 1381 489 »,
1396 457 1454 484 203
1469 464 1518 491 pp.

975 499 1097 536 (parties
1113 502 1116 528 I
1133 505 1162 529 et
1176 499 1201 536 II)
1214 505 1243 529 et
1256 502 1305 528 197
1320 509 1369 536 pp.
1385 503 1393 528 1
1407 501 1425 528 f.
1442 509 1467 528 n.
1482 502 1520 529 ch

975 544 1020 581 (fin
1035 547 1074 574 du
1091 546 1232 582 Privilège
1246 546 1363 574 achevé
1378 546 1563 581 d’imprimer

977 592 1002 619 le
1017 592 1033 619 8
1049 599 1129 619 mars
1143 589 1223 625 1678)
1236 589 1358 626 (parties
1375 592 1397 618 III
1413 596 1442 619 et
1457 589 1504 626 IV).

976 655 992 681 5
1008 654 1137 681 lettrines
1152 658 1181 681 et
1193 655 1211 681 4
1225 654 1387 681 bandeaux
1401 654 1506 690 gravés
1521 654 1536 681 à
1549 654 1610 681 tête

976 700 1016 726 de
1031 699 1127 732 buffle,
1143 707 1193 726 sur
1207 699 1232 726 le
1246 699 1409 726 deuxième
1423 703 1452 726 et
1463 699 1620 726 troisième

974 744 1085 771 feuillet
1099 745 1171 771 ainsi
1186 752 1248 778 que
1262 752 1312 771 sur
1326 744 1349 771 la
1364 744 1429 771 1ère
1444 751 1524 780 page

976 790 1033 816 des
1048 791 1160 823 parties
1176 789 1198 816 III
1214 793 1243 816 et
1258 790 1292 816 IV.
1309 790 1352 816 Un
1367 789 1596 823 cul-de-lampe

976 834 991 861 à
1004 834 1065 861 tête
1080 834 1119 861 de
1134 834 1267 861 méduse
1282 842 1318 861 au
1333 842 1422 861 verso
1437 835 1476 861 du
1492 835 1611 861 dernier

974 879 1092 906 feuillet.

1345 949 1362 974 6
1378 949 1446 975 000
1461 948 1473 975 /
1489 949 1505 975 8
1521 949 1589 975 000
1603 948 1623 975 €

979 1727 1098 1758 Superbe
1108 1731 1133 1751 et
1144 1734 1197 1751 rare
1207 1727 1305 1751 édition
1317 1734 1397 1758 parue
1409 1728 1429 1751 la
1441 1726 1528 1751 même
1539 1726 1623 1751 année

978 1774 1033 1798 que
1050 1767 1210 1798 l’originale,
1228 1766 1314 1791 ornée
1330 1767 1395 1791 d’un
1406 1768 1455 1798 joli
1471 1767 1531 1791 titre
1548 1768 1622 1791 illus¬

977 1807 1024 1836 tré,
1042 1811 1123 1838 ayant
1139 1811 1291 1838 appartenu
1309 1814 1342 1831 au
1359 1808 1443 1838 grand
1461 1808 1623 1838 bibliophile

978 1847 1096 1871 Charles
1111 1846 1224 1871 Nodier.

978 1899 1017 1923 Ce
1031 1899 1192 1930 frontispice
1208 1899 1368 1930 représente
1384 1906 1419 1923 un
1435 1899 1537 1930 couple
1553 1900 1623 1924 assis

978 1946 1021 1963 sur
1032 1946 1083 1963 une
1093 1943 1207 1964 terrasse
1218 1946 1264 1970 par
1274 1939 1323 1963 des
1335 1939 1463 1963 Palustres
1475 1946 1507 1963 en
1519 1939 1623 1963 marbre

978 1979 1099 2003 derrière
1117 1979 1240 2010 lesquels
1257 1986 1294 2003 on
1311 1979 1412 2003 devine
1429 1986 1464 2003 un
1480 1979 1624 2003 troisième

979 2025 1161 2051 personnage
1178 2019 1331 2043 observant
1348 2019 1369 2043 la
1387 2019 1484 2043 scène.
1502 2019 1553 2043 Sur
1569 2026 1623 2043 une

978 2059 1130 2083 colonnette
1140 2059 1175 2083 de
1186 2059 1206 2083 la
1218 2059 1366 2083 balustrade
1376 2066 1406 2083 se
1417 2059 1510 2083 devine
1522 2059 1541 2083 la
1554 2059 1623 2083 lettre

977 2108 989 2121 «
1002 2099 1014 2123 L
1025 2108 1044 2123 ».
1057 2099 1106 2124 Sur
1116 2106 1151 2123 un
1163 2099 1303 2130 piédestal,
1315 2106 1369 2123 une
1380 2099 1480 2130 sphère
1492 2099 1624 2123 entourée

978 2139 1014 2163 de
1031 2139 1140 2163 lauriers
1157 2143 1183 2163 et
1199 2139 1362 2163 surmontée
1378 2139 1460 2163 d'une
1476 2146 1623 2163 couronne

979 2183 1057 2210 porte
1072 2179 1094 2203 le
1105 2180 1162 2203 titre
1176 2179 1205 2203 La
1221 2179 1363 2203 Princesse
1377 2179 1412 2203 de
1425 2179 1530 2203 Clèves.

980 2231 1140 2263 L’originale
1161 2231 1199 2255 de
1221 2231 1251 2255 La
1274 2231 1430 2255 Princesse
1451 2231 1488 2255 de
1509 2231 1622 2260 Clèves,

979 2271 1125 2302 imprimée
1142 2278 1191 2302 par
1206 2271 1313 2295 Claude
1331 2271 1436 2300 Larbin,
1454 2271 1528 2295 étant
1544 2272 1622 2295 raris¬

978 2312 1047 2335 sime
1058 2317 1092 2335 en
1105 2311 1196 2335 reliure
1208 2311 1355 2342 d’époque,
1368 2318 1404 2335 on
1416 2314 1480 2341 peut
1491 2311 1625 2335 aisément

978 2351 1174 2382 comprendre
1191 2351 1276 2382 qu’un
1293 2351 1380 2383 grand
1398 2351 1624 2375 collectionneur

978 2397 1087 2415 comme
1098 2391 1203 2415 Charles
1215 2391 1311 2415 Nodier
1321 2392 1352 2415 ait
1362 2391 1482 2422 possédé
1492 2398 1525 2415 un
1536 2397 1622 2415 exem¬

979 2431 1060 2462 plaire
1073 2431 1108 2455 de
1122 2434 1193 2455 cette
1207 2431 1307 2455 édition
1322 2431 1490 2455 hollandaise
1504 2437 1588 2462 parue
1602 2431 1622 2455 la

979 2471 1072 2495 même
1083 2471 1179 2495 année.
1192 2471 1274 2495 Selon
1286 2472 1401 2495 certains
1413 2471 1622 2503 bibliographes,

978 2515 1022 2535 cet
1037 2511 1201 2541 exemplaire
1217 2514 1259 2535 est
1274 2512 1337 2535 sorti
1354 2511 1405 2535 des
1422 2517 1535 2542 presses
1552 2511 1622 2535 elzé-

977 2552 1118 2575 viriennes.
1136 2551 1204 2575 Pour
1220 2551 1242 2575 le
1258 2551 1472 2575 collectionneur
1487 2554 1512 2575 et
1527 2551 1622 2575 biblio¬

978 2591 1081 2623 graphe
1093 2591 1128 2615 de
1140 2591 1217 2615 Gand
1230 2591 1341 2615 Charles
1355 2591 1454 2615 Pieters
1465 2588 1624 2621 (1782-1863)

979 2634 1161 2660 notamment,
1179 2631 1314 2662 plusieurs
1331 2631 1571 2662 caractéristiques
1588 2631 1624 2655 de

979 2671 1163 2702 l'impression,
1175 2677 1288 2695 comme
1300 2671 1322 2695 le
1334 2671 1535 2701 cul-de-lampe
1546 2671 1559 2695 à
1570 2671 1624 2695 tête

978 2711 1013 2735 de
1024 2711 1145 2735 Méduse
1157 2718 1192 2735 ou
1205 2711 1242 2735 les
1252 2711 1377 2740 fleurons,
1391 2711 1528 2742 indiquent
1539 2714 1622 2735 nette¬

979 2755 1050 2775 ment
1059 2758 1087 2775 sa
1099 2757 1265 2782 provenance
1276 2751 1449 2775 elzévirienne.
1461 2751 1622 2782 Cependant,

978 2791 1124 2822 Alphonse
1141 2791 1277 2820 Willems,
1295 2792 1339 2822 qui
1356 2791 1402 2815 fait
1418 2791 1535 2815 autorité
1552 2798 1624 2822 pour

979 2831 1121 2862 beaucoup
1132 2831 1287 2860 désormais,
1299 2831 1407 2855 dément
1417 2834 1485 2855 cette
1495 2832 1623 2855 assertion

978 2878 1011 2895 au
1026 2878 1058 2895 vu
1074 2871 1125 2895 des
1139 2871 1259 2895 fleurons
1268 2872 1426 2902 justement,
1443 2872 1486 2902 qui
1502 2871 1624 2895 diffèrent

978 2911 1054 2935 selon
1066 2911 1095 2935 lui
1107 2911 1142 2935 de
1153 2917 1219 2935 ceux
1229 2911 1371 2942 employés
1383 2918 1429 2942 par
1440 2911 1476 2935 les
1489 2911 1587 2940 Elzévir,
1599 2914 1624 2935 et

978 2951 1012 2975 du
1022 2951 1065 2975 fait
1075 2958 1128 2982 que
1138 2954 1207 2975 cette
1218 2951 1315 2975 édition
1327 2957 1359 2975 ne
1369 2951 1448 2983 figure
1458 2951 1525 2975 dans
1536 2957 1623 2975 aucun

1151 3062 1339 3089 LITTÉRATURE

1716 1726 1856 1757 catalogue
1868 1725 1958 1750 officiel
1971 1726 2021 1750 des
2034 1725 2133 1750 Elzévir.
2147 1726 2157 1749 Il
2170 1726 2280 1750 attribue
2291 1729 2361 1750 cette

1716 1765 1818 1790 édition
1834 1765 1847 1790 à
1865 1765 2038 1796 l’imprimeur
2053 1766 2191 1790 Abraham
2207 1765 2360 1797 Wolfgang,

1716 1805 1782 1830 actif
1797 1805 1810 1829 à
1827 1806 2007 1830 Amsterdam
2024 1806 2060 1830 de
2077 1806 2143 1830 1658
2161 1805 2174 1830 à
2192 1806 2256 1830 1693
2273 1809 2300 1830 et
2315 1807 2360 1836 qui

1716 1846 1882 1876 reproduisit
1897 1846 1938 1870 dix
1954 1852 2004 1870 ans
2021 1846 2082 1876 plus
2097 1846 2155 1870 tard
2172 1852 2227 1869 une
2242 1847 2361 1870 variante

1716 1886 1751 1910 de
1767 1889 1843 1910 notre
1858 1886 2028 1916 exemplaire,
2044 1892 2078 1910 en
2093 1886 2166 1910 1688.
2183 1885 2361 1910 Elzévirienne

1716 1932 1752 1950 ou
1771 1932 1836 1954 non,
1854 1929 1929 1950 cette
1945 1925 2051 1950 édition
2068 1926 2104 1950 du
2123 1926 2245 1956 premier
2261 1932 2361 1950 roman

1716 1966 1848 1990 moderne
1859 1966 1894 1990 de
1905 1966 1925 1990 la
1938 1966 2032 1997 langue
2041 1965 2179 1997 française,
2192 1965 2250 1990 n’en
2261 1969 2302 1990 est
2312 1972 2360 1996 pas

1716 2007 1804 2030 moins
1815 2006 1850 2030 de
1862 2006 1930 2030 belle
1939 2005 2047 2034 facture,
2060 2006 2127 2030 dans
2139 2012 2192 2030 une
2203 2012 2259 2030 rare
2270 2006 2361 2030 reliure

1716 2046 1751 2070 du
1763 2049 1856 2076 temps
1869 2052 1903 2070 en
1917 2047 2060 2076 maroquin
2074 2046 2166 2070 citron.

1717 2097 1813 2121 Petites
1827 2104 1924 2121 usures
1938 2097 2075 2129 d’usages.
2091 2097 2194 2121 Infimes
2207 2097 2303 2121 taches
2317 2104 2362 2121 sur

1717 2137 1754 2161 les
1768 2137 1843 2168 plats.

1717 2209 1923 2242 RÉFÉRENCES

1716 2258 1834 2282 Graesse
1850 2258 1881 2287 IV,
1896 2259 1919 2282 71
1936 2265 1939 2286 ;
1957 2258 2053 2282 Brunet
2068 2258 2098 2286 III,
2112 2258 2157 2282 743
2171 2255 2232 2288 (cité
2247 2264 2361 2282 comme

1716 2297 1813 2322 édition
1825 2295 2005 2328 elzévirienne)
2017 2304 2020 2327 ;
2032 2298 2152 2322 Willems
2164 2297 2251 2322 n°1923
2263 2304 2267 2327 ;
2278 2298 2360 2322 Tche-

1716 2338 1841 2366 merzine,
1857 2338 1886 2367 III,
1901 2338 1959 2362 839.

1717 2420 1935 2442 PROVENANCE

1717 2458 1902 2489 Bibliothèque
1913 2458 1948 2482 de
1960 2458 2069 2482 Charles
2082 2458 2182 2482 Nodier
2202 2458 2271 2482 n°791
2283 2462 2361 2482 vente

1716 2498 1751 2522 de
1762 2499 1834 2522 1844.
1846 2498 1957 2522 Charles
1971 2498 2070 2522 Pieters
2081 2496 2223 2528 (ex-libris).
2235 2499 2361 2522 Mention

1716 2539 1880 2562 manuscrite
1893 2539 2035 2567 ancienne,
2049 2538 2062 2562 à
2076 2538 2173 2562 l'encre
2187 2539 2268 2566 noire,
2282 2545 2327 2562 sur
2339 2538 2360 2562 la

1716 2578 1843 2602 dernière
1859 2578 1945 2610 garde
1962 2585 1965 2602 :
1982 2587 1994 2600 «
2011 2578 2051 2602 De
2068 2578 2089 2602 la
2106 2582 2186 2602 vente
2201 2578 2275 2602 faille
2292 2578 2361 2602 chés

1717 2618 1739 2642 le
1752 2618 1782 2642 Sr
1796 2618 1831 2642 Pe
1844 2618 1988 2642 Gaudouin
2003 2618 2103 2642 libraire
2117 2625 2150 2642 en
2163 2619 2227 2647 1727,
2242 2618 2322 2642 n°259
2334 2627 2347 2640 »

2329 3069 2364 3107 21
