1858 2885
878 156 920 194 -
950 156 971 194 8
999 178 1047 185 —

238 254 334 284 lettres
353 255 369 284 à
388 255 587 286 Jésus-Christ
598 269 605 291 ;
625 272 659 277 —
677 256 803 291 Héloïse,
825 256 844 285 3
861 254 959 285 lettres
977 256 992 284 à
1009 256 1156 293 Abailard,
1178 256 1191 285 1
1215 263 1250 285 au
1272 264 1358 293 pape,
1391 257 1403 285 1
1427 257 1443 286 à
1466 265 1518 287 son
1543 257 1616 287 amie
1627 265 1635 293 ;
1655 273 1692 279 —

238 292 361 328 Hérode,
392 295 404 323 t
432 294 514 324 lettre
545 296 561 324 à
589 295 713 332 Lazare;
733 311 770 316 —
786 293 971 331 Hippocrate,
1004 296 1020 323 7
1048 295 1145 324 lettres
1174 295 1191 324 à
1221 295 1379 332 Descippe;
1399 312 1435 316 —
1454 296 1693 333 Hugues-Capct,

240 333 250 360 1
276 332 375 366 lettre;
396 349 433 354 —
451 332 588 367 Isocrate,
614 334 651 363 78
677 334 827 370 préceptes
850 340 885 362 ou
912 335 1006 366 notes,
1036 334 1052 362 7
1083 334 1182 363 lettres
1209 334 1224 362 à
1251 334 1597 371 Kuthymènes;—Saint
1610 335 1691 370 Jean,

238 371 347 406 apôtre,
370 372 378 399 1
399 371 483 401 lettre
501 374 515 400 à
536 372 610 402 saint
629 372 741 407 Pierre;
765 388 798 392 —
818 371 924 401 Jeanne
945 373 1028 404 Darc,
1052 371 1107 401 194
1122 372 1226 409 pièces,
1244 372 1314 402 dont
1333 385 1339 402 :
1362 373 1381 401 6
1399 373 1498 403 lettres
1511 374 1527 402 à
1549 381 1603 403 son
1625 374 1694 411 père

238 411 265 438 et
283 411 297 438 à
311 417 342 437 sa
356 409 445 442 mère,
467 411 478 438 t
503 418 556 440 aux
577 411 737 447 Parisiens,
759 410 778 439 3
794 411 809 439 à
829 411 926 447 Agnès
944 410 1038 446 Sorel,
1063 411 1082 440 5
1099 419 1134 440 au
1155 413 1207 443 roi,
1234 410 1270 440 12
1291 419 1325 440 au
1345 414 1439 441 comte
1462 413 1497 441 de
1517 412 1635 446 Danois,
1655 412 1695 441 34

239 448 324 477 récits
342 448 429 478 écrits
449 455 501 484 par
518 450 614 484 Agnès
632 450 726 484 Sorel,
745 451 817 483 etc.;
838 465 874 470 —
892 449 981 478 Judas
1001 449 1146 486 Iscariote,
1166 450 1179 479 1
1207 450 1289 479 lettre
1306 451 1320 479 b
1339 450 1430 480 Marie
1461 451 1637 486 Madeleine;
1657 466 1694 471 —

238 486 370 520 Juvénal,
389 487 407 515 2
427 487 523 516 lettres
543 488 557 516 K
579 488 751 525 Pomponius
771 488 859 524 Mêla;
879 504 916 509 —
935 489 1044 518 Lazare
1059 488 1139 525 (celui
1157 488 1205 525 qui
1222 496 1237 518 a
1253 489 1298 518 été
1317 488 1495 527 ressuscité),
1510 489 1550 519 25
1565 490 1663 529 lettres
1677 489 1694 519 à

238 524 314 554 saint
333 524 439 558 Pierre,
459 526 470 554 1
501 526 583 555 lettre
601 528 617 556 a
637 527 803 562 Græcinus,
822 527 841 555 3
866 529 946 556 notes
975 527 1121 563 diverses;
1137 543 1173 548 —
1187 528 1334 558 Lentunus
1358 527 1487 564 Publias,
1520 528 1533 557 1
1563 529 1647 558 lettre
1678 529 1694 557 ir

238 562 358 598 Tibère;
378 580 416 585 —
454 564 540 593 Louis
552 564 578 594 le
592 566 683 602 Bègue
694 574 702 603 ;
719 581 756 586 —
774 565 859 595 Louis
877 565 913 594 VI
930 565 964 599 (le
981 565 1091 603 Gros);
1110 581 1147 587 —
1168 566 1246 595 Saint
1263 567 1361 597 Louis,
1377 566 1506 596 diverses
1525 567 1640 603 lettres;
1656 582 1693 587 —

239 602 319 632 Saint
337 603 405 637 Luc,
430 603 442 630 1
461 603 545 633 lettre
566 604 580 633 b
598 605 730 642 Sénèque
746 617 754 638 -,
777 620 812 624 —
830 604 947 636 Lucain,
969 604 988 633 5
1007 604 1117 640 pièces;
1134 621 1169 626 —
1189 606 1325 641 Lucrèce,
1348 605 1359 633 1
1377 605 1460 634 lettre
1478 606 1495 634 à
1517 605 1693 638 Divitiacus;

239 657 275 661 —
294 641 392 671 Sainte
417 641 585 676 Madeleine,
604 644 622 672 3
640 643 739 673 lettres
754 643 770 672 b
793 643 910 676 Lazare,
927 643 942 671 b
962 644 1036 672 saint
1054 643 1165 681 Pierre,
1183 646 1238 674 etc.
1249 652 1258 680 ;
1275 660 1311 664 —
1330 644 1485 680 Mahomet,
1512 646 1523 673 1
1552 643 1636 675 lettre
1659 652 1694 673 au

240 679 282 709 roi
307 681 343 710 de
373 680 500 716 France;
518 697 556 702 —
573 681 696 719 Mécène,
720 683 739 712 6
757 682 855 711 lettres
873 681 889 710 b
907 682 1022 717 Trogne
1043 682 1178 720 Pompée,
1211 682 1224 711 1
1254 684 1269 711 a
1294 682 1407 712 Varron
1420 691 1428 718 ;
1449 699 1485 704 —
1502 681 1646 718 Mérovée,
1682 684 1690 711 1

241 718 322 747 lettre
338 726 372 748 au
393 719 432 748 roi
453 719 504 748 des
520 719 726 757 Visigoths;—
747 720 853 752 Néron,
871 721 890 749 4
908 720 1172 758 pièces;—Ovide,
1189 721 1207 750 2
1229 720 1327 750 lettres
1351 722 1366 749 b
1389 721 1511 756 Varron,
1539 722 1554 750 b
1581 722 1697 759 Trogne

243 756 440 793 Pompée;—
468 758 548 788 Saint
568 758 648 793 Paul,
670 761 679 788 1
708 759 723 788 b
763 760 931 794 Montanus;
953 775 992 780 —
1019 759 1102 789 Saint
1143 760 1252 795 Pierre,
1288 760 1307 788 4
1339 759 1438 789 lettres
1470 761 1484 789 b
1509 761 1634 796 Lazare;
1657 776 1694 781 —

242 795 354 832 Platon,
373 796 405 826 10
425 797 543 832 lettres;
563 814 598 818 —
620 798 710 834 Pline,
723 797 760 827 28
777 798 894 832 lettres-,
913 814 950 819 —
972 798 1136 836 Plutarque,
1155 799 1174 828 2
1192 799 1359 834 lettres;—
1379 798 1497 836 Polybe,
1516 800 1527 827 1
1545 798 1648 833 lettre;
1659 815 1696 820 —

241 834 377 872 Pompée,
399 836 408 864 1
431 835 514 865 lettre
532 836 548 865 b
564 836 672 874 Caton;
693 836 955 873 —Ponce-Pilate,
986 838 994 866 1
1024 837 1105 868 lettre
1131 838 1148 866 b
1174 837 1350 871 Tibère-,—
1372 838 1481 875 Sapbo,
1510 837 1529 867 2
1555 837 1654 867 lettres
1681 838 1696 868 b

244 874 352 907 Phaon,
369 874 388 903 3
407 874 423 903 b
439 882 490 904 son
510 875 564 904 ami
583 876 701 910 Damon,
724 876 733 904 1
757 876 773 904 b
794 883 825 904 sa
845 875 900 904 mie
911 888 919 909 -,
939 890 974 896 —
992 877 1122 912 Socrate,
1142 877 1159 905 4
1176 876 1275 906 lettres
1291 877 1307 905 b
1321 875 1477 910 Alcibiade,
1499 877 1518 905 3
1543 876 1559 905 b
1582 876 1695 911 Platon,

244 913 255 941 1
275 913 290 941 b
319 912 452 948 Enclide-,
470 930 506 934 —
526 913 662 947 Suétone,
694 915 712 943 8
736 914 857 948 lettres-,
879 930 917 934 —
940 914 1050 952 Tacite,
1079 916 1098 945 5
1128 914 1247 950 lettres-,
1272 931 1310 936 —
1332 915 1449 948 Thalès,
1479 915 1497 943 8
1527 914 1639 952 pièces;
1659 932 1696 936 —

242 951 453 988 Théophraste,
470 952 501 981 11
518 952 627 986 lettres,
647 953 716 982 dont
731 954 743 982 1
766 953 782 982 b
803 952 965 989 Alcibiade;
987 954 1027 983 23
1044 954 1200 988 maximes;
1217 953 1378 988 —Tibère,
1395 953 1413 982 2
1427 954 1535 985 lettres,
1553 954 1622 984 dont
1649 956 1658 983 t
1680 956 1696 984 b

243 991 385 1020 Antonius
403 991 517 1024 Castor,
539 992 550 1019 1
572 992 586 1020 b
603 991 768 1027 Græcinus,
791 992 799 1020 1
823 992 839 1021 b
857 991 1115 1028 Ponce-Pilate;—
1134 992 1253 1030 Virgile,
1273 993 1289 1021 7
1304 993 1412 1026 lettres,
1431 992 1449 1022 6
1462 995 1555 1022 notes.

291 1028 426 1066 Toutes
442 1040 500 1066 ces
516 1030 635 1078 pièces
653 1036 735 1067 sont
756 1041 800 1067 en
820 1030 986 1078 français.
1006 1032 1128 1068 Est-ce
1147 1042 1252 1080 parce
1268 1042 1338 1079 que
1358 1031 1390 1068 le
1411 1031 1630 1068 fabricateur
1650 1043 1697 1070 ne

242 1078 467 1115 connaissait
487 1089 549 1127 pas
572 1078 711 1117 d’autre
731 1079 893 1128 langue?
916 1080 981 1117 Pas
997 1080 1043 1117 du
1068 1086 1146 1118 tout
1174 1092 1180 1116 :
1205 1080 1301 1117 C’est
1333 1091 1402 1129 que
1429 1081 1558 1118 maître
1579 1081 1696 1118 Rabe¬

245 1127 323 1169 lais,
343 1139 389 1164 un
406 1128 521 1176 grand
537 1134 701 1166 amateur
717 1128 1010 1177 d’autographes,
1027 1141 1164 1167 comme
1179 1129 1319 1167 chacun
1336 1130 1419 1171 sait,
1441 1131 1538 1167 avait
1555 1132 1694 1178 trouvé,

243 1177 333 1215 dans
353 1176 519 1227 l’abbaye
538 1178 582 1215 de
600 1178 729 1226 Tours,
751 1189 823 1216 une
840 1179 1029 1216 collection
1051 1180 1235 1228 précieuse
1259 1180 1304 1217 de
1329 1179 1560 1222 documents,
1595 1191 1696 1217 com¬

246 1228 391 1264 mencée
410 1239 473 1276 par
492 1227 632 1270 Alcuin,
657 1239 699 1265 en
717 1228 815 1265 avait
837 1227 899 1265 fait
917 1228 1005 1266 faire
1025 1229 1088 1266 des
1106 1229 1227 1278 copies
1247 1235 1283 1266 et
1301 1228 1364 1266 des
1389 1228 1628 1272 traductions,
1649 1229 1699 1267 les

245 1277 344 1314 avait
360 1276 579 1315 renfermées
603 1278 888 1325 précieusement
917 1278 1009 1316 dans
1031 1290 1095 1315 son
1126 1279 1303 1328 ermitage
1339 1278 1384 1315 de
1423 1279 1580 1328 Langey,
1614 1279 1698 1317 d’où

246 1325 332 1364 elles
349 1326 494 1364 avaient
519 1329 621 1376 passé
646 1333 748 1364 entre
771 1327 822 1364 les
846 1327 963 1365 mains
981 1328 1025 1365 de
1056 1328 1271 1365 l'intendant
1307 1327 1492 1372 Foucault,
1518 1340 1562 1365 au
1596 1339 1698 1365 com¬

249 1382 475 1414 mencement
494 1375 540 1413 du
561 1376 705 1415 dernier
723 1377 842 1415 siècle.
878 1377 940 1414 Tel
959 1383 1013 1415 est
1033 1377 1079 1415 du
1099 1377 1217 1415 moins
1234 1378 1266 1415 le
1285 1383 1392 1414 conte
1414 1377 1477 1414 fait
1497 1388 1560 1426 par
1581 1377 1698 1415 Lucas

248 1428 267 1462 à
289 1425 338 1463 M.
364 1425 524 1472 Chasles,
547 1426 605 1475 qui
628 1425 672 1464 l’a
691 1427 810 1464 révélé
835 1426 925 1464 dans
945 1428 978 1464 la
997 1428 1126 1464 séance
1147 1426 1192 1465 de
1210 1426 1427 1464 l’Académie
1449 1426 1513 1463 des
1530 1426 1699 1465 Sciences

247 1475 292 1511 du
315 1475 362 1512 13
383 1475 588 1525 septembre
603 1476 616 1525 (
630 1487 661 1512 v.
682 1481 784 1513 notre
800 1484 837 1513 n°
856 1476 938 1525 23).
964 1477 1033 1514 Des
1049 1476 1185 1525 copies,
1210 1476 1299 1513 mais
1318 1476 1380 1513 des
1398 1476 1519 1524 copies
1533 1476 1577 1514 de
1594 1477 1700 1526 quoi?

248 1524 365 1572 Voilà,
387 1536 427 1563 ce
451 1536 540 1563 nous
560 1525 708 1573 semble,
733 1537 773 1563 ce
793 1526 976 1575 qu’aurait
995 1526 1043 1563 dû
1060 1537 1098 1563 se
1118 1525 1315 1563 demander
1333 1525 1380 1563 M.
1405 1525 1566 1564 Chasles.
1623 1526 1699 1564 Une

248 1575 349 1623 copie
368 1586 522 1624 suppose
537 1587 586 1613 un
606 1575 760 1624 original
778 1588 785 1621 ;
806 1587 858 1619 or,
884 1576 912 1613 si
938 1576 1116 1625 l’original
1132 1582 1186 1613 est
1208 1574 1445 1625 chimérique,
1472 1575 1696 1624 impossible,

251 1624 284 1661 la
302 1625 404 1675 copie
427 1625 505 1662 l’est
521 1624 737 1675 également.
775 1625 866 1663 Mais
888 1624 934 1664 M.
957 1625 1107 1663 Chasles
1133 1636 1171 1662 se
1200 1625 1331 1662 flattait
1352 1624 1468 1662 même
1488 1624 1628 1662 d’avoir
1649 1625 1699 1663 les

250 1674 441 1723 originaux
458 1686 544 1712 avec
562 1676 611 1712 les
635 1675 770 1725 copies,
791 1686 852 1712 car
873 1675 895 1711 il
920 1674 988 1719 dit,
1007 1676 1097 1712 dans
1124 1674 1429 1722 l'interrogatoire
1447 1687 1455 1712 :
1491 1689 1508 1709 «
1540 1675 1700 1712 Souvent

252 1724 273 1760 il
301 1724 533 1773 m’apportait
548 1724 610 1762 des
635 1725 757 1762 lettres
776 1724 1018 1774 autographes
1040 1736 1103 1773 par
1125 1724 1329 1771 centaines;
1353 1724 1374 1760 il
1405 1735 1428 1772 y
1456 1735 1500 1761 eu
1530 1724 1628 1761 avait
1655 1724 1699 1762 de

249 1773 414 1820 doubles,
442 1774 485 1812 de
506 1774 645 1823 triples,
668 1774 711 1811 de
731 1774 970 1824 quadruples;
1004 1774 1027 1810 il
1048 1785 1103 1811 me
1125 1773 1236 1811 disait
1255 1785 1324 1822 que
1345 1773 1470 1810 c’était
1490 1773 1554 1811 des
1575 1774 1699 1821 copies

250 1822 293 1860 de
320 1824 410 1861 celle
430 1823 516 1872 qu’il
549 1835 602 1861 me
635 1824 832 1872 présentait
865 1835 953 1872 pour
985 1823 1063 1861 être
1092 1822 1287 1872 l’original.
1328 1823 1413 1860 Cela
1443 1823 1581 1860 m’était
1616 1823 1699 1862 bien

249 1873 327 1921 égal
348 1873 485 1910 d’avoir
501 1873 563 1911 des
579 1874 717 1922 copies;
739 1873 784 1911 du
805 1879 963 1910 moment
982 1884 1050 1922 que
1067 1873 1102 1922 je
1120 1873 1235 1910 tenais
1257 1872 1451 1920 l’original,
1476 1872 1497 1909 il
1516 1873 1605 1910 était
1623 1878 1699 1911 tout

250 1923 380 1971 simple
398 1922 612 1961 d’admettre
631 1923 739 1973 qu’on
763 1935 806 1961 en
825 1929 886 1960 eut
908 1922 972 1960 fait
992 1924 1053 1960 des
1072 1923 1204 1971 copies.
1230 1935 1247 1956 »

303 1972 350 2009 La
366 1972 551 2010 confiance
567 1972 611 2010 de
633 1977 679 2011 M.
703 1973 848 2010 Chasles
866 1983 904 2010 se
928 1973 1137 2022 comprend,
1157 1984 1217 2009 car
1240 1972 1272 2009 le
1287 1972 1371 2009 rusé
1392 1971 1505 2009 Lucas
1524 1972 1622 2009 avait
1644 1974 1701 2010 sé¬

251 2022 472 2060 rieusement
491 2022 623 2061 abordé
647 2023 821 2071 l’original
843 2022 985 2060 ancien.
1021 2036 1038 2057 «
1061 2022 1125 2060 Les
1142 2025 1343 2060 caractères
1359 2021 1404 2059 de
1426 2021 1619 2068 l’écriture,
1643 2022 1699 2060 dit

251 2071 283 2109 le
302 2072 547 2122 réquisitoire,
570 2078 649 2109 sont
672 2073 791 2110 imités
812 2073 1091 2120 grossièrement
1111 2071 1325 2109 d’écritures
1346 2071 1560 2109 anciennes.
1605 2072 1699 2109 Pour

253 2121 437 2171 fabriquer
457 2122 506 2159 les
527 2122 650 2160 lettres
664 2121 708 2159 de
726 2122 988 2170 Charlemagne
1007 2128 1043 2159 et
1061 2121 1105 2159 de
1124 2133 1181 2159 ses
1201 2121 1505 2171 contemporains,
1544 2120 1577 2159 le
1600 2121 1700 2159 faus¬

253 2172 359 2214 saire,
386 2177 540 2220 prenant
560 2183 649 2221 pour
677 2172 817 2209 modèle
849 2172 900 2208 les
931 2171 1109 2221 diplômes
1139 2171 1202 2209 des
1235 2170 1411 2209 huitième
1442 2176 1477 2209 et
1510 2171 1701 2209 neuvième

252 2220 393 2269 siècles,
418 2233 438 2258 a
461 2223 525 2258 lait
547 2232 656 2269 usage
676 2221 739 2259 des
758 2224 959 2258 caractères
979 2221 1141 2270 allongés
1172 2221 1233 2271 qui
1269 2226 1351 2258 sont
1373 2221 1544 2269 spéciaux
1565 2222 1585 2257 à
1606 2226 1701 2259 cette

253 2272 392 2320 époque
418 2285 447 2308 ».
505 2271 528 2308 Il
566 2270 732 2314 suffisait,
774 2276 956 2320 pourtant,
998 2282 1087 2320 pour
1119 2271 1349 2308 reconnaître
1385 2271 1419 2308 la
1451 2270 1698 2319 supercherie,

253 2319 476 2358 d’examiner
496 2332 542 2358 un
563 2333 628 2369 peu
652 2321 682 2358 le
700 2322 835 2371 papier,
859 2321 1111 2358 relativement
1132 2320 1412 2358 très-moderne.
1462 2320 1514 2356 En
1532 2331 1554 2368 y
1574 2331 1701 2368 regar¬

255 2370 341 2407 dant
361 2370 405 2407 de
426 2371 505 2418 plus
526 2373 618 2420 près,
643 2370 691 2408 M.
719 2371 866 2408 Chasles
888 2377 949 2408 eut
965 2370 1080 2408 éclaté
1095 2370 1139 2408 de
1162 2372 1243 2412 rire,
1273 2382 1317 2408 en
1337 2376 1473 2419 voyant
1494 2380 1566 2406 une
1599 2371 1703 2408 lettre

256 2420 381 2469 signée
405 2420 720 2467 Charles-Quinte
743 2426 778 2458 et
799 2432 870 2458 une
889 2420 932 2458 de
951 2420 1224 2468 Charlemagne
1244 2420 1369 2469 signée
1403 2420 1518 2456 Carlo
1544 2420 1686 2468 Magno
1692 2451 1699 2468 ,

261 2484 279 2505 «
294 2476 372 2508 tout
391 2481 529 2508 comme
541 2470 563 2507 il
579 2482 601 2519 y
615 2471 635 2508 a
653 2471 839 2508 Ludovico
862 2472 1003 2519 Magno
1018 2473 1038 2507 à
1059 2470 1090 2506 la
1108 2476 1211 2519 porte
1228 2469 1457 2508 Saint-Denis
1472 2484 1502 2512 ».
1516 2481 1707 2520 remarque

259 2519 431 2558 finement
451 2520 483 2558 le
499 2519 686 2558 défenseur
708 2520 752 2558 de
770 2521 897 2557 Lucas.

308 2575 355 2612 Le
374 2587 491 2614 gu
508 2587 594 2613 tout
610 2586 653 2612 de
673 2575 719 2612 M.
739 2575 960 2613 Chasles.—
981 2574 1158 2624 Pourquoi
1184 2574 1231 2613 M.
1255 2572 1403 2613 Charles
1422 2575 1527 2612 a-t-i
1557 2574 1707 2613 attendu
