1858 2898
898 129 1089 174 - 11 -
318 232 407 269 Mais
429 232 462 270 la
482 233 581 282 perle
599 232 642 269 de
662 237 756 270 cette
775 231 982 276 collection,
1006 233 1092 271 c’est
1113 233 1146 270 la
1179 232 1489 283 correspondance
1522 232 1720 269 A’Hudson

265 282 373 319 Lowe
379 313 386 328 ,
410 283 600 331 composée
615 282 658 319 de
674 281 721 319 32
742 282 864 319 lel
879 281 1064 320 adressées
1080 294 1124 320 au
1143 290 1261 321 comte
1277 282 1457 326 Balmain,
1472 281 1722 320 commissaire

266 331 311 369 de
340 333 371 369 la
391 332 519 369 Russie
538 334 559 369 à
576 330 866 370 Sainte-Hélcne.
881 331 1016 369 Toutes
1031 344 1090 370 ces
1107 332 1243 375 lettres,
1266 332 1354 370 d’un
1376 332 1555 382 palpitant
1571 331 1718 380 intérêt,

267 387 348 419 sont
369 381 537 419 relatives
559 384 579 419 à
594 381 627 418 la
646 380 820 431 captivité
835 381 880 418 de
896 380 1133 431 l’Empereur.
1157 382 1203 420 La
1221 382 1401 425 dernière,
1420 381 1525 420 datée
1544 381 1592 419 du
1608 381 1630 418 6
1651 383 1721 419 mai

267 430 375 474 1821,
396 436 541 469 raconte
558 431 590 468 la
618 438 707 468 mort
728 431 771 468 de
790 430 955 468 l’illustre
984 431 1202 480 prisonnier.
1229 432 1253 469 Il
1278 432 1390 470 serait
1410 434 1429 468 à
1449 431 1636 470 souhaiter
1652 443 1723 481 que

266 492 325 518 ces
350 480 562 519 documents
593 482 771 529 précieux,
803 481 914 530 qu'un
943 481 1070 519 hasard
1102 482 1281 531 singulier
1297 485 1470 520 amènent
1496 493 1540 519 en
1572 481 1721 526 France,

269 530 407 568 fussent
425 531 551 580 acquis
567 541 611 567 en
637 530 777 567 totalité
799 541 862 579 par
881 542 927 567 un
946 530 989 568 de
1012 542 1077 570 nos
1096 531 1393 570 établissements
1414 531 1566 581 publics.

447 729 841 793 LETTRES
891 729 1549 793 AUTOGRAPHES

737 872 766 895 A
797 873 945 898 PRIX
978 866 1257 902 MARQUÉS

401 975 455 1010 En
516 979 632 1010 vente
682 975 772 1009 chez
823 975 1003 1009 Gabriel
1051 976 1356 1009 GHARAVAY
1370 1002 1377 1016 ,
1426 978 1589 1020 expert,

665 1074 734 1098 rue
760 1063 1244 1106 Saint-André-des-Arts,
1270 1066 1327 1106 60,

314 1198 323 1229 1
352 1196 495 1238 Acton
514 1195 695 1239 (Joseph),
716 1196 889 1244 premier
909 1195 1091 1230 ministre
1111 1195 1157 1229 de
1179 1195 1337 1240 Naples,
1360 1196 1395 1230 le
1416 1196 1576 1230 fameux
1596 1196 1721 1230 favori

354 1239 400 1274 de
421 1240 459 1274 la
478 1239 588 1273 reine
609 1239 804 1282 Caroline,
825 1239 872 1273 né
893 1240 914 1273 à
933 1240 1148 1287 Besançon.
1170 1259 1211 1264 —
1229 1240 1274 1275 L.
1295 1251 1328 1274 a.
1350 1250 1395 1282 s.,
1417 1250 1465 1274 en
1495 1240 1681 1288 français,
1703 1241 1725 1274 à

354 1284 447 1319 MM;
467 1283 650 1326 Tilliard,
672 1283 873 1324 libraires;
894 1284 1052 1329 Naples,
1068 1276 1094 1318 °6
1113 1294 1216 1318 mars
1248 1286 1347 1322 1789,
1376 1287 1396 1319 3
1420 1294 1455 1329 p.
1484 1284 1579 1319 in-4.
1615 1285 1723 1319 Belle

353 1328 475 1373 pièce.
494 1330 594 1362 Rare.
1635 1332 1656 1364 8
1704 1342 1720 1360 »

377 1372 517 1403 Curieuse
531 1373 633 1410 épitre,
652 1372 770 1402 relative
788 1373 804 1402 k
823 1372 1023 1411 l'acquisition,
1048 1381 1119 1411 pour
1141 1373 1190 1409 lui,
1210 1372 1261 1404 des
1282 1372 1418 1403 OKuvres
1441 1374 1476 1403 de
1493 1374 1622 1404 Voltaire
1645 1378 1674 1404 et
1689 1374 1724 1404 de

349 1412 510 1442 Rousseau,
525 1414 554 1441 et
568 1412 620 1441 des
634 1412 811 1443 nouveautés
830 1412 864 1442 de
879 1412 992 1443 l'année
1016 1413 1099 1448 1788,
1122 1420 1194 1449 pour
1211 1412 1237 1441 la
1255 1412 1335 1442 reine
1348 1412 1494 1443 Caroline.

305 1452 327 1485 2
348 1450 491 1493 Adam
516 1449 632 1493 (Ad.),
659 1449 818 1484 illustre
844 1449 1123 1495 compositeur.
1149 1469 1186 1476 —
1207 1450 1247 1484 L.
1274 1460 1308 1485 a.
1336 1460 1366 1485 s.
1396 1450 1418 1484 à
1451 1450 1722 1495 Schlesinger,

354 1496 450 1537 1831,
474 1496 486 1528 1
511 1504 547 1538 p.
569 1493 665 1528 in-8.
1637 1498 1657 1529 2
1704 1508 1722 1526 »

378 1538 509 1569 Relative
528 1539 544 1568 k
562 1540 587 1568 la
603 1548 646 1569 col
656 1539 763 1569 lection
781 1538 848 1569 d'un
861 1540 896 1569 de
908 1547 956 1569 ses
972 1538 1112 1578 premiers
1125 1546 1270 1572 ouvrages
1285 1542 1312 1569 et
1325 1540 1391 1569 d'un
1410 1540 1546 1569 rondeau.

304 1578 325 1612 3
347 1578 553 1621 Adelung
571 1576 809 1622 (J.-Christ.),
831 1577 989 1612 illustre
1011 1577 1293 1623 grammairien
1313 1578 1354 1612 et
1373 1577 1602 1622 philologue
1624 1577 1722 1612 alle¬

349 1621 479 1656 mand.
500 1641 541 1646 —
561 1622 603 1656 L.
623 1632 657 1656 a.
678 1631 727 1665 s.;
748 1622 922 1676 Leipzig,
947 1624 1043 1664 1782,
1063 1624 1084 1656 3
1103 1631 1138 1665 p.
1160 1621 1258 1656 in-4.
1280 1623 1367 1656 Belle
1380 1624 1483 1666 pièce.
1636 1624 1657 1656 2
1704 1634 1720 1653 »

305 1667 324 1700 4
348 1666 543 1710 Alençon
562 1665 698 1710 (René,
719 1665 793 1700 duc
814 1666 873 1708 cl’),
894 1667 1020 1700 comte
1041 1665 1092 1700 du
1113 1666 1276 1708 Perche,
1305 1665 1521 1700 condamné
1541 1665 1563 1699 à
1583 1665 1621 1699 la
1641 1665 1720 1710 pri¬

346 1720 415 1745 son
445 1710 688 1760 perpétuelle
718 1721 809 1746 sous
840 1710 960 1745 Louis
991 1710 1045 1744 XI
1078 1720 1176 1754 pour
1207 1710 1318 1744 avoir
1345 1710 1466 1745 voulu
1498 1710 1623 1744 livrer
1651 1720 1719 1744 son

346 1754 471 1789 duché
491 1755 513 1789 à
532 1754 694 1790 Charles
714 1755 749 1789 le
771 1754 1010 1790 Téméraire.
1026 1773 1068 1779 —
1083 1757 1189 1801 Reçu
1205 1754 1295 1798 sig.,
1314 1757 1409 1796 1487,
1422 1754 1506 1788 in-4
1517 1753 1596 1789 obi.
1633 1756 1653 1788 2
1702 1766 1719 1786 »

302 1801 324 1834 5
347 1800 494 1843 Ancre
525 1798 729 1843 (Eléonore
761 1799 869 1842 Dori,
902 1798 1122 1833 maréchale
1153 1792 1214 1844 ‘d’),
1248 1799 1389 1833 femme
1428 1798 1479 1833 du
1521 1797 1719 1833 maréchal

348 1843 526 1886 d’Ancre,
547 1842 749 1888 décapitée
770 1854 918 1878 comme
939 1843 1109 1878 sorcière
1130 1854 1178 1878 en
1201 1845 1296 1878 1617.
1317 1862 1359 1868 —
1378 1843 1486 1882 Quit.
1508 1853 1577 1877 sur
1599 1842 1718 1885 vélin,

349 1888 424 1933 sig.
441 1890 688 1929 LéonoraDori;
709 1888 835 1931 Paris,
851 1887 990 1931 31(déc.
1014 1889 1110 1930 1612,
1131 1888 1222 1922 in-8.
1243 1887 1347 1922 Jolie
1362 1887 1485 1932 pièce.
1498 1890 1595 1922 Rare.
1614 1889 1654 1922 15
1702 1899 1718 1918 »

373 1934 451 1970 Reçu
472 1934 507 1963 do
525 1933 586 1964 600
605 1934 653 1964 liv.
670 1941 741 1971 pour
758 1942 805 1963 ses
820 1942 918 1971 gages,
936 1934 1003 1963 d'un
1017 1941 1064 1963 an.
1088 1934 1123 1963 de
1135 1933 1219 1963 dame
1236 1933 1253 1963 d
1266 1935 1350 1963 ateur
1371 1935 1406 1963 de
1425 1933 1450 1962 la
1470 1932 1560 1963 reine.

300 1973 321 2005 6
344 1972 591 2016 Andelarre
610 1971 746 2016 (Jules,
762 1982 884 2016 marq.
902 1971 961 2015 d’),
978 1970 1131 2006 célèbre
1146 1971 1291 2016 député
1306 1982 1355 2006 au
1370 1972 1489 2015 Corps
1505 1967 1716 2014 législatif,

346 2016 663 2060 (Haute-Saône}.
684 2035 724 2041 —
742 2016 865 2051 Billet
884 2027 918 2051 a.
940 2027 985 2057 s.,
1010 2017 1103 2058 1869,
1128 2018 1189 2059 1/2
1209 2026 1244 2060 p.
1267 2016 1362 2051 in-8.
1634 2016 1646 2047 1
1675 2014 1719 2048 50

300 2052 319 2095 7
343 2052 494 2104 Àrnal,
517 2071 569 2095 un
590 2060 657 2095 des
676 2060 898 2095 comédiens
918 2059 1089 2107 français
1115 2060 1171 2095 les
1197 2060 1285 2105 plus
1313 2058 1534 2105 spirituels.
1555 2077 1597 2083 —
1615 2057 1658 2092 L.
1680 2067 1716 2091 a.

345 2115 375 2139 s.
397 2105 419 2139 à
438 2105 610 2151 Stéphen
632 2104 678 2139 de
698 2105 736 2139 la
756 2104 992 2147 Madeleine,
1017 2107 1111 2146 1833,
1136 2107 1147 2139 1
1172 2115 1208 2149 p.
1234 2106 1296 2148 1/2
1314 2105 1410 2138 in-8.
1630 2104 1651 2136 2
1673 2104 1718 2136 50

373 2150 395 2180 11
413 2151 522 2181 décline
534 2151 686 2181 l'honneur
704 2150 794 2180 d’être
812 2151 837 2180 le
855 2150 1066 2180 collaborateur
1084 2150 1151 2180 d’uu
1168 2156 1296 2187 ouvrage
1319 2150 1511 2186 dramatique.
1538 2148 1560 2177 11
1581 2146 1715 2177 n’entend

343 2188 404 2219 rien
420 2190 491 2220 dans
503 2190 530 2219 la
549 2189 738 2228 composition
756 2189 807 2220 des
825 2189 920 2226 pièces
937 2202 944 2218 :
961 2201 973 2215 «
990 2189 1022 2219 Je
1041 2197 1077 2219 ne
1093 2189 1252 2227 m'occupe,
1272 2189 1360 2221 dit-il,
1377 2196 1432 2226 que
1448 2189 1483 2217 de
1494 2188 1535 2218 les
1546 2187 1641 2224 jouer.
1661 2198 1674 2212 »

300 2228 320 2261 8
342 2228 473 2271 Artot
493 2227 543 2271 (M
547 2228 582 2249 lle
586 2228 608 2272 ),
629 2227 784 2262 célèbre
804 2227 1022 2262 cantatrice
1042 2227 1088 2261 de
1110 2227 1274 2271 l’Opéra.
1290 2246 1331 2252 —
1351 2226 1393 2261 L.
1409 2237 1443 2261 a.
1460 2236 1489 2261 s.
1507 2226 1528 2260 à
1542 2223 1714 2269 Stéphen

343 2271 390 2306 de
411 2272 450 2306 la
467 2272 705 2314 Madeleine,
724 2274 745 2306 2
765 2282 799 2317 p.
822 2272 917 2306 in-8.
1628 2271 1642 2303 1
1670 2270 1714 2303 50

375 2317 441 2347 Bien
460 2317 566 2355 qu'elle
580 2317 663 2347 doive
676 2317 760 2355 jouer
775 2315 847 2347 dans
864 2315 891 2346 le
912 2315 1078 2355 Prophète,
1099 2316 1152 2346 elle
1174 2319 1293 2346 consent
1316 2316 1331 2345 k
1350 2316 1469 2346 chanter
1490 2316 1562 2345 dans
1583 2321 1620 2344 un
1645 2321 1714 2344 con¬

345 2358 416 2390 cert,
431 2356 501 2387 dont
518 2356 572 2386 elle
589 2357 683 2386 donne
696 2356 721 2386 le
737 2363 932 2393 programme.

299 2395 320 2428 9
343 2394 504 2436 Auber,
525 2394 684 2429 illustre
710 2393 990 2439 compositeur,
1016 2396 1161 2428 auteur
1187 2392 1233 2428 de
1259 2394 1292 2427 la
1319 2395 1449 2427 Muette.
1470 2412 1512 2417 —
1530 2393 1573 2429 L.
1601 2404 1635 2429 a.
1666 2404 1711 2436 s.,

346 2440 442 2480 1832,
465 2440 477 2472 1
502 2449 537 2483 p.
560 2438 675 2473 in-18.
1628 2441 1640 2472 1
1668 2440 1712 2474 50

282 2484 320 2517 10
343 2483 507 2526 Barère
532 2482 770 2527 (Bertrand),
800 2482 953 2517 célèbre
973 2481 1294 2517 conventionnel.
1313 2500 1355 2507 —
1374 2481 1416 2516 L.
1444 2492 1478 2516 a.
1505 2492 1534 2516 s.
1564 2492 1612 2516 au
1642 2482 1710 2517 cit.

344 2527 494 2569 Julien,
516 2537 565 2560 an
584 2526 653 2569 XI,
677 2529 688 2561 1
713 2537 748 2571 p.
771 2527 867 2561 in-8.
1625 2528 1646 2561 2
1693 2539 1710 2558 »

281 2572 316 2605 11
344 2572 596 2613 Barroilhet
633 2571 715 2615 (P.),
752 2571 787 2605 le
816 2570 973 2605 célèbre
1010 2571 1176 2613 baryton
1209 2570 1259 2604 du
1294 2570 1417 2615 grand
1450 2571 1580 2615 opéra,
1612 2571 1659 2605 né
1691 2571 1712 2603 à
