1876 2823
907 167 949 204 -
978 167 1025 204 16
1056 189 1096 196 -

375 264 524 300 France
545 265 723 300 devenue
744 265 933 308 fameuse,
960 266 1007 300 né
1027 266 1049 300 à
1067 266 1261 311 Epernay.
1281 286 1323 292 —
1344 267 1466 302 Billet
1496 269 1579 302 aut.
1611 267 1686 311 sig.
1712 268 1734 301 à

372 310 425 344 M.
447 309 639 352 Henrion,
663 311 724 352 1/2
742 318 778 354 p.
800 308 914 346 in-12.
1646 313 1668 346 3
1714 323 1731 342 »

307 356 345 388 81
374 354 505 388 Louis
533 355 626 395 XII,
656 353 715 388 roi
748 353 794 387 de
824 353 987 388 France.
1019 373 1060 379 —
1091 354 1206 389 Pièce
1239 354 1314 399 sig.
1349 364 1417 389 sur
1442 354 1548 390 vélin
1563 367 1572 398 ;
1611 354 1731 396 Blois,

374 400 416 432 28
430 408 489 441 av,
515 400 610 440 1502,
631 397 722 432 in-4.
1646 400 1666 433 8
1714 410 1730 430 »

414 443 544 472 Relative
557 451 592 472 au
608 443 750 480 paiement
765 441 816 472 des
834 449 903 479 gens
918 442 953 472 de
969 450 1073 479 guerre
1086 443 1122 473 de
1138 443 1323 481 Languedoil,
1340 444 1432 473 oultre
1449 444 1544 480 Seine,
1560 442 1735 474 Normandie

376 483 404 510 et
422 481 603 515 Languedoc.

307 521 351 554 82
375 519 507 553 Louis
536 520 650 560 XIII,
682 518 742 553 roi
772 518 818 553 de
850 518 1012 553 France.
1033 538 1077 544 —
1102 520 1145 554 L.
1171 530 1216 562 s.,
1241 531 1290 555 au
1316 519 1451 565 prince
1478 520 1524 554 de
1547 519 1733 564 Corrége;

375 562 590 607 Chantilly,
610 565 631 596 6
651 562 728 597 mai
752 565 847 604 1636,
870 565 882 597 1
894 562 933 606 /2
950 572 986 607 p.
1008 562 1095 597 in-f.
1647 566 1669 598 4
1716 577 1730 594 »

415 607 543 637 Relative
559 615 574 637 a
592 608 617 636 la
634 615 739 644 guerre
754 607 912 645 entreprise
934 615 986 645 par
1006 608 1031 637 la
1051 609 1159 638 France
1174 616 1247 646 pour
1264 609 1374 639 arrêter
1388 609 1429 639 les
1440 608 1686 638 envahissements
1701 608 1736 638 de

364 645 519 682 l’Espagne
537 654 571 674 en
591 646 680 677 Italie.

307 687 351 720 83
375 684 506 718 Louis
530 684 641 725 XIV,
664 684 722 718 roi
743 683 789 718 de
811 682 973 718 France.
1040 683 1084 718 —L.
1105 694 1150 726 s.,
1174 687 1268 727 1714,
1292 687 1354 728 1/2
1372 695 1408 730 p.
1430 684 1507 719 in-f
1653 686 1664 718 1
1694 686 1737 718 50

308 730 352 762 84
375 729 506 762 Louis
529 729 620 769 XV,
642 728 701 762 roi
722 727 768 762 de
789 727 952 762 France.
979 747 1022 753 —
1046 728 1182 763 Lettre
1208 728 1255 763 de
1281 729 1430 771 cachet,
1465 731 1560 771 1772,
1592 731 1604 763 1
1639 737 1736 772 page

376 771 468 806 in-f.
1650 774 1671 806 2
1718 784 1733 803 »

308 818 352 851 85
375 816 506 849 Louis
529 816 640 856 XVI,
673 814 732 849 roi
763 814 830 849 des
862 814 1062 850 Français.
1082 835 1124 841 —
1143 815 1259 850 Pièce
1291 816 1366 861 sig.
1401 819 1497 859 1791,
1542 818 1603 859 1/2
1638 824 1736 860 page

377 859 464 893 in-f.
1652 862 1673 894 2
1696 860 1739 894 50

413 904 507 933 Ordre
525 904 559 932 de
579 903 724 940 paiement
741 903 758 932 h
773 902 950 940 Chiqnelier,
967 902 1069 934 maître
1088 904 1139 933 des
1157 903 1298 935 clavecins
1316 905 1351 935 de
1366 906 1392 934 la
1414 905 1504 936 reine.

309 944 353 977 86
378 942 437 975 Le
460 943 615 975 même.
643 961 684 966 —
703 941 820 975 Pièce
840 940 929 985 sig.,
954 943 1049 983 1791,
1074 943 1134 985 1/2
1154 951 1189 986 p.
1211 941 1302 977 in-f.
1654 945 1675 977 2
1697 944 1739 977 50

413 986 507 1016 Ordre
526 987 560 1015 de
580 986 724 1022 paiement
742 994 777 1015 au
796 985 874 1015 sieur
891 987 926 1015 de
943 987 982 1016 La
1002 987 1108 1020 (tarde,
1128 988 1229 1016 maître
1243 988 1278 1017 de
1295 988 1386 1026 harpe
1404 988 1440 1018 de
1456 987 1484 1017 la
1500 988 1589 1017 reine.

310 1027 353 1059 87
377 1026 436 1058 Le
459 1025 614 1058 même.
635 1043 676 1048 —
697 1023 812 1059 Pièce
833 1023 923 1068 sig.,
947 1026 1043 1066 1791,
1067 1026 1127 1067 1/2
1147 1034 1181 1068 p.
1204 1024 1291 1059 in-f.
1651 1027 1673 1059 2
1696 1026 1738 1059 50

414 1070 507 1098 Ordre
526 1071 561 1099 de
579 1069 722 1106 paiement
737 1070 753 1097 h
773 1069 877 1104 Morin,
897 1068 1061 1104 chirurgien
1079 1070 1117 1099 du
1135 1076 1268 1099 commun
1288 1071 1322 1100 de
1337 1071 1362 1099 la
1382 1070 1470 1100 reine.

311 1110 354 1142 88
378 1108 437 1141 Le
460 1108 616 1141 même.
632 1127 673 1132 —
687 1106 803 1141 Pièce
824 1106 914 1151 sig.,
939 1109 1034 1149 1791,
1057 1108 1118 1149 1/2
1136 1117 1172 1151 p.
1192 1107 1283 1142 in-f.
1653 1109 1674 1141 2
1697 1108 1718 1141 5

418 1152 513 1181 Ordre
525 1153 560 1181 de
581 1152 723 1188 paiement
741 1160 776 1180 au
794 1151 873 1182 sieur
891 1152 1052 1189 Bonnefoy,
1066 1153 1286 1188 garde-meuble
1306 1153 1341 1183 de
1358 1154 1385 1182 la
1405 1153 1493 1183 reine.

312 1192 355 1224 89
379 1191 437 1224 Le
461 1191 616 1224 même.
637 1210 679 1214 —
698 1189 814 1224 Pièce
835 1189 925 1234 sig.,
949 1192 1044 1232 1791,
1067 1192 1079 1224 1
1092 1192 1129 1233 /2
1147 1200 1181 1234 p.
1204 1190 1290 1226 in-f.
1655 1193 1676 1224 2
1698 1193 1741 1225 50

416 1237 511 1264 Ordre
529 1236 564 1264 de
586 1234 728 1270 paiement
742 1242 777 1263 au
793 1234 872 1264 sieur
894 1234 1045 1269 Bourdais,
1064 1235 1207 1265 délivreur
1224 1237 1259 1265 de
1278 1235 1393 1265 l’écurie
1413 1236 1447 1265 de
1462 1236 1488 1265 la
1507 1235 1597 1267 reine.

312 1275 356 1307 90
380 1273 439 1306 Le
463 1274 618 1307 même.
633 1291 675 1297 —
690 1272 805 1306 Pièce
826 1272 915 1317 sig.,
940 1274 1035 1314 1791,
1059 1275 1068 1306 1
1083 1275 1121 1315 /2
1140 1283 1175 1318 p.
1197 1273 1284 1308 in-f.
1656 1275 1677 1307 2
1699 1274 1742 1307 50

420 1318 513 1347 Ordre
529 1318 564 1347 de
585 1318 728 1353 paiement
746 1325 781 1346 au
799 1317 878 1347 sieur
894 1317 1012 1353 Dubois,
1032 1318 1159 1348 dentiste
1177 1318 1211 1347 de
1233 1318 1258 1347 la
1272 1318 1361 1348 reine.

313 1358 352 1389 91
380 1356 439 1389 Le
462 1357 617 1390 même.
630 1375 671 1380 —
691 1355 808 1389 Pièce
828 1355 917 1399 sig.,
943 1357 1038 1398 1791,
1062 1357 1123 1398 1/2
1142 1366 1176 1400 p.
1199 1356 1291 1391 in-f.
1657 1357 1678 1389 2
1700 1357 1743 1390 50

418 1401 512 1430 Ordre
530 1402 564 1430 de
585 1408 673 1437 payer
691 1400 821 1437 142,400
841 1400 938 1433 livres,
961 1408 1032 1437 pour
1048 1400 1073 1431 le
1089 1404 1236 1438 comptant
1257 1402 1292 1432 de
1315 1402 1341 1431 la
1359 1401 1449 1437 reine,
1467 1412 1480 1426 «
1501 1408 1567 1430 mon
1595 1400 1702 1439 épouse
1717 1402 1744 1429 et

380 1446 539 1476 compagne
561 1451 587 1469 ».

314 1480 358 1512 92
383 1477 514 1511 Louis
537 1478 692 1518 XVIII,
723 1476 782 1511 roi
812 1476 858 1511 de
884 1476 1047 1512 France.
1067 1497 1108 1502 —
1128 1477 1243 1513 Pièce
1269 1477 1344 1522 sig.
1374 1488 1522 1512 comme
1549 1479 1676 1513 comte
1697 1476 1742 1510 de

382 1520 599 1563 Provence,
625 1523 721 1563 1777,
743 1520 835 1555 in-f.
1663 1524 1675 1555 1
1703 1522 1746 1555 50

317 1568 360 1601 93
384 1567 510 1599 Macé
542 1565 677 1608 (Jean),
710 1566 855 1599 auteur
891 1564 937 1598 de
975 1564 1143 1600 l’Histoire
1174 1566 1273 1600 d’une
1306 1567 1438 1600 bouchée
1466 1567 1506 1600 de
1528 1567 1612 1609 pain
1617 1592 1626 1607 ,
1656 1574 1744 1615 pro¬

385 1612 542 1644 moteur
560 1608 606 1643 de
628 1608 666 1643 la
684 1608 811 1654 Ligue
831 1609 877 1643 de
904 1608 1244 1654 l’enseignement.
1265 1629 1307 1635 —
1326 1610 1369 1645 L.
1391 1621 1424 1645 a.
1446 1620 1490 1645 s..
1515 1611 1577 1652 1/2
1595 1620 1630 1655 p.
1654 1609 1744 1643 in-4.

383 1654 565 1688 Relative
587 1653 609 1686 à
627 1654 697 1688 son
718 1654 913 1688 Catéchisme
930 1655 1149 1697 républicain.
1660 1656 1681 1688 2
1729 1665 1745 1684 »

318 1700 360 1732 94
384 1698 588 1732 Manzoni
624 1696 795 1740 (Alex.),
833 1697 991 1732 illustre
1034 1698 1264 1733 littérateur
1307 1698 1461 1740 italien,
1501 1699 1645 1733 auteur
1681 1697 1747 1732 des

384 1744 544 1775 Prornessi
572 1743 673 1784 sposi.
699 1760 740 1766 —
766 1742 874 1789 Reçu
907 1743 988 1776 aut.
1020 1742 1093 1786 sig.
1127 1742 1218 1777 d’un
1244 1753 1443 1787 ouvrage;
1476 1742 1614 1783 Milan,
1650 1744 1747 1784 1845,

388 1787 400 1819 1
424 1796 459 1829 p.
481 1785 576 1820 in-8.
603 1786 686 1818 Jolie
699 1787 802 1829 pièce.
1662 1788 1684 1821 4
1730 1797 1746 1817 »

319 1833 362 1865 95
386 1831 532 1864 Maret
551 1828 714 1873 (l’abbé),
750 1829 897 1874 évêque
926 1829 972 1863 de
1005 1829 1118 1872 Sura,
1150 1832 1287 1865 savant
1317 1830 1563 1875 théologien,
1596 1830 1748 1865 célèbre

387 1883 458 1918 par
476 1884 546 1908 son
566 1873 727 1907 dernier
746 1873 847 1908 écrit
872 1883 941 1908 sur
967 1873 1003 1907 le
1033 1873 1204 1916 Concile,
1233 1874 1281 1909 né
1313 1874 1336 1908 à
1364 1874 1485 1910 Alais.
1508 1894 1549 1900 —
1567 1874 1611 1909 L.
1638 1885 1672 1909 a.
1704 1884 1749 1915 s.,

391 1919 486 1959 1856,
506 1921 527 1953 2
546 1928 581 1963 p.
606 1918 666 1960 1/3
686 1917 778 1952 in-8.
1663 1920 1683 1953 4
1729 1930 1746 1949 »

425 1963 564 1993 Curieuse
581 1963 662 1992 lettre
681 1963 800 1992 relative
818 1962 832 1992 à
855 1963 881 1991 la
900 1962 1037 1999 publicité
1052 1962 1086 1992 de
1102 1971 1154 1993 son
1173 1963 1245 1994 livre
1266 1961 1465 2002 Philosophie
1483 1966 1510 1993 et
1529 1962 1682 2001 Religion.

322 2003 364 2035 96
388 2002 586 2035 Mathieu
604 2000 658 2034 de
675 2001 721 2034 la
739 2001 913 2043 Drôme,
934 2000 1086 2035 célèbre
1107 2011 1176 2046 par
1203 2012 1263 2037 ses
1289 2001 1545 2046 prédictions.
1569 2020 1611 2026 —
1637 2001 1681 2036 L.
1714 2011 1748 2035 a.

388 2055 418 2080 s.
434 2058 443 2088 ;
464 2044 745 2086 Mont-Chenu,
770 2046 866 2086 1863,
891 2047 901 2078 1
926 2055 962 2089 p.
984 2044 1079 2079 in-8.
1665 2047 1686 2080 3
1733 2057 1749 2077 »

431 2090 571 2120 Curieuse
591 2091 672 2120 lettre
688 2091 760 2119 dans
777 2090 899 2126 laquelle
917 2090 935 2119 il
953 2090 1093 2120 demande
1111 2090 1126 2120 à
1147 2098 1184 2120 un
1199 2090 1370 2127 journaliste
1389 2089 1496 2128 l’appui
1515 2091 1549 2120 de
1568 2098 1600 2120 sa
1619 2089 1752 2128 publicité

391 2137 463 2166 pour
480 2129 551 2159 faite
566 2129 715 2159 connaître
733 2136 787 2158 une
804 2128 937 2158 nouvelle
956 2129 1125 2166 prédiction.
1150 2141 1163 2155 «
1186 2129 1313 2159 L’année
1331 2129 1461 2159 dernière
1487 2130 1511 2159 la
1536 2137 1636 2166 presse
1662 2128 1754 2158 rendit

389 2168 424 2197 de
439 2168 548 2205 grands
563 2168 689 2197 services
707 2174 763 2196 aux
784 2168 967 2205 populations
982 2168 1018 2198 de
1038 2167 1173 2205 l’Europe
1192 2167 1379 2198 méridionale
1397 2176 1431 2198 en
1453 2169 1582 2206 publiant
1610 2176 1664 2198 une
1684 2166 1753 2206 pré¬

389 2206 494 2237 diction
514 2207 560 2244 qui
579 2207 622 2236 les
639 2207 806 2237 avertissait
823 2209 873 2236 des
896 2207 1075 2236 inondations
1093 2208 1161 2237 dont
1178 2208 1247 2237 elles
1265 2206 1371 2237 étaient
1389 2208 1591 2238 menacées...
1622 2219 1634 2233 »

325 2249 365 2280 97
391 2246 589 2279 Mazarin
609 2244 656 2287 (le
676 2243 855 2278 cardinal
874 2244 1010 2288 Jules),
1032 2245 1189 2280 illustre
1216 2246 1370 2280 homme
1398 2245 1540 2280 d’Etat.
1572 2265 1613 2270 —
1643 2245 1686 2280 L.
1708 2255 1752 2288 s.,

391 2299 439 2322 en
477 2289 630 2330 italien,
662 2298 755 2322 avec
792 2288 830 2323 la
849 2289 1058 2333 souscript.
1081 2291 1163 2325 aut.
1178 2302 1187 2333 ;
1220 2289 1346 2329 Paris,
1363 2291 1485 2331 1644,1
1505 2300 1540 2334 p.
1556 2289 1641 2324 in-f.
1668 2291 1688 2324 6
1736 2302 1752 2320 »

326 2336 369 2368 98
393 2334 657 2367 Meissonier
692 2332 774 2376 (E.),
811 2332 847 2366 le
884 2333 1037 2367 célèbre
1067 2334 1235 2378 peintre.
1265 2353 1307 2358 —
1334 2333 1443 2381 Reçu
1476 2335 1558 2369 aut.
1594 2334 1669 2378 sig.
1708 2332 1754 2367 de

392 2379 494 2418 4,000
512 2376 562 2412 fr.
583 2386 683 2421 pour
703 2387 756 2410 un
775 2376 950 2419 tableau,
974 2380 1069 2420 1857,
1093 2380 1153 2420 1/2
1179 2388 1212 2421 p.
1235 2378 1328 2412 in-8.
1669 2380 1689 2412 2
1714 2379 1757 2411 50

327 2424 370 2457 99
394 2423 584 2455 Mermet
607 2421 690 2465 (A.),
718 2420 985 2465 compositeur
1016 2421 1062 2455 de
1092 2422 1287 2467 musique,
1323 2422 1467 2456 auteur
1497 2422 1543 2457 de
1573 2422 1703 2456 Roland
1737 2423 1758 2454 à

396 2469 602 2500 Roncevaux.
618 2484 659 2490 —
672 2465 715 2499 L.
737 2475 771 2499 a.
792 2475 838 2506 s.,
862 2467 873 2498 1
898 2475 934 2509 p.
955 2466 1050 2500 in-8.
1675 2467 1686 2499 1
1714 2467 1758 2500 50

310 2512 372 2544 100
395 2511 595 2544 Meunier
614 2509 788 2554 (Victor),
809 2509 984 2544 écrivain
1006 2510 1204 2546 socialiste
1226 2512 1266 2546 et
1290 2512 1430 2546 savant
1459 2510 1758 2561 vulgarisateur

397 2554 464 2588 des
484 2554 670 2589 sciences.
691 2573 732 2579 —
756 2554 799 2588 L.
830 2564 863 2588 a.
893 2564 937 2595 s.,
977 2555 999 2589 à
1037 2554 1222 2590 l’éditeur
1256 2556 1366 2590 G-ust.
1411 2554 1561 2590 Sandré
1577 2567 1586 2596 ;
1624 2552 1756 2598 Dijon,

397 2601 438 2632 27
460 2609 547 2633 nov.
572 2601 666 2640 1850,
686 2601 707 2632 6
726 2608 762 2642 p.
783 2598 874 2633 in-8.
1673 2601 1693 2633 3
1716 2600 1759 2633 50
