1850 2885
866 154 908 161 -
939 134 959 171 7
990 154 1032 161 -

274 229 391 269 Lücas
409 232 467 270 n’a
486 242 550 269 pas
571 241 615 268 dr
633 240 835 269 complices.
860 252 903 258 —
918 230 965 268 Le
988 230 1217 279 réquisitoire
1234 231 1375 268 résume
1393 230 1487 269 ainsi
1507 241 1549 269 ce
1567 231 1671 280 point

227 280 424 329 important
441 294 447 317 :
477 295 495 316 «
515 280 581 318 Les
600 285 744 328 experts
763 280 976 329 répondent,
995 290 1081 317 sans
1098 278 1307 321 hésitation,
1342 291 1414 329 que
1435 286 1518 318 tous
1539 281 1589 318 les
1604 291 1671 318 au¬

227 330 432 378 tographes,
454 341 540 367 sans
558 329 760 379 exception,
782 335 866 367 sont
887 329 1036 367 l’œuvre
1050 328 1094 367 de
1115 329 1242 366 Lucas.
1266 329 1358 366 Mais
1378 329 1490 367 Lucas
1509 341 1555 368 ne
1571 335 1670 378 peut-

225 378 303 416 être
317 390 389 434 que
410 379 578 417 l’ouvrier
594 379 662 416 mis
677 390 722 416 en
742 389 865 417 œuvre
886 390 949 427 par
966 389 1013 416 un
1031 389 1256 428 personnage
1275 379 1496 427 mystérieux
1513 380 1532 416 ?
1573 377 1669 423 Non,

228 429 442 474 messieurs,
465 428 486 465 il
510 439 554 466 ne
575 435 660 477 peut
678 433 793 466 rester
814 439 932 466 aucun
950 428 1059 466 doute
1079 439 1142 466 sur
1164 439 1205 465 ce
1225 427 1340 478 point,
1364 428 1396 466 le
1416 428 1496 477 plus
1516 429 1673 467 intéres¬

227 483 320 519 sant,
344 478 548 526 peut-êlre?
565 476 611 515 de
632 483 714 516 tous
732 488 818 516 ceux
836 489 907 528 que
922 489 1010 515 vous
1028 488 1112 515 avez
1137 480 1156 515 à
1186 478 1384 516 examiner.
1409 477 1521 516 Lucas
1539 490 1560 515 a
1579 478 1670 523 seul,

227 533 262 564 et
280 538 365 565 sans
380 533 503 565 autres
524 538 728 565 ressources
747 539 816 576 que
834 528 885 565 les
905 527 1080 566 éléments
1102 526 1190 576 qu’il
1212 527 1345 575 puisait
1363 526 1454 565 dans
1472 527 1522 566 les
1543 527 1671 566 biblio¬

229 575 381 625 thèques
401 577 605 626 publiques,
631 576 738 614 traité
760 582 876 615 toutes
896 576 947 615 les
963 576 1149 627 questions
1168 576 1418 626 scientifiques
1445 577 1509 627 qui
1537 583 1601 615 ont
1616 578 1673 616 été

227 624 417 665 débattues
436 626 570 664 devant
592 625 809 664 l’Académie
828 626 891 664 des
906 627 1079 665 sciences.
1098 639 1116 661 »

281 692 346 729 Les
365 703 547 730 plagiats.
562 711 608 719 —
627 691 675 731 M.
702 692 853 730 l’avocat
874 692 1038 742 impérial
1060 703 1191 741 expose
1210 691 1254 730 de
1271 691 1305 729 la
1321 691 1484 731 manière
1508 692 1675 731 suivante

228 748 410 779 comment
431 742 545 780 Lucas
560 753 582 779 a
600 753 648 791 pu
667 741 808 779 donner
825 745 846 780 à
864 753 922 780 ses
942 742 1184 792 autographes
1200 753 1272 779 une
1284 752 1488 792 apparence
1502 742 1546 780 de
1562 743 1677 781 vérité

228 790 289 840 qui
321 802 342 827 a
373 791 522 830 dérouté
558 792 716 841 quelque
749 798 866 840 temps
903 792 935 830 le
968 792 1098 829 monde
1123 797 1252 830 savant
1274 804 1281 829 :
1305 807 1322 827 «
1344 792 1441 829 Dans
1478 797 1577 830 toute
1607 803 1674 830 son

229 850 364 883 œuvre,
385 840 418 879 la
440 841 556 890 partie
575 840 804 891 scientifique
820 847 875 879 est
895 841 986 880 celle
1006 841 1067 890 qui
1089 853 1110 879 a
1125 843 1182 880 été
1203 842 1234 879 le
1256 841 1374 879 mieux
1392 840 1534 879 traitée.
1579 842 1677 880 C’est

229 889 336 938 qu’en
358 901 418 929 ces
436 890 619 932 matières,
640 891 755 928 Lucas
774 891 834 928 n’a
862 891 925 929 fait
945 902 1056 939 usage
1074 902 1146 939 que
1161 892 1272 929 d’une
1289 891 1434 928 scienee
1452 889 1672 940 d’emprunt.

226 939 359 977 Toutes
376 952 434 978 ces
455 940 671 990 prétendues
696 941 819 978 lettres
838 940 882 979 de
906 940 1044 983 Pascal,
1078 939 1121 978 de
1143 941 1292 983 Galilée,
1320 940 1365 978 de
1393 941 1568 978 Gassendi
1592 947 1676 979 sont

228 987 431 1038 fabriquées
453 993 474 1027 à
497 989 605 1028 l’aide
626 989 670 1027 de
690 989 885 1038 fragments
904 990 1081 1040 découpés
1102 989 1193 1028 dans
1214 990 1278 1028 des
1302 990 1426 1027 traités
1454 990 1670 1039 spéciaux...

228 1037 257 1075 Il
278 1049 298 1075 a
321 1039 406 1087 pillé
427 1044 572 1087 partout
590 1051 598 1077 :
620 1039 710 1077 dans
734 1040 784 1077 les
802 1051 945 1078 œuvres
963 1040 1007 1077 de
1037 1040 1208 1083 Thomas,
1230 1039 1275 1077 de
1302 1039 1475 1082 Voltaire,
1499 1039 1543 1077 de
1562 1040 1675 1078 Save-

230 1087 321 1135 rien,
343 1087 388 1126 de
410 1089 546 1131 Gerdil,
568 1088 613 1126 de
640 1089 864 1137 Fontenelle,
893 1089 939 1127 du
962 1090 1032 1127 duc
1059 1089 1105 1128 de
1128 1089 1177 1127 La
1202 1089 1373 1133 Vallière,
1405 1088 1495 1127 dans
1529 1089 1562 1127 le
1582 1090 1675 1127 Dic¬

230 1139 420 1175 tionnaire
440 1139 484 1177 de
506 1138 725 1188 Chauffepié,
748 1138 838 1176 dans
858 1139 880 1176 /'
885 1140 1171 1188 Encyclopédie,
1190 1144 1275 1187 etc,
1296 1145 1396 1177 etc...
1427 1139 1519 1176 Mais
1537 1139 1566 1177 la
1588 1139 1678 1177 véri¬

230 1185 324 1225 table
347 1188 491 1226 science
515 1188 563 1226 lui
590 1188 709 1226 faisait
726 1187 861 1226 defaut.
885 1189 1003 1236 Ainsi,
1023 1188 1046 1226 il
1069 1188 1187 1226 faisait
1204 1187 1335 1237 figurer
1353 1187 1443 1226 dans
1462 1187 1527 1225 des
1548 1189 1674 1227 lettres

229 1235 273 1273 de
293 1236 417 1275 Pascal
438 1237 500 1276 des
527 1237 696 1275 nombres
714 1238 920 1287 exprimant
944 1238 993 1276 les
1015 1249 1148 1276 masses
1167 1238 1212 1274 du
1235 1237 1357 1280 Soleil,
1380 1237 1424 1275 de
1448 1237 1604 1287 Jupiter,
1629 1238 1674 1276 de

229 1285 395 1331 Saturne,
425 1287 470 1325 de
491 1287 523 1325 la
540 1287 661 1325 Terre.
680 1287 707 1324 Il
731 1286 783 1324 les
799 1287 895 1326 avait
915 1288 1036 1337 puisés
1055 1287 1145 1325 dans
1166 1286 1350 1337 l'ouvrage
1368 1286 1412 1325 de
1431 1286 1616 1328 Saverien,
1639 1293 1676 1325 et

230 1335 253 1371 il
279 1334 436 1383 ignorait
456 1348 527 1386 que
548 1337 595 1375 du
616 1337 740 1375 vivant
756 1336 801 1375 de
820 1337 943 1375 Pascal
964 1348 1022 1375 ces
1043 1337 1211 1375 nombres
1234 1336 1418 1375 n’avaient
1438 1347 1502 1386 pas
1531 1349 1577 1386 pu
1599 1336 1676 1375 être

229 1385 396 1425 calculés.

281 1450 296 1469 «
328 1436 431 1474 Celte
451 1446 574 1474 erreur
591 1436 781 1475 démontre
799 1435 888 1485 qu’il
910 1435 1045 1474 n’avait
1074 1447 1138 1485 pas
1165 1436 1325 1475 derrière
1359 1435 1421 1480 lui,
1459 1447 1598 1475 comme
1629 1447 1675 1474 on

230 1483 353 1523 l’avait
372 1497 447 1530 cru,
476 1497 525 1523 un
547 1491 676 1524 savant
693 1486 876 1535 dirigeant
894 1496 934 1523 sa
954 1485 1064 1524 main.
1089 1486 1185 1523 Dans
1204 1491 1298 1524 cette
1317 1484 1432 1523 même
1456 1496 1671 1535 correspon¬

228 1533 354 1578 dance,
378 1535 413 1572 la
442 1535 557 1585 partie
588 1535 765 1574 littéraire
792 1535 972 1574 fourmille
997 1535 1391 1573 d’invraisemblances.
1434 1534 1549 1573 Lucas
1576 1535 1678 1586 prête

228 1595 298 1621 aux
318 1592 466 1623 savants
482 1591 519 1623 et
536 1596 604 1624 aux
623 1584 760 1635 grands
779 1596 1023 1635 personnages
1043 1584 1131 1635 qu’il
1155 1591 1228 1623 met
1253 1596 1298 1623 en
1318 1586 1425 1623 scène
1449 1596 1515 1623 son
1544 1596 1674 1635 propre

227 1632 392 1684 langage.
423 1648 442 1670 »

279 1699 306 1738 Y
330 1712 374 1739 en
394 1711 555 1739 avait-il
572 1712 617 1739 de
640 1702 776 1739 vrais?
805 1722 841 1729 —
865 1701 963 1739 Dans
989 1699 1302 1750 l’interrogatoire,
1326 1700 1373 1738 M.
1406 1700 1438 1738 le
1467 1699 1671 1743 Président,

229 1752 335 1799 après
356 1750 512 1801 l’exposé
531 1751 594 1789 des
613 1750 696 1788 faits
716 1750 778 1800 qui
801 1751 847 1789 lui
867 1756 949 1789 sont
964 1750 1132 1800 imputés,
1150 1761 1172 1787 a
1189 1749 1366 1788 demandé
1380 1752 1401 1787 à
1418 1750 1531 1788 Lucas
1549 1749 1605 1788 s’il
1626 1750 1677 1789 les

229 1801 495 1839 reconnaissait
514 1800 621 1839 vrais.
644 1800 802 1838 Celui-ci
824 1812 844 1838 a
862 1801 1024 1850 répondu
1049 1812 1056 1837 :
1085 1814 1104 1836 «
1125 1800 1218 1838 Pour
1238 1811 1308 1838 une
1337 1800 1469 1849 partie,
1502 1799 1593 1837 mais
1609 1811 1675 1849 pas

230 1861 320 1899 pour
342 1856 436 1889 tous.
462 1863 480 1886 »
505 1852 547 1888 —
569 1851 759 1888 Demande
776 1863 787 1885 :
808 1850 1049 1888 Voulez-vous
1062 1849 1140 1888 dire
1152 1861 1222 1899 que
1237 1851 1352 1899 parmi
1375 1849 1425 1888 les
1442 1848 1677 1889 nombreuses

232 1899 352 1948 pièces
372 1900 510 1939 fausses
529 1911 599 1950 que
618 1912 707 1938 vous
733 1911 818 1938 avez
839 1899 999 1938 vendues
1025 1912 1069 1937 au
1095 1899 1175 1950 prix
1202 1898 1247 1937 de
1273 1899 1350 1940 l’or,
1383 1898 1406 1936 il
1439 1899 1516 1937 s’en
1550 1905 1675 1938 trouve

229 1950 404 2000 quelques
415 1962 519 1989 -unes
538 1950 598 2000 qui
619 1957 702 1988 sont
715 1950 833 1988 vraies
848 1950 867 1987 ?
887 1950 930 1987 —
950 1950 1115 1998 Réponse
1132 1961 1143 1986 :
1162 1948 1246 1994 Oui,
1261 1948 1459 1993 monsieur,
1478 1948 1538 1999 j’ai
1554 1949 1676 1988 vendu

230 1999 311 2048 plus
330 2000 376 2038 de
395 1999 530 2048 30,000
554 2000 671 2050 pièces
690 2003 711 2037 à
732 2000 776 2038 M.
797 1999 957 2042 Chasles,
980 2005 1015 2037 et
1040 1998 1064 2036 il
1092 1997 1175 2036 n’en
1195 2000 1404 2047 représente
1422 2010 1493 2049 que
1514 1999 1651 2043 27,000
1668 2012 1676 2046 ;

230 2048 254 2085 il
272 2060 295 2099 y
316 2061 362 2087 en
378 2061 399 2087 a
423 2049 518 2088 donc
536 2049 558 2088 3
576 2062 622 2088 ou
638 2049 750 2092 4,000
769 2061 837 2099 que
858 2049 907 2088 M.
931 2049 1080 2087 Chasles
1098 2048 1158 2086 n’a
1174 2059 1237 2097 pas
1257 2049 1436 2087 montrées
1453 2054 1489 2087 et
1505 2048 1567 2099 qui
1593 2054 1677 2087 sont

229 2099 500 2150 authentiques.

281 2149 348 2188 Les
372 2156 529 2200 experts,
565 2149 748 2188 consultés
770 2160 832 2187 sur
850 2160 891 2187 ce
909 2148 1013 2198 point
1032 2147 1124 2186 dans
1147 2148 1180 2186 le
1208 2159 1311 2186 cours
1340 2147 1384 2186 de
1415 2146 1674 2193 l’instruction,

230 2199 376 2237 avaient
393 2201 519 2238 trouvé
539 2211 609 2249 que
633 2199 685 2237 les
720 2198 840 2249 pièces
870 2197 1141 2248 authentiques,
1176 2198 1310 2236 mêlées
1339 2208 1410 2235 aux
1443 2197 1592 2239 fausses,
1634 2209 1679 2236 au

230 2249 380 2287 nombre
397 2248 506 2287 d’une
524 2249 705 2294 centaine,
728 2249 972 2298 atteignaient
990 2250 1010 2285 à
1030 2247 1136 2298 peine
1156 2248 1190 2286 la
1208 2247 1332 2286 valeur
1346 2247 1391 2285 de
1409 2247 1481 2286 500
1498 2247 1538 2286 fr.
1565 2247 1680 2286 Lucas

232 2298 309 2336 leur
328 2311 349 2336 a
369 2299 531 2348 répondu
553 2310 623 2349 que
643 2299 690 2336 M.
713 2299 860 2336 Chaslés
878 2298 975 2336 avait
992 2297 1180 2335 dissimulé
1198 2297 1504 2335 volontairement
1524 2308 1574 2334 un
1596 2308 1679 2335 cer¬

234 2348 309 2386 tain
328 2350 478 2386 nombre
496 2349 541 2387 de
558 2349 692 2399 pièces,
718 2355 753 2387 et
780 2348 802 2386 il
837 2359 858 2385 a
887 2347 1039 2396 désigné
1068 2347 1355 2397 quelques-unes
1380 2346 1424 2384 de
1454 2358 1514 2384 ces
1543 2347 1677 2396 pièces.

232 2398 333 2436 Voici
352 2399 472 2448 quelle
492 2405 546 2437 est
565 2401 598 2436 la
624 2400 778 2447 réponse
806 2397 869 2436 des
897 2403 1042 2446 experts
1061 2409 1069 2433 :
1095 2413 1107 2430 «
1132 2396 1263 2443 Quand
1281 2396 1451 2445 l’inculpé
1472 2407 1681 2435 commence

233 2447 507 2487 l’énumération
528 2448 592 2486 des
612 2448 730 2497 pièces
748 2448 794 2486 de
812 2447 882 2486 bon
899 2447 970 2485 aloi
989 2446 1078 2496 qu’il
1097 2449 1216 2485 aurait
1233 2445 1389 2484 fournies
1404 2457 1468 2496 par
1482 2446 1547 2484 des
1566 2446 1681 2484 docu¬

234 2505 350 2537 ments
367 2499 490 2546 signés
508 2497 552 2536 de
570 2497 848 2547 Charlemagne,
871 2497 1052 2542 d’Alcuin,
1128 2495 1295 2540 deGerbert,
1315 2496 1362 2534 de
1379 2496 1478 2534 saint
1500 2495 1620 2538 Louis,
1636 2496 1681 2534 de

233 2547 389 2587 Blanche
406 2550 450 2586 de
468 2547 628 2591 Castille,
653 2547 678 2585 il
698 2554 839 2586 montre
853 2549 875 2585 à
890 2547 971 2597 quel
990 2546 1093 2596 point
1112 2545 1136 2584 il
1156 2546 1282 2596 ignore
1296 2557 1367 2596 que
1380 2545 1426 2585 de
1442 2545 1546 2586 telles
1561 2546 1682 2595 pièces
