<?xml version="1.0" encoding="UTF-8" standalone="yes"?>
<PcGts xmlns="http://schema.primaresearch.org/PAGE/gts/pagecontent/2013-07-15" xmlns:xsi="http://www.w3.org/2001/XMLSchema-instance" xsi:schemaLocation="http://schema.primaresearch.org/PAGE/gts/pagecontent/2013-07-15 http://schema.primaresearch.org/PAGE/gts/pagecontent/2013-07-15/pagecontent.xsd">
    <Metadata>
        <Creator></Creator>
        <Created>2018-08-01T23:34:32.805+02:00</Created>
        <LastChange>2019-05-20T01:09:31.513+02:00</LastChange>
        <Comments>
                Measurement unit: pixel
                PrimaryLanguage: English
                Language: FrenchStandard
                Producer: ABBYY FineReader Engine 11</Comments>
        <TranskribusMetadata docId="164168" pageId="6046420" pageNr="18" tsid="10279409" status="DONE" userId="10612" imgUrl="https://files.transkribus.eu/Get?id=VJUBNYMAVRPYUYCTGNCMFCSV&amp;fileType=view" xmlUrl="https://files.transkribus.eu/Get?id=GDVMMDPPVOEZXKCOWMWCAPCV" imageId="1702713"/>
    </Metadata>
    <Page imageFilename="1870_03_RDA_N025-18.png" imageWidth="1884" imageHeight="2823">
        <PrintSpace>
            <Coords points="317,254 1790,254 1790,2634 317,2634"/>
        </PrintSpace>
        <ReadingOrder>
            <OrderedGroup id="ro_1604140995691" caption="Regions reading order">
                <RegionRefIndexed index="0" regionRef="region_1533550958661_2"/>
                <RegionRefIndexed index="1" regionRef="r_1_1"/>
                <RegionRefIndexed index="2" regionRef="r_1_2"/>
                <RegionRefIndexed index="3" regionRef="r_1_3"/>
                <RegionRefIndexed index="4" regionRef="r_1_4"/>
                <RegionRefIndexed index="5" regionRef="r_1_5"/>
                <RegionRefIndexed index="6" regionRef="r_1_6"/>
                <RegionRefIndexed index="7" regionRef="r_1_7"/>
                <RegionRefIndexed index="8" regionRef="r_1_8"/>
                <RegionRefIndexed index="9" regionRef="r_1_9"/>
                <RegionRefIndexed index="10" regionRef="r_1_10"/>
                <RegionRefIndexed index="11" regionRef="r_1_11"/>
                <RegionRefIndexed index="12" regionRef="r_1_12"/>
                <RegionRefIndexed index="13" regionRef="r_1_13"/>
                <RegionRefIndexed index="14" regionRef="r_1_14"/>
                <RegionRefIndexed index="15" regionRef="r_1_15"/>
                <RegionRefIndexed index="16" regionRef="r_1_16"/>
                <RegionRefIndexed index="17" regionRef="r_1_17"/>
                <RegionRefIndexed index="18" regionRef="r_1_18"/>
                <RegionRefIndexed index="19" regionRef="r_1_19"/>
                <RegionRefIndexed index="20" regionRef="r_1_20"/>
                <RegionRefIndexed index="21" regionRef="r_1_21"/>
                <RegionRefIndexed index="22" regionRef="r_1_22"/>
                <RegionRefIndexed index="23" regionRef="r_1_23"/>
                <RegionRefIndexed index="24" regionRef="r_1_24"/>
                <RegionRefIndexed index="25" regionRef="r_1_25"/>
                <RegionRefIndexed index="26" regionRef="r_1_26"/>
                <RegionRefIndexed index="27" regionRef="r_1_27"/>
                <RegionRefIndexed index="28" regionRef="r_1_28"/>
                <RegionRefIndexed index="29" regionRef="r_1_29"/>
                <RegionRefIndexed index="30" regionRef="r_1_30"/>
                <RegionRefIndexed index="31" regionRef="r_1_31"/>
                <RegionRefIndexed index="32" regionRef="r_1_32"/>
            </OrderedGroup>
        </ReadingOrder>
        <TextRegion id="region_1533550958661_2" custom="readingOrder {index:0;}">
            <Coords points="933,161 1141,161 1141,212 933,212"/>
            <TextLine id="line_1533550977454_3" custom="readingOrder {index:0;}">
                <Coords points="943,159 1134,161 1134,211 943,209"/>
                <Baseline points="943,204 1134,206"/>
                <Word id="word_1533550983085_4" custom="readingOrder {index:0;}">
                    <Coords points="943,181 991,181 991,197 943,197"/>
                    <TextEquiv>
                        <Unicode></Unicode>
                    </TextEquiv>
                </Word>
                <Word id="word_1533550985784_5" custom="readingOrder {index:1;}">
                    <Coords points="1012,164 1064,164 1064,203 1012,203"/>
                    <TextEquiv>
                        <Unicode></Unicode>
                    </TextEquiv>
                </Word>
                <Word id="word_1533550987879_6" custom="readingOrder {index:2;}">
                    <Coords points="1088,182 1134,182 1134,197 1088,197"/>
                    <TextEquiv>
                        <Unicode></Unicode>
                    </TextEquiv>
                </Word>
                <TextEquiv>
                    <Unicode>- 18 -</Unicode>
                </TextEquiv>
            </TextLine>
            <TextEquiv>
                <Unicode>- 18 -</Unicode>
            </TextEquiv>
        </TextRegion>
        <TextRegion type="paragraph" id="r_1_1" custom="readingOrder {index:1;}">
            <Coords points="325,260 1777,260 1777,311 325,311"/>
            <TextLine id="tl_1" primaryLanguage="English" custom="readingOrder {index:0;} textStyle {offset:4; length:8;fontSize:0.0; kerning:0; bold:true;}">
                <Coords points="326,261 1776,261 1776,310 326,310"/>
                <Baseline points="326,298 1776,298"/>
                <Word id="w_w1aab1b1b2b1b1ab1" language="English" custom="readingOrder {index:0;}">
                    <Coords points="326,262 386,262 386,296 326,296"/>
                    <TextEquiv>
                        <Unicode>120</Unicode>
                    </TextEquiv>
                    <TextStyle fontFamily="Times New Roman" fontSize="10.0"/>
                </Word>
                <Word id="w_w1aab1b1b2b1b1b1b1" language="English" custom="readingOrder {index:1;}">
                    <Coords points="410,261 594,261 594,305 410,305"/>
                    <TextEquiv>
                        <Unicode>Ollivier</Unicode>
                    </TextEquiv>
                    <TextStyle fontFamily="Times New Roman" fontSize="9.5" bold="true"/>
                </Word>
                <Word id="w_w1aab1b1b2b1b1b2b1" language="English" custom="readingOrder {index:2;}">
                    <Coords points="613,261 777,261 777,305 613,305"/>
                    <TextEquiv>
                        <Unicode>(Emile),</Unicode>
                    </TextEquiv>
                    <TextStyle fontFamily="Times New Roman" fontSize="10.0"/>
                </Word>
                <Word id="w_w1aab1b1b2b1b1b2c19" language="English" custom="readingOrder {index:3;}">
                    <Coords points="811,263 931,263 931,306 811,306"/>
                    <TextEquiv>
                        <Unicode>garde</Unicode>
                    </TextEquiv>
                    <TextStyle fontFamily="Times New Roman" fontSize="10.0"/>
                </Word>
                <Word id="w_w1aab1b1b2b1b1b2c31" language="English" custom="readingOrder {index:4;}">
                    <Coords points="963,263 1030,263 1030,298 963,298"/>
                    <TextEquiv>
                        <Unicode>des</Unicode>
                    </TextEquiv>
                    <TextStyle fontFamily="Times New Roman" fontSize="10.0"/>
                </Word>
                <Word id="w_w1aab1b1b2b1b1b2c39" language="English" custom="readingOrder {index:5;}">
                    <Coords points="1062,263 1232,263 1232,299 1062,299"/>
                    <TextEquiv>
                        <Unicode>Sceaux.</Unicode>
                    </TextEquiv>
                    <TextStyle fontFamily="Times New Roman" fontSize="10.0"/>
                </Word>
                <Word id="w_w1aab1b1b2b1b1b2c55" language="English" custom="readingOrder {index:6;}">
                    <Coords points="1254,265 1357,265 1357,299 1254,299"/>
                    <TextEquiv>
                        <Unicode>—L.</Unicode>
                    </TextEquiv>
                    <TextStyle fontFamily="Times New Roman" fontSize="10.0"/>
                </Word>
                <Word id="w_w1aab1b1b2b1b1b2c63" language="English" custom="readingOrder {index:7;}">
                    <Coords points="1395,274 1428,274 1428,299 1395,299"/>
                    <TextEquiv>
                        <Unicode>a.</Unicode>
                    </TextEquiv>
                    <TextStyle fontFamily="Times New Roman" fontSize="10.0"/>
                </Word>
                <Word id="w_w1aab1b1b2b1b1b2c69" language="English" custom="readingOrder {index:8;}">
                    <Coords points="1466,274 1510,274 1510,306 1466,306"/>
                    <TextEquiv>
                        <Unicode>s.,</Unicode>
                    </TextEquiv>
                    <TextStyle fontFamily="Times New Roman" fontSize="10.0"/>
                </Word>
                <Word id="w_w1aab1b1b2b1b1b2c77" language="English" custom="readingOrder {index:9;}">
                    <Coords points="1543,265 1665,265 1665,308 1543,308"/>
                    <TextEquiv>
                        <Unicode>(1862),</Unicode>
                    </TextEquiv>
                    <TextStyle fontFamily="Times New Roman" fontSize="10.0"/>
                </Word>
                <Word id="w_w1aab1b1b2b1b1b2c93" language="English" custom="readingOrder {index:10;}">
                    <Coords points="1706,267 1716,267 1716,298 1706,298"/>
                    <TextEquiv>
                        <Unicode>1</Unicode>
                    </TextEquiv>
                    <TextStyle fontFamily="Times New Roman" fontSize="10.0"/>
                </Word>
                <Word id="w_w1aab1b1b2b1b1b2c97" language="English" custom="readingOrder {index:11;}">
                    <Coords points="1740,275 1776,275 1776,310 1740,310"/>
                    <TextEquiv>
                        <Unicode>p.</Unicode>
                    </TextEquiv>
                    <TextStyle fontFamily="Times New Roman" fontSize="10.0"/>
                </Word>
                <TextEquiv>
                    <Unicode>120 Ollivier (Emile), garde des Sceaux. —L. a. s., (1862), 1 p.</Unicode>
                </TextEquiv>
            </TextLine>
            <TextEquiv>
                <Unicode>120 Ollivier (Emile), garde des Sceaux. —L. a. s., (1862), 1 p.</Unicode>
            </TextEquiv>
        </TextRegion>
        <TextRegion type="paragraph" id="r_1_2" custom="readingOrder {index:2;}">
            <Coords points="409,304 1777,304 1777,344 409,344"/>
            <TextLine id="tl_2" primaryLanguage="English" custom="readingOrder {index:0;}">
                <Coords points="410,305 1776,305 1776,343 410,343"/>
                <Baseline points="410,340 1776,340"/>
                <Word id="w_w1aab1b1b2b3b1ab1" language="English" custom="readingOrder {index:0;}">
                    <Coords points="410,305 505,305 505,340 410,340"/>
                    <TextEquiv>
                        <Unicode>in-8.</Unicode>
                    </TextEquiv>
                    <TextStyle fontFamily="Times New Roman" fontSize="10.0"/>
                </Word>
                <Word id="w_w1aab1b1b2b3b1ac13" language="English" custom="readingOrder {index:1;}">
                    <Coords points="1690,311 1711,311 1711,343 1690,343"/>
                    <TextEquiv>
                        <Unicode>3</Unicode>
                    </TextEquiv>
                    <TextStyle fontFamily="Times New Roman" fontSize="10.0"/>
                </Word>
                <Word id="w_w1aab1b1b2b3b1ac17" language="English" custom="readingOrder {index:2;}">
                    <Coords points="1760,321 1776,321 1776,341 1760,341"/>
                    <TextEquiv>
                        <Unicode>»</Unicode>
                    </TextEquiv>
                    <TextStyle fontFamily="Times New Roman" fontSize="10.0"/>
                </Word>
                <TextEquiv>
                    <Unicode>in-8. 3 »</Unicode>
                </TextEquiv>
                <TextStyle fontFamily="Times New Roman" fontSize="10.0"/>
            </TextLine>
            <TextEquiv>
                <Unicode>in-8. 3 »</Unicode>
            </TextEquiv>
        </TextRegion>
        <TextRegion type="paragraph" id="r_1_3" custom="readingOrder {index:3;}">
            <Coords points="323,348 1781,348 1781,403 323,403"/>
            <TextLine id="tl_3" primaryLanguage="English" custom="readingOrder {index:0;} textStyle {offset:4; length:7;fontSize:0.0; kerning:0; bold:true;}">
                <Coords points="324,349 1780,349 1780,402 324,402"/>
                <Baseline points="324,385 1780,385"/>
                <Word id="w_w1aab1b1b2b5b1ab1" language="English" custom="readingOrder {index:0;}">
                    <Coords points="324,350 380,350 380,385 324,385"/>
                    <TextEquiv>
                        <Unicode>121</Unicode>
                    </TextEquiv>
                    <TextStyle fontFamily="Times New Roman" fontSize="10.0"/>
                </Word>
                <Word id="w_w1aab1b1b2b5b1b1b1" language="English" custom="readingOrder {index:1;}">
                    <Coords points="409,350 467,350 467,383 409,383"/>
                    <TextEquiv>
                        <Unicode>Le</Unicode>
                    </TextEquiv>
                    <TextStyle fontFamily="Times New Roman" fontSize="9.5" bold="true"/>
                </Word>
                <Word id="w_w1aab1b1b2b5b1b1b7" language="English" custom="readingOrder {index:2;}">
                    <Coords points="485,350 640,350 640,385 485,385"/>
                    <TextEquiv>
                        <Unicode>même.</Unicode>
                    </TextEquiv>
                    <TextStyle fontFamily="Times New Roman" fontSize="9.5" bold="true"/>
                </Word>
                <Word id="w_w1aab1b1b2b5b1b2b1" language="English" custom="readingOrder {index:3;}">
                    <Coords points="661,349 783,349 783,384 661,384"/>
                    <TextEquiv>
                        <Unicode>Billet</Unicode>
                    </TextEquiv>
                    <TextStyle fontFamily="Times New Roman" fontSize="10.0"/>
                </Word>
                <Word id="w_w1aab1b1b2b5b1b2c15" language="English" custom="readingOrder {index:4;}">
                    <Coords points="803,351 884,351 884,385 803,385"/>
                    <TextEquiv>
                        <Unicode>aut.</Unicode>
                    </TextEquiv>
                    <TextStyle fontFamily="Times New Roman" fontSize="10.0"/>
                </Word>
                <Word id="w_w1aab1b1b2b5b1b2c25" language="English" custom="readingOrder {index:5;}">
                    <Coords points="905,350 994,350 994,402 905,402"/>
                    <TextEquiv>
                        <Unicode>sig.,</Unicode>
                    </TextEquiv>
                    <TextStyle fontFamily="Times New Roman" fontSize="10.0"/>
                </Word>
                <Word id="w_w1aab1b1b2b5b1b2c37" language="English" custom="readingOrder {index:6;}">
                    <Coords points="1018,353 1112,353 1112,393 1018,393"/>
                    <TextEquiv>
                        <Unicode>1867,</Unicode>
                    </TextEquiv>
                    <TextStyle fontFamily="Times New Roman" fontSize="10.0"/>
                </Word>
                <Word id="w_w1aab1b1b2b5b1b2c49" language="English" custom="readingOrder {index:7;}">
                    <Coords points="1137,353 1198,353 1198,394 1137,394"/>
                    <TextEquiv>
                        <Unicode>1/2</Unicode>
                    </TextEquiv>
                    <TextStyle fontFamily="Times New Roman" fontSize="10.0"/>
                </Word>
                <Word id="w_w1aab1b1b2b5b1b2c57" language="English" custom="readingOrder {index:8;}">
                    <Coords points="1215,362 1251,362 1251,397 1215,397"/>
                    <TextEquiv>
                        <Unicode>p.</Unicode>
                    </TextEquiv>
                    <TextStyle fontFamily="Times New Roman" fontSize="10.0"/>
                </Word>
                <Word id="w_w1aab1b1b2b5b1b2c63" language="English" custom="readingOrder {index:9;}">
                    <Coords points="1268,352 1382,352 1382,387 1268,387"/>
                    <TextEquiv>
                        <Unicode>in-18.</Unicode>
                    </TextEquiv>
                    <TextStyle fontFamily="Times New Roman" fontSize="10.0"/>
                </Word>
                <Word id="w_w1aab1b1b2b5b1b2c77" language="English" custom="readingOrder {index:10;}">
                    <Coords points="1697,355 1708,355 1708,386 1697,386"/>
                    <TextEquiv>
                        <Unicode>1</Unicode>
                    </TextEquiv>
                    <TextStyle fontFamily="Times New Roman" fontSize="10.0"/>
                </Word>
                <Word id="w_w1aab1b1b2b5b1b2c81" language="English" custom="readingOrder {index:11;}">
                    <Coords points="1736,355 1780,355 1780,387 1736,387"/>
                    <TextEquiv>
                        <Unicode>50</Unicode>
                    </TextEquiv>
                    <TextStyle fontFamily="Times New Roman" fontSize="10.0"/>
                </Word>
                <TextEquiv>
                    <Unicode>121 Le même. Billet aut. sig., 1867, 1/2 p. in-18. 1 50</Unicode>
                </TextEquiv>
            </TextLine>
            <TextEquiv>
                <Unicode>121 Le même. Billet aut. sig., 1867, 1/2 p. in-18. 1 50</Unicode>
            </TextEquiv>
        </TextRegion>
        <TextRegion type="paragraph" id="r_1_4" custom="readingOrder {index:4;}">
            <Coords points="323,393 1779,393 1779,441 323,441"/>
            <TextLine id="tl_4" primaryLanguage="English" custom="readingOrder {index:0;} textStyle {offset:4; length:7;fontSize:0.0; kerning:0; bold:true;}">
                <Coords points="324,394 1778,394 1778,440 324,440"/>
                <Baseline points="324,429 1778,429"/>
                <Word id="w_w1aab1b1b2b7b1ab1" language="English" custom="readingOrder {index:0;}">
                    <Coords points="324,395 385,395 385,429 324,429"/>
                    <TextEquiv>
                        <Unicode>122</Unicode>
                    </TextEquiv>
                    <TextStyle fontFamily="Times New Roman" fontSize="10.0"/>
                </Word>
                <Word id="w_w1aab1b1b2b7b1b1b1" language="English" custom="readingOrder {index:1;}">
                    <Coords points="410,394 613,394 613,438 410,438"/>
                    <TextEquiv>
                        <Unicode>Orbigny</Unicode>
                    </TextEquiv>
                    <TextStyle fontFamily="Times New Roman" fontSize="9.5" bold="true"/>
                </Word>
                <Word id="w_w1aab1b1b2b7b1b2b1" language="English" custom="readingOrder {index:2;}">
                    <Coords points="645,394 792,394 792,437 645,437"/>
                    <TextEquiv>
                        <Unicode>(Alcide</Unicode>
                    </TextEquiv>
                    <TextStyle fontFamily="Times New Roman" fontSize="10.0"/>
                </Word>
                <Word id="w_w1aab1b1b2b7b1b2c17" language="English" custom="readingOrder {index:3;}">
                    <Coords points="824,394 883,394 883,438 824,438"/>
                    <TextEquiv>
                        <Unicode>d’),</Unicode>
                    </TextEquiv>
                    <TextStyle fontFamily="Times New Roman" fontSize="10.0"/>
                </Word>
                <Word id="w_w1aab1b1b2b7b1b2c27" language="English" custom="readingOrder {index:4;}">
                    <Coords points="916,394 1069,394 1069,429 916,429"/>
                    <TextEquiv>
                        <Unicode>célébré</Unicode>
                    </TextEquiv>
                    <TextStyle fontFamily="Times New Roman" fontSize="10.0"/>
                </Word>
                <Word id="w_w1aab1b1b2b7b1b2c43" language="English" custom="readingOrder {index:5;}">
                    <Coords points="1099,396 1336,396 1336,431 1099,431"/>
                    <TextEquiv>
                        <Unicode>naturaliste</Unicode>
                    </TextEquiv>
                    <TextStyle fontFamily="Times New Roman" fontSize="10.0"/>
                </Word>
                <Word id="w_w1aab1b1b2b7b1b2c67" language="English" custom="readingOrder {index:6;}">
                    <Coords points="1369,397 1409,397 1409,430 1369,430"/>
                    <TextEquiv>
                        <Unicode>et</Unicode>
                    </TextEquiv>
                    <TextStyle fontFamily="Times New Roman" fontSize="10.0"/>
                </Word>
                <Word id="w_w1aab1b1b2b7b1b2c73" language="English" custom="readingOrder {index:7;}">
                    <Coords points="1442,405 1641,405 1641,440 1442,440"/>
                    <TextEquiv>
                        <Unicode>voyageur</Unicode>
                    </TextEquiv>
                    <TextStyle fontFamily="Times New Roman" fontSize="10.0"/>
                </Word>
                <Word id="w_w1aab1b1b2b7b1b2c91" language="English" custom="readingOrder {index:8;}">
                    <Coords points="1683,396 1778,396 1778,431 1683,431"/>
                    <TextEquiv>
                        <Unicode>dans</Unicode>
                    </TextEquiv>
                    <TextStyle fontFamily="Times New Roman" fontSize="10.0"/>
                </Word>
                <TextEquiv>
                    <Unicode>122 Orbigny (Alcide d’), célèbre naturaliste et voyageur dans</Unicode>
                </TextEquiv>
            </TextLine>
            <TextEquiv>
                <Unicode>122 Orbigny (Alcide d’), célèbre naturaliste et voyageur dans</Unicode>
            </TextEquiv>
        </TextRegion>
        <TextRegion type="paragraph" id="r_1_5" custom="readingOrder {index:5;}">
            <Coords points="408,436 1779,436 1779,530 408,530"/>
            <TextLine id="tl_5" primaryLanguage="English" custom="readingOrder {index:0;}">
                <Coords points="409,437 1776,437 1776,482 409,482"/>
                <Baseline points="409,473 1776,473"/>
                <Word id="w_w1aab1b1b2b9b1ab1" language="English" custom="readingOrder {index:0;}">
                    <Coords points="409,437 648,437 648,482 409,482"/>
                    <TextEquiv>
                        <Unicode>l’Amérique</Unicode>
                    </TextEquiv>
                    <TextStyle fontFamily="Times New Roman" fontSize="10.0"/>
                </Word>
                <Word id="w_w1aab1b1b2b9b1ac23" language="English" custom="readingOrder {index:1;}">
                    <Coords points="670,437 720,437 720,472 670,472"/>
                    <TextEquiv>
                        <Unicode>du</Unicode>
                    </TextEquiv>
                    <TextStyle fontFamily="Times New Roman" fontSize="10.0"/>
                </Word>
                <Word id="w_w1aab1b1b2b9b1ac29" language="English" custom="readingOrder {index:2;}">
                    <Coords points="743,438 837,438 837,481 743,481"/>
                    <TextEquiv>
                        <Unicode>Sud,</Unicode>
                    </TextEquiv>
                    <TextStyle fontFamily="Times New Roman" fontSize="10.0"/>
                </Word>
                <Word id="w_w1aab1b1b2b9b1ac39" language="English" custom="readingOrder {index:3;}">
                    <Coords points="858,438 906,438 906,473 858,473"/>
                    <TextEquiv>
                        <Unicode>né</Unicode>
                    </TextEquiv>
                    <TextStyle fontFamily="Times New Roman" fontSize="10.0"/>
                </Word>
                <Word id="w_w1aab1b1b2b9b1ac45" language="English" custom="readingOrder {index:4;}">
                    <Coords points="926,438 1021,438 1021,474 926,474"/>
                    <TextEquiv>
                        <Unicode>dans</Unicode>
                    </TextEquiv>
                    <TextStyle fontFamily="Times New Roman" fontSize="10.0"/>
                </Word>
                <Word id="w_w1aab1b1b2b9b1ac55" language="English" custom="readingOrder {index:5;}">
                    <Coords points="1042,439 1080,439 1080,473 1042,473"/>
                    <TextEquiv>
                        <Unicode>la</Unicode>
                    </TextEquiv>
                    <TextStyle fontFamily="Times New Roman" fontSize="10.0"/>
                </Word>
                <Word id="w_w1aab1b1b2b9b1ac61" language="English" custom="readingOrder {index:6;}">
                    <Coords points="1098,438 1470,438 1470,475 1098,475"/>
                    <TextEquiv>
                        <Unicode>Loire-Inférieure.</Unicode>
                    </TextEquiv>
                    <TextStyle fontFamily="Times New Roman" fontSize="10.0"/>
                </Word>
                <Word id="w_w1aab1b1b2b9b1ac97" language="English" custom="readingOrder {index:7;}">
                    <Coords points="1490,460 1532,460 1532,465 1490,465"/>
                    <TextEquiv>
                        <Unicode>—</Unicode>
                    </TextEquiv>
                    <TextStyle fontFamily="Times New Roman" fontSize="10.0"/>
                </Word>
                <Word id="w_w1aab1b1b2b9b1ad101" language="English" custom="readingOrder {index:8;}">
                    <Coords points="1551,440 1594,440 1594,475 1551,475"/>
                    <TextEquiv>
                        <Unicode>L.</Unicode>
                    </TextEquiv>
                    <TextStyle fontFamily="Times New Roman" fontSize="10.0"/>
                </Word>
                <Word id="w_w1aab1b1b2b9b1ad107" language="English" custom="readingOrder {index:9;}">
                    <Coords points="1616,450 1650,450 1650,475 1616,475"/>
                    <TextEquiv>
                        <Unicode>a.</Unicode>
                    </TextEquiv>
                    <TextStyle fontFamily="Times New Roman" fontSize="10.0"/>
                </Word>
                <Word id="w_w1aab1b1b2b9b1ad113" language="English" custom="readingOrder {index:10;}">
                    <Coords points="1673,451 1701,451 1701,475 1673,475"/>
                    <TextEquiv>
                        <Unicode>s.</Unicode>
                    </TextEquiv>
                    <TextStyle fontFamily="Times New Roman" fontSize="10.0"/>
                </Word>
                <Word id="w_w1aab1b1b2b9b1ad119" language="English" custom="readingOrder {index:11;}">
                    <Coords points="1725,451 1776,451 1776,474 1725,474"/>
                    <TextEquiv>
                        <Unicode>au</Unicode>
                    </TextEquiv>
                    <TextStyle fontFamily="Times New Roman" fontSize="10.0"/>
                </Word>
                <TextEquiv>
                    <Unicode>l’Amérique du Sud, né dans la Loire-Inférieure. — L. a. s. au</Unicode>
                </TextEquiv>
                <TextStyle fontFamily="Times New Roman" fontSize="10.0"/>
            </TextLine>
            <TextLine id="tl_6" primaryLanguage="English" custom="readingOrder {index:1;}">
                <Coords points="410,482 1778,482 1778,529 410,529"/>
                <Baseline points="410,517 1778,517"/>
                <Word id="w_w1aab1b1b2b9b3ab1" language="English" custom="readingOrder {index:0;}">
                    <Coords points="410,485 536,485 536,516 410,516"/>
                    <TextEquiv>
                        <Unicode>comte</Unicode>
                    </TextEquiv>
                    <TextStyle fontFamily="Times New Roman" fontSize="10.0"/>
                </Word>
                <Word id="w_w1aab1b1b2b9b3ac13" language="English" custom="readingOrder {index:1;}">
                    <Coords points="557,482 603,482 603,516 557,516"/>
                    <TextEquiv>
                        <Unicode>de</Unicode>
                    </TextEquiv>
                    <TextStyle fontFamily="Times New Roman" fontSize="10.0"/>
                </Word>
                <Word id="w_w1aab1b1b2b9b3ac19" language="English" custom="readingOrder {index:2;}">
                    <Coords points="625,482 888,482 888,517 625,517"/>
                    <TextEquiv>
                        <Unicode>Saint-Priest</Unicode>
                    </TextEquiv>
                    <TextStyle fontFamily="Times New Roman" fontSize="10.0"/>
                </Word>
                <Word id="w_w1aab1b1b2b9b3ac45" language="English" custom="readingOrder {index:3;}">
                    <Coords points="901,495 909,495 909,525 901,525"/>
                    <TextEquiv>
                        <Unicode>;</Unicode>
                    </TextEquiv>
                    <TextStyle fontFamily="Times New Roman" fontSize="10.0"/>
                </Word>
                <Word id="w_w1aab1b1b2b9b3ac49" language="English" custom="readingOrder {index:4;}">
                    <Coords points="931,483 1172,483 1172,525 931,525"/>
                    <TextEquiv>
                        <Unicode>Pierretitte,</Unicode>
                    </TextEquiv>
                    <TextStyle fontFamily="Times New Roman" fontSize="10.0"/>
                </Word>
                <Word id="w_w1aab1b1b2b9b3ac75" language="English" custom="readingOrder {index:5;}">
                    <Coords points="1197,486 1293,486 1293,527 1197,527"/>
                    <TextEquiv>
                        <Unicode>1850,</Unicode>
                    </TextEquiv>
                    <TextStyle fontFamily="Times New Roman" fontSize="10.0"/>
                </Word>
                <Word id="w_w1aab1b1b2b9b3ac87" language="English" custom="readingOrder {index:6;}">
                    <Coords points="1317,487 1328,487 1328,518 1317,518"/>
                    <TextEquiv>
                        <Unicode>1</Unicode>
                    </TextEquiv>
                    <TextStyle fontFamily="Times New Roman" fontSize="10.0"/>
                </Word>
                <Word id="w_w1aab1b1b2b9b3ac91" language="English" custom="readingOrder {index:7;}">
                    <Coords points="1352,494 1387,494 1387,529 1352,529"/>
                    <TextEquiv>
                        <Unicode>p.</Unicode>
                    </TextEquiv>
                    <TextStyle fontFamily="Times New Roman" fontSize="10.0"/>
                </Word>
                <Word id="w_w1aab1b1b2b9b3ac97" language="English" custom="readingOrder {index:8;}">
                    <Coords points="1410,484 1500,484 1500,518 1410,518"/>
                    <TextEquiv>
                        <Unicode>in-8.</Unicode>
                    </TextEquiv>
                    <TextStyle fontFamily="Times New Roman" fontSize="10.0"/>
                </Word>
                <Word id="w_w1aab1b1b2b9b3ad109" language="English" custom="readingOrder {index:9;}">
                    <Coords points="1693,487 1714,487 1714,519 1693,519"/>
                    <TextEquiv>
                        <Unicode>2</Unicode>
                    </TextEquiv>
                    <TextStyle fontFamily="Times New Roman" fontSize="10.0"/>
                </Word>
                <Word id="w_w1aab1b1b2b9b3ad113" language="English" custom="readingOrder {index:10;}">
                    <Coords points="1760,497 1778,497 1778,516 1760,516"/>
                    <TextEquiv>
                        <Unicode>»</Unicode>
                    </TextEquiv>
                    <TextStyle fontFamily="Times New Roman" fontSize="10.0"/>
                </Word>
                <TextEquiv>
                    <Unicode>comte de Saint-Priest ; Pierrefitte, 1850, 1 p. in-8. 2 »</Unicode>
                </TextEquiv>
                <TextStyle fontFamily="Times New Roman" fontSize="10.0"/>
            </TextLine>
            <TextEquiv>
                <Unicode>l’Amérique du Sud, né dans la Loire-Inférieure. — L. a. s. au
comte de Saint-Priest ; Pierrefitte, 1850, 1 p. in-8. 2 »</Unicode>
            </TextEquiv>
        </TextRegion>
        <TextRegion type="paragraph" id="r_1_6" custom="readingOrder {index:6;}">
            <Coords points="323,524 1778,524 1778,580 323,580"/>
            <TextLine id="tl_7" primaryLanguage="English" custom="readingOrder {index:0;} textStyle {offset:4; length:7;fontSize:0.0; kerning:0; bold:true;}">
                <Coords points="324,525 1777,525 1777,579 324,579"/>
                <Baseline points="324,561 1777,561"/>
                <Word id="w_w1aab1b1b2c11b1ab1" language="English" custom="readingOrder {index:0;}">
                    <Coords points="324,526 385,526 385,560 324,560"/>
                    <TextEquiv>
                        <Unicode>123</Unicode>
                    </TextEquiv>
                    <TextStyle fontFamily="Times New Roman" fontSize="10.0"/>
                </Word>
                <Word id="w_w1aab1b1b2c11b1b1b1" language="English" custom="readingOrder {index:1;}">
                    <Coords points="409,526 597,526 597,571 409,571"/>
                    <TextEquiv>
                        <Unicode>Orléans</Unicode>
                    </TextEquiv>
                    <TextStyle fontFamily="Times New Roman" fontSize="9.5" bold="true"/>
                </Word>
                <Word id="w_w1aab1b1b2c11b1b2b1" language="English" custom="readingOrder {index:2;}">
                    <Coords points="617,525 791,525 791,571 617,571"/>
                    <TextEquiv>
                        <Unicode>(Charles</Unicode>
                    </TextEquiv>
                    <TextStyle fontFamily="Times New Roman" fontSize="10.0"/>
                </Word>
                <Word id="w_w1aab1b1b2c11b1b2c19" language="English" custom="readingOrder {index:3;}">
                    <Coords points="812,526 870,526 870,571 812,571"/>
                    <TextEquiv>
                        <Unicode>d’),</Unicode>
                    </TextEquiv>
                    <TextStyle fontFamily="Times New Roman" fontSize="10.0"/>
                </Word>
                <Word id="w_w1aab1b1b2c11b1b2c29" language="English" custom="readingOrder {index:4;}">
                    <Coords points="893,537 945,537 945,560 893,560"/>
                    <TextEquiv>
                        <Unicode>un</Unicode>
                    </TextEquiv>
                    <TextStyle fontFamily="Times New Roman" fontSize="10.0"/>
                </Word>
                <Word id="w_w1aab1b1b2c11b1b2c35" language="English" custom="readingOrder {index:5;}">
                    <Coords points="966,526 1033,526 1033,561 966,561"/>
                    <TextEquiv>
                        <Unicode>des</Unicode>
                    </TextEquiv>
                    <TextStyle fontFamily="Times New Roman" fontSize="10.0"/>
                </Word>
                <Word id="w_w1aab1b1b2c11b1b2c43" language="English" custom="readingOrder {index:6;}">
                    <Coords points="1055,528 1245,528 1245,571 1055,571"/>
                    <TextEquiv>
                        <Unicode>premiers</Unicode>
                    </TextEquiv>
                    <TextStyle fontFamily="Times New Roman" fontSize="10.0"/>
                </Word>
                <Word id="w_w1aab1b1b2c11b1b2c61" language="English" custom="readingOrder {index:7;}">
                    <Coords points="1260,528 1393,528 1393,571 1260,571"/>
                    <TextEquiv>
                        <Unicode>poètes</Unicode>
                    </TextEquiv>
                    <TextStyle fontFamily="Times New Roman" fontSize="10.0"/>
                </Word>
                <Word id="w_w1aab1b1b2c11b1b2c75" language="English" custom="readingOrder {index:8;}">
                    <Coords points="1413,527 1597,527 1597,573 1413,573"/>
                    <TextEquiv>
                        <Unicode>français,</Unicode>
                    </TextEquiv>
                    <TextStyle fontFamily="Times New Roman" fontSize="10.0"/>
                </Word>
                <Word id="w_w1aab1b1b2c11b1b2c95" language="English" custom="readingOrder {index:9;}">
                    <Coords points="1618,528 1710,528 1710,579 1618,579"/>
                    <TextEquiv>
                        <Unicode>père</Unicode>
                    </TextEquiv>
                    <TextStyle fontFamily="Times New Roman" fontSize="10.0"/>
                </Word>
                <Word id="w_w1aab1b1b2c11b1b2d105" language="English" custom="readingOrder {index:10;}">
                    <Coords points="1731,528 1777,528 1777,562 1731,562"/>
                    <TextEquiv>
                        <Unicode>de</Unicode>
                    </TextEquiv>
                    <TextStyle fontFamily="Times New Roman" fontSize="10.0"/>
                </Word>
                <TextEquiv>
                    <Unicode>123 Orléans (Charles d’), un des premiers poètes français, père de</Unicode>
                </TextEquiv>
            </TextLine>
            <TextEquiv>
                <Unicode>123 Orléans (Charles d’), un des premiers poètes français, père de</Unicode>
            </TextEquiv>
        </TextRegion>
        <TextRegion type="paragraph" id="r_1_7" custom="readingOrder {index:7;}">
            <Coords points="408,568 1777,568 1777,661 408,661"/>
            <TextLine id="tl_8" primaryLanguage="English" custom="readingOrder {index:0;}">
                <Coords points="409,569 1776,569 1776,621 409,621"/>
                <Baseline points="409,606 1776,606"/>
                <Word id="w_w1aab1b1b2c13b1ab1" language="English" custom="readingOrder {index:0;}">
                    <Coords points="409,569 529,569 529,604 409,604"/>
                    <TextEquiv>
                        <Unicode>Louis</Unicode>
                    </TextEquiv>
                    <TextStyle fontFamily="Times New Roman" fontSize="10.0"/>
                </Word>
                <Word id="w_w1aab1b1b2c13b1ac13" language="English" custom="readingOrder {index:1;}">
                    <Coords points="554,570 640,570 640,611 554,611"/>
                    <TextEquiv>
                        <Unicode>XII,</Unicode>
                    </TextEquiv>
                    <TextStyle fontFamily="Times New Roman" fontSize="10.0"/>
                </Word>
                <Word id="w_w1aab1b1b2c13b1ac23" language="English" custom="readingOrder {index:2;}">
                    <Coords points="663,570 888,570 888,614 663,614"/>
                    <TextEquiv>
                        <Unicode>prisonnier</Unicode>
                    </TextEquiv>
                    <TextStyle fontFamily="Times New Roman" fontSize="10.0"/>
                </Word>
                <Word id="w_w1aab1b1b2c13b1ac45" language="English" custom="readingOrder {index:3;}">
                    <Coords points="907,570 973,570 973,605 907,605"/>
                    <TextEquiv>
                        <Unicode>des</Unicode>
                    </TextEquiv>
                    <TextStyle fontFamily="Times New Roman" fontSize="10.0"/>
                </Word>
                <Word id="w_w1aab1b1b2c13b1ac53" language="English" custom="readingOrder {index:4;}">
                    <Coords points="994,571 1147,571 1147,616 994,616"/>
                    <TextEquiv>
                        <Unicode>anglais</Unicode>
                    </TextEquiv>
                    <TextStyle fontFamily="Times New Roman" fontSize="10.0"/>
                </Word>
                <Word id="w_w1aab1b1b2c13b1ac69" language="English" custom="readingOrder {index:5;}">
                    <Coords points="1168,571 1342,571 1342,621 1168,621"/>
                    <TextEquiv>
                        <Unicode>pendant</Unicode>
                    </TextEquiv>
                    <TextStyle fontFamily="Times New Roman" fontSize="10.0"/>
                </Word>
                <Word id="w_w1aab1b1b2c13b1ac85" language="English" custom="readingOrder {index:6;}">
                    <Coords points="1354,575 1397,575 1397,608 1354,608"/>
                    <TextEquiv>
                        <Unicode>25</Unicode>
                    </TextEquiv>
                    <TextStyle fontFamily="Times New Roman" fontSize="10.0"/>
                </Word>
                <Word id="w_w1aab1b1b2c13b1ac91" language="English" custom="readingOrder {index:7;}">
                    <Coords points="1411,582 1493,582 1493,607 1411,607"/>
                    <TextEquiv>
                        <Unicode>ans.</Unicode>
                    </TextEquiv>
                    <TextStyle fontFamily="Times New Roman" fontSize="10.0"/>
                </Word>
                <Word id="w_w1aab1b1b2c13b1ad101" language="English" custom="readingOrder {index:8;}">
                    <Coords points="1507,591 1548,591 1548,596 1507,596"/>
                    <TextEquiv>
                        <Unicode>—</Unicode>
                    </TextEquiv>
                    <TextStyle fontFamily="Times New Roman" fontSize="10.0"/>
                </Word>
                <Word id="w_w1aab1b1b2c13b1ad105" language="English" custom="readingOrder {index:9;}">
                    <Coords points="1564,572 1681,572 1681,606 1564,606"/>
                    <TextEquiv>
                        <Unicode>Piece</Unicode>
                    </TextEquiv>
                    <TextStyle fontFamily="Times New Roman" fontSize="10.0"/>
                </Word>
                <Word id="w_w1aab1b1b2c13b1ad117" language="English" custom="readingOrder {index:10;}">
                    <Coords points="1702,573 1776,573 1776,617 1702,617"/>
                    <TextEquiv>
                        <Unicode>sig.</Unicode>
                    </TextEquiv>
                    <TextStyle fontFamily="Times New Roman" fontSize="10.0"/>
                </Word>
                <TextEquiv>
                    <Unicode>Louis XII, prisonnier des anglais pendant 25 ans. — Piece sig.</Unicode>
                </TextEquiv>
                <TextStyle fontFamily="Times New Roman" fontSize="10.0"/>
            </TextLine>
            <TextLine id="tl_9" primaryLanguage="English" custom="readingOrder {index:1;}">
                <Coords points="410,613 1776,613 1776,660 410,660"/>
                <Baseline points="410,649 1776,649"/>
                <Word id="w_w1aab1b1b2c13b3ab1" language="English" custom="readingOrder {index:0;}">
                    <Coords points="410,623 479,623 479,647 410,647"/>
                    <TextEquiv>
                        <Unicode>sur</Unicode>
                    </TextEquiv>
                    <TextStyle fontFamily="Times New Roman" fontSize="10.0"/>
                </Word>
                <Word id="w_w1aab1b1b2c13b3ab9" language="English" custom="readingOrder {index:1;}">
                    <Coords points="498,613 625,613 625,656 498,656"/>
                    <TextEquiv>
                        <Unicode>vélin;</Unicode>
                    </TextEquiv>
                    <TextStyle fontFamily="Times New Roman" fontSize="10.0"/>
                </Word>
                <Word id="w_w1aab1b1b2c13b3ac23" language="English" custom="readingOrder {index:2;}">
                    <Coords points="648,614 789,614 789,656 648,656"/>
                    <TextEquiv>
                        <Unicode>Calais,</Unicode>
                    </TextEquiv>
                    <TextStyle fontFamily="Times New Roman" fontSize="10.0"/>
                </Word>
                <Word id="w_w1aab1b1b2c13b3ac39" language="English" custom="readingOrder {index:3;}">
                    <Coords points="809,617 830,617 830,649 809,649"/>
                    <TextEquiv>
                        <Unicode>2</Unicode>
                    </TextEquiv>
                    <TextStyle fontFamily="Times New Roman" fontSize="10.0"/>
                </Word>
                <Word id="w_w1aab1b1b2c13b3ac43" language="English" custom="readingOrder {index:4;}">
                    <Coords points="844,613 937,613 937,659 844,659"/>
                    <TextEquiv>
                        <Unicode>juil.</Unicode>
                    </TextEquiv>
                    <TextStyle fontFamily="Times New Roman" fontSize="10.0"/>
                </Word>
                <Word id="w_w1aab1b1b2c13b3ac55" language="English" custom="readingOrder {index:5;}">
                    <Coords points="962,616 1057,616 1057,658 962,658"/>
                    <TextEquiv>
                        <Unicode>1439,</Unicode>
                    </TextEquiv>
                    <TextStyle fontFamily="Times New Roman" fontSize="10.0"/>
                </Word>
                <Word id="w_w1aab1b1b2c13b3ac67" language="English" custom="readingOrder {index:6;}">
                    <Coords points="1082,617 1092,617 1092,649 1082,649"/>
                    <TextEquiv>
                        <Unicode>1</Unicode>
                    </TextEquiv>
                    <TextStyle fontFamily="Times New Roman" fontSize="10.0"/>
                </Word>
                <Word id="w_w1aab1b1b2c13b3ac71" language="English" custom="readingOrder {index:7;}">
                    <Coords points="1117,626 1152,626 1152,660 1117,660"/>
                    <TextEquiv>
                        <Unicode>p.</Unicode>
                    </TextEquiv>
                    <TextStyle fontFamily="Times New Roman" fontSize="10.0"/>
                </Word>
                <Word id="w_w1aab1b1b2c13b3ac77" language="English" custom="readingOrder {index:8;}">
                    <Coords points="1174,618 1266,618 1266,651 1174,651"/>
                    <TextEquiv>
                        <Unicode>in-4.</Unicode>
                    </TextEquiv>
                    <TextStyle fontFamily="Times New Roman" fontSize="10.0"/>
                </Word>
                <Word id="w_w1aab1b1b2c13b3ac89" language="English" custom="readingOrder {index:9;}">
                    <Coords points="1674,619 1713,619 1713,650 1674,650"/>
                    <TextEquiv>
                        <Unicode>14</Unicode>
                    </TextEquiv>
                    <TextStyle fontFamily="Times New Roman" fontSize="10.0"/>
                </Word>
                <Word id="w_w1aab1b1b2c13b3ac95" language="English" custom="readingOrder {index:10;}">
                    <Coords points="1760,628 1776,628 1776,647 1760,647"/>
                    <TextEquiv>
                        <Unicode>»</Unicode>
                    </TextEquiv>
                    <TextStyle fontFamily="Times New Roman" fontSize="10.0"/>
                </Word>
                <TextEquiv>
                    <Unicode>sur vélin; Calais, 2 juil. 1439, 1 p. in-4. 14 »</Unicode>
                </TextEquiv>
                <TextStyle fontFamily="Times New Roman" fontSize="10.0"/>
            </TextLine>
            <TextEquiv>
                <Unicode>Louis XII, prisonnier des anglais pendant 25 ans. — Piece sig.
sur vélin; Calais, 2 juil. 1439, 1 p. in-4. 14 »</Unicode>
            </TextEquiv>
        </TextRegion>
        <TextRegion type="paragraph" id="r_1_8" custom="readingOrder {index:8;}">
            <Coords points="409,657 1780,657 1780,729 409,729"/>
            <TextLine id="tl_10" primaryLanguage="English" custom="readingOrder {index:0;}">
                <Coords points="438,658 1779,658 1779,698 438,698"/>
                <Baseline points="438,690 1779,690"/>
                <Word id="w_w1aab1b1b2c15b1ab1" language="English" custom="readingOrder {index:0;}">
                    <Coords points="438,658 516,658 516,688 438,688"/>
                    <TextEquiv>
                        <Unicode>Belle</Unicode>
                    </TextEquiv>
                    <TextStyle fontFamily="Times New Roman" fontSize="8.5"/>
                </Word>
                <Word id="w_w1aab1b1b2c15b1ac13" language="English" custom="readingOrder {index:1;}">
                    <Coords points="534,662 562,662 562,689 534,689"/>
                    <TextEquiv>
                        <Unicode>et</Unicode>
                    </TextEquiv>
                    <TextStyle fontFamily="Times New Roman" fontSize="8.5"/>
                </Word>
                <Word id="w_w1aab1b1b2c15b1ac19" language="English" custom="readingOrder {index:2;}">
                    <Coords points="581,659 772,659 772,689 581,689"/>
                    <TextEquiv>
                        <Unicode>intéressante</Unicode>
                    </TextEquiv>
                    <TextStyle fontFamily="Times New Roman" fontSize="8.5"/>
                </Word>
                <Word id="w_w1aab1b1b2c15b1ac45" language="English" custom="readingOrder {index:3;}">
                    <Coords points="791,658 867,658 867,696 791,696"/>
                    <TextEquiv>
                        <Unicode>pièce</Unicode>
                    </TextEquiv>
                    <TextStyle fontFamily="Times New Roman" fontSize="8.5"/>
                </Word>
                <Word id="w_w1aab1b1b2c15b1ac57" language="English" custom="readingOrder {index:4;}">
                    <Coords points="887,660 1005,660 1005,689 887,689"/>
                    <TextEquiv>
                        <Unicode>relative</Unicode>
                    </TextEquiv>
                    <TextStyle fontFamily="Times New Roman" fontSize="8.5"/>
                </Word>
                <Word id="w_w1aab1b1b2c15b1ac75" language="English" custom="readingOrder {index:5;}">
                    <Coords points="1022,661 1038,661 1038,689 1022,689"/>
                    <TextEquiv>
                        <Unicode>à</Unicode>
                    </TextEquiv>
                    <TextStyle fontFamily="Times New Roman" fontSize="8.5"/>
                </Word>
                <Word id="w_w1aab1b1b2c15b1ac79" language="English" custom="readingOrder {index:6;}">
                    <Coords points="1063,660 1088,660 1088,689 1063,689"/>
                    <TextEquiv>
                        <Unicode>la</Unicode>
                    </TextEquiv>
                    <TextStyle fontFamily="Times New Roman" fontSize="8.5"/>
                </Word>
                <Word id="w_w1aab1b1b2c15b1ac85" language="English" custom="readingOrder {index:7;}">
                    <Coords points="1108,661 1186,661 1186,698 1108,698"/>
                    <TextEquiv>
                        <Unicode>prise</Unicode>
                    </TextEquiv>
                    <TextStyle fontFamily="Times New Roman" fontSize="8.5"/>
                </Word>
                <Word id="w_w1aab1b1b2c15b1ac97" language="English" custom="readingOrder {index:8;}">
                    <Coords points="1204,661 1333,661 1333,691 1204,691"/>
                    <TextEquiv>
                        <Unicode>d’assaut</Unicode>
                    </TextEquiv>
                    <TextStyle fontFamily="Times New Roman" fontSize="8.5"/>
                </Word>
                <Word id="w_w1aab1b1b2c15b1ad115" language="English" custom="readingOrder {index:9;}">
                    <Coords points="1354,661 1514,661 1514,691 1354,691"/>
                    <TextEquiv>
                        <Unicode>d'Yenvillc</Unicode>
                    </TextEquiv>
                    <TextStyle fontFamily="Times New Roman" fontSize="8.5"/>
                </Word>
                <Word id="w_w1aab1b1b2c15b1ad137" language="English" custom="readingOrder {index:10;}">
                    <Coords points="1535,668 1588,668 1588,698 1535,698"/>
                    <TextEquiv>
                        <Unicode>par</Unicode>
                    </TextEquiv>
                    <TextStyle fontFamily="Times New Roman" fontSize="8.5"/>
                </Word>
                <Word id="w_w1aab1b1b2c15b1ad145" language="English" custom="readingOrder {index:11;}">
                    <Coords points="1609,660 1653,660 1653,690 1609,690"/>
                    <TextEquiv>
                        <Unicode>les</Unicode>
                    </TextEquiv>
                    <TextStyle fontFamily="Times New Roman" fontSize="8.5"/>
                </Word>
                <Word id="w_w1aab1b1b2c15b1ad153" language="English" custom="readingOrder {index:12;}">
                    <Coords points="1670,660 1779,660 1779,698 1670,698"/>
                    <TextEquiv>
                        <Unicode>anglais</Unicode>
                    </TextEquiv>
                    <TextStyle fontFamily="Times New Roman" fontSize="8.5"/>
                </Word>
                <TextEquiv>
                    <Unicode>Belle et intéressante pièce relative à la prise d’assaut d'Yenville par les anglais</Unicode>
                </TextEquiv>
                <TextStyle fontFamily="Times New Roman" fontSize="8.5"/>
            </TextLine>
            <TextLine id="tl_11" primaryLanguage="English" custom="readingOrder {index:1;}">
                <Coords points="410,697 752,697 752,728 410,728"/>
                <Baseline points="410,727 752,727"/>
                <Word id="w_w1aab1b1b2c15b3ab1" language="English" custom="readingOrder {index:0;}">
                    <Coords points="410,705 445,705 445,726 410,726"/>
                    <TextEquiv>
                        <Unicode>au</Unicode>
                    </TextEquiv>
                    <TextStyle fontFamily="Times New Roman" fontSize="8.5"/>
                </Word>
                <Word id="w_w1aab1b1b2c15b3ab7" language="English" custom="readingOrder {index:1;}">
                    <Coords points="464,697 538,697 538,727 464,727"/>
                    <TextEquiv>
                        <Unicode>mois</Unicode>
                    </TextEquiv>
                    <TextStyle fontFamily="Times New Roman" fontSize="8.5"/>
                </Word>
                <Word id="w_w1aab1b1b2c15b3ac17" language="English" custom="readingOrder {index:2;}">
                    <Coords points="551,698 645,698 645,728 551,728"/>
                    <TextEquiv>
                        <Unicode>d’août</Unicode>
                    </TextEquiv>
                    <TextStyle fontFamily="Times New Roman" fontSize="8.5"/>
                </Word>
                <Word id="w_w1aab1b1b2c15b3ac31" language="English" custom="readingOrder {index:3;}">
                    <Coords points="668,698 752,698 752,727 668,727"/>
                    <TextEquiv>
                        <Unicode>1428.</Unicode>
                    </TextEquiv>
                    <TextStyle fontFamily="Times New Roman" fontSize="8.5"/>
                </Word>
                <TextEquiv>
                    <Unicode>au mois d’août 1428.</Unicode>
                </TextEquiv>
                <TextStyle fontFamily="Times New Roman" fontSize="8.5"/>
            </TextLine>
            <TextEquiv>
                <Unicode>Belle et intéressante pièce relative à la prise d’assaut d'Yenville par les anglais
au mois d’août 1428.</Unicode>
            </TextEquiv>
        </TextRegion>
        <TextRegion type="paragraph" id="r_1_9" custom="readingOrder {index:9;}">
            <Coords points="323,725 1778,725 1778,786 323,786"/>
            <TextLine id="tl_12" primaryLanguage="English" custom="readingOrder {index:0;} textStyle {offset:4; length:8;fontSize:0.0; kerning:0; bold:true;}">
                <Coords points="324,726 1777,726 1777,785 324,785"/>
                <Baseline points="324,771 1777,771"/>
                <Word id="w_w1aab1b1b2c17b1ab1" language="English" custom="readingOrder {index:0;}">
                    <Coords points="324,737 386,737 386,771 324,771"/>
                    <TextEquiv>
                        <Unicode>124</Unicode>
                    </TextEquiv>
                    <TextStyle fontFamily="Times New Roman" fontSize="10.0"/>
                </Word>
                <Word id="w_w1aab1b1b2c17b1b1b1" language="English" custom="readingOrder {index:1;}">
                    <Coords points="409,736 609,736 609,778 409,778"/>
                    <TextEquiv>
                        <Unicode>Pelletan</Unicode>
                    </TextEquiv>
                    <TextStyle fontFamily="Times New Roman" fontSize="9.5" bold="true"/>
                </Word>
                <Word id="w_w1aab1b1b2c17b1b2b1" language="English" custom="readingOrder {index:2;}">
                    <Coords points="628,726 766,726 766,785 628,785"/>
                    <TextEquiv>
                        <Unicode>(Eug.j,</Unicode>
                    </TextEquiv>
                    <TextStyle fontFamily="Times New Roman" fontSize="10.0"/>
                </Word>
                <Word id="w_w1aab1b1b2c17b1b2c17" language="English" custom="readingOrder {index:3;}">
                    <Coords points="798,735 952,735 952,771 798,771"/>
                    <TextEquiv>
                        <Unicode>célèbre</Unicode>
                    </TextEquiv>
                    <TextStyle fontFamily="Times New Roman" fontSize="10.0"/>
                </Word>
                <Word id="w_w1aab1b1b2c17b1b2c33" language="English" custom="readingOrder {index:4;}">
                    <Coords points="984,736 1210,736 1210,780 984,780"/>
                    <TextEquiv>
                        <Unicode>publiciste,</Unicode>
                    </TextEquiv>
                    <TextStyle fontFamily="Times New Roman" fontSize="10.0"/>
                </Word>
                <Word id="w_w1aab1b1b2c17b1b2c57" language="English" custom="readingOrder {index:5;}">
                    <Coords points="1232,737 1374,737 1374,782 1232,782"/>
                    <TextEquiv>
                        <Unicode>député</Unicode>
                    </TextEquiv>
                    <TextStyle fontFamily="Times New Roman" fontSize="10.0"/>
                </Word>
                <Word id="w_w1aab1b1b2c17b1b2c71" language="English" custom="readingOrder {index:6;}">
                    <Coords points="1394,738 1440,738 1440,772 1394,772"/>
                    <TextEquiv>
                        <Unicode>de</Unicode>
                    </TextEquiv>
                    <TextStyle fontFamily="Times New Roman" fontSize="10.0"/>
                </Word>
                <Word id="w_w1aab1b1b2c17b1b2c77" language="English" custom="readingOrder {index:7;}">
                    <Coords points="1466,737 1505,737 1505,772 1466,772"/>
                    <TextEquiv>
                        <Unicode>la</Unicode>
                    </TextEquiv>
                    <TextStyle fontFamily="Times New Roman" fontSize="10.0"/>
                </Word>
                <Word id="w_w1aab1b1b2c17b1b2c83" language="English" custom="readingOrder {index:8;}">
                    <Coords points="1523,737 1653,737 1653,773 1523,773"/>
                    <TextEquiv>
                        <Unicode>Seine.</Unicode>
                    </TextEquiv>
                    <TextStyle fontFamily="Times New Roman" fontSize="10.0"/>
                </Word>
                <Word id="w_w1aab1b1b2c17b1b2c97" language="English" custom="readingOrder {index:9;}">
                    <Coords points="1674,758 1715,758 1715,763 1674,763"/>
                    <TextEquiv>
                        <Unicode>—</Unicode>
                    </TextEquiv>
                    <TextStyle fontFamily="Times New Roman" fontSize="10.0"/>
                </Word>
                <Word id="w_w1aab1b1b2c17b1b2d101" language="English" custom="readingOrder {index:10;}">
                    <Coords points="1734,738 1777,738 1777,772 1734,772"/>
                    <TextEquiv>
                        <Unicode>L.</Unicode>
                    </TextEquiv>
                    <TextStyle fontFamily="Times New Roman" fontSize="10.0"/>
                </Word>
                <TextEquiv>
                    <Unicode>124 Pelletan (Eug.), célèbre publiciste, député de la Seine. — L.</Unicode>
                </TextEquiv>
            </TextLine>
            <TextEquiv>
                <Unicode>124 Pelletan (Eug.), célèbre publiciste, député de la Seine. — L.</Unicode>
            </TextEquiv>
        </TextRegion>
        <TextRegion type="paragraph" id="r_1_10" custom="readingOrder {index:10;}">
            <Coords points="410,779 1778,779 1778,825 410,825"/>
            <TextLine id="tl_13" primaryLanguage="English" custom="readingOrder {index:0;}">
                <Coords points="411,780 1777,780 1777,824 411,824"/>
                <Baseline points="411,815 1777,815"/>
                <Word id="w_w1aab1b1b2c19b1ab1" language="English" custom="readingOrder {index:0;}">
                    <Coords points="411,790 444,790 444,814 411,814"/>
                    <TextEquiv>
                        <Unicode>a.</Unicode>
                    </TextEquiv>
                    <TextStyle fontFamily="Times New Roman" fontSize="10.0"/>
                </Word>
                <Word id="w_w1aab1b1b2c19b1ab7" language="English" custom="readingOrder {index:1;}">
                    <Coords points="465,790 496,790 496,814 465,814"/>
                    <TextEquiv>
                        <Unicode>s.</Unicode>
                    </TextEquiv>
                    <TextStyle fontFamily="Times New Roman" fontSize="10.0"/>
                </Word>
                <Word id="w_w1aab1b1b2c19b1ac13" language="English" custom="readingOrder {index:2;}">
                    <Coords points="517,780 539,780 539,813 517,813"/>
                    <TextEquiv>
                        <Unicode>à</Unicode>
                    </TextEquiv>
                    <TextStyle fontFamily="Times New Roman" fontSize="10.0"/>
                </Word>
                <Word id="w_w1aab1b1b2c19b1ac17" language="English" custom="readingOrder {index:3;}">
                    <Coords points="556,780 756,780 756,820 556,820"/>
                    <TextEquiv>
                        <Unicode>Perrotin,</Unicode>
                    </TextEquiv>
                    <TextStyle fontFamily="Times New Roman" fontSize="10.0"/>
                </Word>
                <Word id="w_w1aab1b1b2c19b1ac37" language="English" custom="readingOrder {index:4;}">
                    <Coords points="783,782 878,782 878,819 783,819"/>
                    <TextEquiv>
                        <Unicode>1849,</Unicode>
                    </TextEquiv>
                    <TextStyle fontFamily="Times New Roman" fontSize="10.0"/>
                </Word>
                <Word id="w_w1aab1b1b2c19b1ac49" language="English" custom="readingOrder {index:5;}">
                    <Coords points="902,782 913,782 913,814 902,814"/>
                    <TextEquiv>
                        <Unicode>1</Unicode>
                    </TextEquiv>
                    <TextStyle fontFamily="Times New Roman" fontSize="10.0"/>
                </Word>
                <Word id="w_w1aab1b1b2c19b1ac53" language="English" custom="readingOrder {index:6;}">
                    <Coords points="926,782 962,782 962,822 926,822"/>
                    <TextEquiv>
                        <Unicode>/2</Unicode>
                    </TextEquiv>
                    <TextStyle fontFamily="Times New Roman" fontSize="10.0"/>
                </Word>
                <Word id="w_w1aab1b1b2c19b1ac59" language="English" custom="readingOrder {index:7;}">
                    <Coords points="982,790 1017,790 1017,824 982,824"/>
                    <TextEquiv>
                        <Unicode>p.</Unicode>
                    </TextEquiv>
                    <TextStyle fontFamily="Times New Roman" fontSize="10.0"/>
                </Word>
                <Word id="w_w1aab1b1b2c19b1ac65" language="English" custom="readingOrder {index:8;}">
                    <Coords points="1037,780 1133,780 1133,821 1037,821"/>
                    <TextEquiv>
                        <Unicode>in-8,</Unicode>
                    </TextEquiv>
                    <TextStyle fontFamily="Times New Roman" fontSize="10.0"/>
                </Word>
                <Word id="w_w1aab1b1b2c19b1ac77" language="English" custom="readingOrder {index:9;}">
                    <Coords points="1154,781 1304,781 1304,816 1154,816"/>
                    <TextEquiv>
                        <Unicode>cachet.</Unicode>
                    </TextEquiv>
                    <TextStyle fontFamily="Times New Roman" fontSize="10.0"/>
                </Word>
                <Word id="w_w1aab1b1b2c19b1ac93" language="English" custom="readingOrder {index:10;}">
                    <Coords points="1695,785 1705,785 1705,817 1695,817"/>
                    <TextEquiv>
                        <Unicode>1</Unicode>
                    </TextEquiv>
                    <TextStyle fontFamily="Times New Roman" fontSize="10.0"/>
                </Word>
                <Word id="w_w1aab1b1b2c19b1ac97" language="English" custom="readingOrder {index:11;}">
                    <Coords points="1734,784 1777,784 1777,817 1734,817"/>
                    <TextEquiv>
                        <Unicode>50</Unicode>
                    </TextEquiv>
                    <TextStyle fontFamily="Times New Roman" fontSize="10.0"/>
                </Word>
                <TextEquiv>
                    <Unicode>a. s. à Perrotin, 1849, 1 /2 p. in-8, cachet. 1 50</Unicode>
                </TextEquiv>
                <TextStyle fontFamily="Times New Roman" fontSize="10.0"/>
            </TextLine>
            <TextEquiv>
                <Unicode>a. s. à Perrotin, 1849, 1 /2 p. in-8, cachet. 1 50</Unicode>
            </TextEquiv>
        </TextRegion>
        <TextRegion type="paragraph" id="r_1_11" custom="readingOrder {index:11;}">
            <Coords points="323,822 1779,822 1779,870 323,870"/>
            <TextLine id="tl_14" primaryLanguage="English" custom="readingOrder {index:0;} textStyle {offset:4; length:6;fontSize:0.0; kerning:0; bold:true;}">
                <Coords points="324,823 1778,823 1778,869 324,869"/>
                <Baseline points="324,859 1778,859"/>
                <Word id="w_w1aab1b1b2c21b1ab1" language="English" custom="readingOrder {index:0;}">
                    <Coords points="324,825 386,825 386,859 324,859"/>
                    <TextEquiv>
                        <Unicode>125</Unicode>
                    </TextEquiv>
                    <TextStyle fontFamily="Times New Roman" fontSize="10.0"/>
                </Word>
                <Word id="w_w1aab1b1b2c21b1b1b1" language="English" custom="readingOrder {index:1;}">
                    <Coords points="408,824 568,824 568,867 408,867"/>
                    <TextEquiv>
                        <Unicode>Picard</Unicode>
                    </TextEquiv>
                    <TextStyle fontFamily="Times New Roman" fontSize="9.5" bold="true"/>
                </Word>
                <Word id="w_w1aab1b1b2c21b1b2b1" language="English" custom="readingOrder {index:2;}">
                    <Coords points="587,823 767,823 767,869 587,869"/>
                    <TextEquiv>
                        <Unicode>(Ernest),</Unicode>
                    </TextEquiv>
                    <TextStyle fontFamily="Times New Roman" fontSize="10.0"/>
                </Word>
                <Word id="w_w1aab1b1b2c21b1b2c21" language="English" custom="readingOrder {index:3;}">
                    <Coords points="789,824 943,824 943,859 789,859"/>
                    <TextEquiv>
                        <Unicode>célèbre</Unicode>
                    </TextEquiv>
                    <TextStyle fontFamily="Times New Roman" fontSize="10.0"/>
                </Word>
                <Word id="w_w1aab1b1b2c21b1b2c37" language="English" custom="readingOrder {index:4;}">
                    <Coords points="963,824 1108,824 1108,869 963,869"/>
                    <TextEquiv>
                        <Unicode>député</Unicode>
                    </TextEquiv>
                    <TextStyle fontFamily="Times New Roman" fontSize="10.0"/>
                </Word>
                <Word id="w_w1aab1b1b2c21b1b2c51" language="English" custom="readingOrder {index:5;}">
                    <Coords points="1128,824 1174,824 1174,859 1128,859"/>
                    <TextEquiv>
                        <Unicode>de</Unicode>
                    </TextEquiv>
                    <TextStyle fontFamily="Times New Roman" fontSize="10.0"/>
                </Word>
                <Word id="w_w1aab1b1b2c21b1b2c57" language="English" custom="readingOrder {index:6;}">
                    <Coords points="1200,825 1239,825 1239,860 1200,860"/>
                    <TextEquiv>
                        <Unicode>la</Unicode>
                    </TextEquiv>
                    <TextStyle fontFamily="Times New Roman" fontSize="10.0"/>
                </Word>
                <Word id="w_w1aab1b1b2c21b1b2c63" language="English" custom="readingOrder {index:7;}">
                    <Coords points="1266,825 1397,825 1397,861 1266,861"/>
                    <TextEquiv>
                        <Unicode>Seine.</Unicode>
                    </TextEquiv>
                    <TextStyle fontFamily="Times New Roman" fontSize="10.0"/>
                </Word>
                <Word id="w_w1aab1b1b2c21b1b2c77" language="English" custom="readingOrder {index:8;}">
                    <Coords points="1413,844 1454,844 1454,850 1413,850"/>
                    <TextEquiv>
                        <Unicode>—</Unicode>
                    </TextEquiv>
                    <TextStyle fontFamily="Times New Roman" fontSize="10.0"/>
                </Word>
                <Word id="w_w1aab1b1b2c21b1b2c81" language="English" custom="readingOrder {index:9;}">
                    <Coords points="1473,825 1516,825 1516,859 1473,859"/>
                    <TextEquiv>
                        <Unicode>L.</Unicode>
                    </TextEquiv>
                    <TextStyle fontFamily="Times New Roman" fontSize="10.0"/>
                </Word>
                <Word id="w_w1aab1b1b2c21b1b2c87" language="English" custom="readingOrder {index:10;}">
                    <Coords points="1545,836 1579,836 1579,860 1545,860"/>
                    <TextEquiv>
                        <Unicode>a.</Unicode>
                    </TextEquiv>
                    <TextStyle fontFamily="Times New Roman" fontSize="10.0"/>
                </Word>
                <Word id="w_w1aab1b1b2c21b1b2c93" language="English" custom="readingOrder {index:11;}">
                    <Coords points="1608,837 1652,837 1652,869 1608,869"/>
                    <TextEquiv>
                        <Unicode>s.,</Unicode>
                    </TextEquiv>
                    <TextStyle fontFamily="Times New Roman" fontSize="10.0"/>
                </Word>
                <Word id="w_w1aab1b1b2c21b1b2d101" language="English" custom="readingOrder {index:12;}">
                    <Coords points="1682,828 1778,828 1778,867 1682,867"/>
                    <TextEquiv>
                        <Unicode>1868,</Unicode>
                    </TextEquiv>
                    <TextStyle fontFamily="Times New Roman" fontSize="10.0"/>
                </Word>
                <TextEquiv>
                    <Unicode>125 Picard (Ernest), célèbre député de la Seine. — L. a. s., 1868,</Unicode>
                </TextEquiv>
            </TextLine>
            <TextEquiv>
                <Unicode>125 Picard (Ernest), célèbre député de la Seine. — L. a. s., 1868,</Unicode>
            </TextEquiv>
        </TextRegion>
        <TextRegion type="paragraph" id="r_1_12" custom="readingOrder {index:12;}">
            <Coords points="412,867 1781,867 1781,921 412,921"/>
            <TextLine id="tl_15" primaryLanguage="English" custom="readingOrder {index:0;}">
                <Coords points="413,868 1780,868 1780,920 413,920"/>
                <Baseline points="413,902 1780,902"/>
                <Word id="w_w1aab1b1b2c23b1ab1" language="English" custom="readingOrder {index:0;}">
                    <Coords points="413,870 424,870 424,901 413,901"/>
                    <TextEquiv>
                        <Unicode>1</Unicode>
                    </TextEquiv>
                    <TextStyle fontFamily="Times New Roman" fontSize="10.0"/>
                </Word>
                <Word id="w_w1aab1b1b2c23b1ab5" language="English" custom="readingOrder {index:1;}">
                    <Coords points="447,877 484,877 484,920 447,920"/>
                    <TextEquiv>
                        <Unicode>p.</Unicode>
                    </TextEquiv>
                    <TextStyle fontFamily="Times New Roman" fontSize="10.0"/>
                </Word>
                <Word id="w_w1aab1b1b2c23b1ac11" language="English" custom="readingOrder {index:2;}">
                    <Coords points="508,868 602,868 602,902 508,902"/>
                    <TextEquiv>
                        <Unicode>in-8.</Unicode>
                    </TextEquiv>
                    <TextStyle fontFamily="Times New Roman" fontSize="10.0"/>
                </Word>
                <Word id="w_w1aab1b1b2c23b1ac23" language="English" custom="readingOrder {index:3;}">
                    <Coords points="1692,872 1713,872 1713,905 1692,905"/>
                    <TextEquiv>
                        <Unicode>2</Unicode>
                    </TextEquiv>
                    <TextStyle fontFamily="Times New Roman" fontSize="10.0"/>
                </Word>
                <Word id="w_w1aab1b1b2c23b1ac27" language="English" custom="readingOrder {index:4;}">
                    <Coords points="1736,872 1780,872 1780,904 1736,904"/>
                    <TextEquiv>
                        <Unicode>50</Unicode>
                    </TextEquiv>
                    <TextStyle fontFamily="Times New Roman" fontSize="10.0"/>
                </Word>
                <TextEquiv>
                    <Unicode>1 p. in-8. 2 50</Unicode>
                </TextEquiv>
                <TextStyle fontFamily="Times New Roman" fontSize="10.0"/>
            </TextLine>
            <TextEquiv>
                <Unicode>1 p. in-8. 2 50</Unicode>
            </TextEquiv>
        </TextRegion>
        <TextRegion type="paragraph" id="r_1_13" custom="readingOrder {index:13;}">
            <Coords points="325,911 1780,911 1780,958 325,958"/>
            <TextLine id="tl_16" primaryLanguage="English" custom="readingOrder {index:0;} textStyle {offset:4; length:6;fontSize:0.0; kerning:0; bold:true;} textStyle {offset:20; length:7;italic:true; fontSize:0.0; kerning:0;}">
                <Coords points="326,912 1779,912 1779,957 326,957"/>
                <Baseline points="326,946 1779,946"/>
                <Word id="w_w1aab1b1b2c25b1ab1" language="English" custom="readingOrder {index:0;}">
                    <Coords points="326,913 386,913 386,946 326,946"/>
                    <TextEquiv>
                        <Unicode>126</Unicode>
                    </TextEquiv>
                    <TextStyle fontFamily="Times New Roman" fontSize="10.0"/>
                </Word>
                <Word id="w_w1aab1b1b2c25b1b1b1" language="English" custom="readingOrder {index:1;}">
                    <Coords points="409,913 485,913 485,945 409,945"/>
                    <TextEquiv>
                        <Unicode>Pie</Unicode>
                    </TextEquiv>
                    <TextStyle fontFamily="Times New Roman" fontSize="9.5" bold="true"/>
                </Word>
                <Word id="w_w1aab1b1b2c25b1b1b9" language="English" custom="readingOrder {index:2;}">
                    <Coords points="501,912 561,912 561,955 501,955"/>
                    <TextEquiv>
                        <Unicode>VI</Unicode>
                    </TextEquiv>
                    <TextStyle fontFamily="Times New Roman" fontSize="9.5" bold="true"/>
                </Word>
                <Word id="w_w1aab1b1b2c25b1b2b1" language="English" custom="readingOrder {index:3;}">
                    <Coords points="599,912 779,912 779,957 599,957"/>
                    <TextEquiv>
                        <Unicode>(J.-Ange</Unicode>
                    </TextEquiv>
                    <TextStyle fontFamily="Times New Roman" fontSize="10.0"/>
                </Word>
                <Word id="w_w1aab1b1b2c25b1b3b1" language="English" custom="readingOrder {index:4;}">
                    <Coords points="806,913 941,913 941,946 806,946"/>
                    <TextEquiv>
                        <Unicode>Braschi</Unicode>
                    </TextEquiv>
                    <TextStyle fontFamily="Times New Roman" fontSize="10.0" italic="true"/>
                </Word>
                <Word id="w_w1aab1b1b2c25b1b4b1" language="English" custom="readingOrder {index:5;}">
                    <Coords points="944,913 966,913 966,955 944,955"/>
                    <TextEquiv>
                        <Unicode>),</Unicode>
                    </TextEquiv>
                    <TextStyle fontFamily="Times New Roman" fontSize="10.0"/>
                </Word>
                <Word id="w_w1aab1b1b2c25b1b4b7" language="English" custom="readingOrder {index:6;}">
                    <Coords points="1005,922 1115,922 1115,957 1005,957"/>
                    <TextEquiv>
                        <Unicode>pape,</Unicode>
                    </TextEquiv>
                    <TextStyle fontFamily="Times New Roman" fontSize="10.0"/>
                </Word>
                <Word id="w_w1aab1b1b2c25b1b4c19" language="English" custom="readingOrder {index:7;}">
                    <Coords points="1154,914 1257,914 1257,947 1154,947"/>
                    <TextEquiv>
                        <Unicode>mort</Unicode>
                    </TextEquiv>
                    <TextStyle fontFamily="Times New Roman" fontSize="10.0"/>
                </Word>
                <Word id="w_w1aab1b1b2c25b1b4c29" language="English" custom="readingOrder {index:8;}">
                    <Coords points="1292,912 1518,912 1518,957 1292,957"/>
                    <TextEquiv>
                        <Unicode>prisonnier</Unicode>
                    </TextEquiv>
                    <TextStyle fontFamily="Times New Roman" fontSize="10.0"/>
                </Word>
                <Word id="w_w1aab1b1b2c25b1b4c51" language="English" custom="readingOrder {index:9;}">
                    <Coords points="1553,914 1575,914 1575,947 1553,947"/>
                    <TextEquiv>
                        <Unicode>à</Unicode>
                    </TextEquiv>
                    <TextStyle fontFamily="Times New Roman" fontSize="10.0"/>
                </Word>
                <Word id="w_w1aab1b1b2c25b1b4c55" language="English" custom="readingOrder {index:10;}">
                    <Coords points="1609,913 1779,913 1779,948 1609,948"/>
                    <TextEquiv>
                        <Unicode>Valence</Unicode>
                    </TextEquiv>
                    <TextStyle fontFamily="Times New Roman" fontSize="10.0"/>
                </Word>
                <TextEquiv>
                    <Unicode>126 Pie VI (J.-Ange Braschi), pape, mort prisonnier à Valence</Unicode>
                </TextEquiv>
            </TextLine>
            <TextEquiv>
                <Unicode>126 Pie VI (J.-Ange Braschi), pape, mort prisonnier à Valence</Unicode>
            </TextEquiv>
        </TextRegion>
        <TextRegion type="paragraph" id="r_1_14" custom="readingOrder {index:14;}">
            <Coords points="409,954 1781,954 1781,1046 409,1046"/>
            <TextLine id="tl_17" primaryLanguage="English" custom="readingOrder {index:0;}">
                <Coords points="410,955 1780,955 1780,1001 410,1001"/>
                <Baseline points="410,991 1780,991"/>
                <Word id="w_w1aab1b1b2c27b1ab1" language="English" custom="readingOrder {index:0;}">
                    <Coords points="410,955 576,955 576,999 410,999"/>
                    <TextEquiv>
                        <Unicode>(Drôme)</Unicode>
                    </TextEquiv>
                    <TextStyle fontFamily="Times New Roman" fontSize="10.0"/>
                </Word>
                <Word id="w_w1aab1b1b2c27b1ac17" language="English" custom="readingOrder {index:1;}">
                    <Coords points="596,967 644,967 644,990 596,990"/>
                    <TextEquiv>
                        <Unicode>en</Unicode>
                    </TextEquiv>
                    <TextStyle fontFamily="Times New Roman" fontSize="10.0"/>
                </Word>
                <Word id="w_w1aab1b1b2c27b1ac23" language="English" custom="readingOrder {index:2;}">
                    <Coords points="668,959 763,959 763,990 668,990"/>
                    <TextEquiv>
                        <Unicode>1798.</Unicode>
                    </TextEquiv>
                    <TextStyle fontFamily="Times New Roman" fontSize="10.0"/>
                </Word>
                <Word id="w_w1aab1b1b2c27b1ac35" language="English" custom="readingOrder {index:3;}">
                    <Coords points="783,975 825,975 825,980 783,980"/>
                    <TextEquiv>
                        <Unicode>—</Unicode>
                    </TextEquiv>
                    <TextStyle fontFamily="Times New Roman" fontSize="10.0"/>
                </Word>
                <Word id="w_w1aab1b1b2c27b1ac39" language="English" custom="readingOrder {index:4;}">
                    <Coords points="845,956 961,956 961,991 845,991"/>
                    <TextEquiv>
                        <Unicode>Pièce</Unicode>
                    </TextEquiv>
                    <TextStyle fontFamily="Times New Roman" fontSize="10.0"/>
                </Word>
                <Word id="w_w1aab1b1b2c27b1ac51" language="English" custom="readingOrder {index:5;}">
                    <Coords points="987,955 1091,955 1091,990 987,990"/>
                    <TextEquiv>
                        <Unicode>deux</Unicode>
                    </TextEquiv>
                    <TextStyle fontFamily="Times New Roman" fontSize="10.0"/>
                </Word>
                <Word id="w_w1aab1b1b2c27b1ac61" language="English" custom="readingOrder {index:6;}">
                    <Coords points="1110,957 1185,957 1185,991 1110,991"/>
                    <TextEquiv>
                        <Unicode>fois</Unicode>
                    </TextEquiv>
                    <TextStyle fontFamily="Times New Roman" fontSize="10.0"/>
                </Word>
                <Word id="w_w1aab1b1b2c27b1ac71" language="English" custom="readingOrder {index:7;}">
                    <Coords points="1215,957 1289,957 1289,1001 1215,1001"/>
                    <TextEquiv>
                        <Unicode>sig.</Unicode>
                    </TextEquiv>
                    <TextStyle fontFamily="Times New Roman" fontSize="10.0"/>
                </Word>
                <Word id="w_w1aab1b1b2c27b1ac81" language="English" custom="readingOrder {index:8;}">
                    <Coords points="1322,957 1434,957 1434,1000 1322,1000"/>
                    <TextEquiv>
                        <Unicode>J.-A.,</Unicode>
                    </TextEquiv>
                    <TextStyle fontFamily="Times New Roman" fontSize="10.0"/>
                </Word>
                <Word id="w_w1aab1b1b2c27b1ac95" language="English" custom="readingOrder {index:9;}">
                    <Coords points="1465,968 1557,968 1557,991 1465,991"/>
                    <TextEquiv>
                        <Unicode>avec</Unicode>
                    </TextEquiv>
                    <TextStyle fontFamily="Times New Roman" fontSize="10.0"/>
                </Word>
                <Word id="w_w1aab1b1b2c27b1ad105" language="English" custom="readingOrder {index:10;}">
                    <Coords points="1589,968 1651,968 1651,992 1589,992"/>
                    <TextEquiv>
                        <Unicode>ces</Unicode>
                    </TextEquiv>
                    <TextStyle fontFamily="Times New Roman" fontSize="10.0"/>
                </Word>
                <Word id="w_w1aab1b1b2c27b1ad113" language="English" custom="readingOrder {index:11;}">
                    <Coords points="1679,960 1780,960 1780,992 1679,992"/>
                    <TextEquiv>
                        <Unicode>mots</Unicode>
                    </TextEquiv>
                    <TextStyle fontFamily="Times New Roman" fontSize="10.0"/>
                </Word>
                <TextEquiv>
                    <Unicode>(Drôme) en 1798. — Pièce deux fois sig. J.-A., avec ces mots</Unicode>
                </TextEquiv>
                <TextStyle fontFamily="Times New Roman" fontSize="10.0"/>
            </TextLine>
            <TextLine id="tl_18" primaryLanguage="English" custom="readingOrder {index:1;} textStyle {offset:7; length:17;italic:true; fontSize:0.0; kerning:0;}">
                <Coords points="410,1000 1777,1000 1777,1045 410,1045"/>
                <Baseline points="410,1034 1777,1034"/>
                <Word id="w_w1aab1b1b2c27b3ab1" language="English" custom="readingOrder {index:0;}">
                    <Coords points="410,1001 492,1001 492,1034 410,1034"/>
                    <TextEquiv>
                        <Unicode>aut.</Unicode>
                    </TextEquiv>
                    <TextStyle fontFamily="Times New Roman" fontSize="10.0"/>
                </Word>
                <Word id="w_w1aab1b1b2c27b3ac11" language="English" custom="readingOrder {index:1;}">
                    <Coords points="515,1003 522,1003 522,1034 515,1034"/>
                    <TextEquiv>
                        <Unicode>:</Unicode>
                    </TextEquiv>
                    <TextStyle fontFamily="Times New Roman" fontSize="10.0"/>
                </Word>
                <Word id="w_w1aab1b1b2c27b3b1b1" language="English" custom="readingOrder {index:2;}">
                    <Coords points="544,1003 621,1003 621,1034 544,1034"/>
                    <TextEquiv>
                        <Unicode>Fiat</Unicode>
                    </TextEquiv>
                    <TextStyle fontFamily="Times New Roman" fontSize="10.0" italic="true"/>
                </Word>
                <Word id="w_w1aab1b1b2c27b3b1c11" language="English" custom="readingOrder {index:3;}">
                    <Coords points="637,1003 725,1003 725,1033 637,1033"/>
                    <TextEquiv>
                        <Unicode>motu</Unicode>
                    </TextEquiv>
                    <TextStyle fontFamily="Times New Roman" fontSize="10.0" italic="true"/>
                </Word>
                <Word id="w_w1aab1b1b2c27b3b1c21" language="English" custom="readingOrder {index:4;}">
                    <Coords points="741,1003 896,1003 896,1043 741,1043"/>
                    <TextEquiv>
                        <Unicode>propi'io;</Unicode>
                    </TextEquiv>
                    <TextStyle fontFamily="Times New Roman" fontSize="10.0" italic="true"/>
                </Word>
                <Word id="w_w1aab1b1b2c27b3b2b3" language="English" custom="readingOrder {index:5;}">
                    <Coords points="917,1000 1055,1000 1055,1042 917,1042"/>
                    <TextEquiv>
                        <Unicode>Rome,</Unicode>
                    </TextEquiv>
                    <TextStyle fontFamily="Times New Roman" fontSize="10.0"/>
                </Word>
                <Word id="w_w1aab1b1b2c27b3b2c15" language="English" custom="readingOrder {index:6;}">
                    <Coords points="1078,1003 1174,1003 1174,1040 1078,1040"/>
                    <TextEquiv>
                        <Unicode>1785,</Unicode>
                    </TextEquiv>
                    <TextStyle fontFamily="Times New Roman" fontSize="10.0"/>
                </Word>
                <Word id="w_w1aab1b1b2c27b3b2c27" language="English" custom="readingOrder {index:7;}">
                    <Coords points="1198,1003 1208,1003 1208,1034 1198,1034"/>
                    <TextEquiv>
                        <Unicode>1</Unicode>
                    </TextEquiv>
                    <TextStyle fontFamily="Times New Roman" fontSize="10.0"/>
                </Word>
                <Word id="w_w1aab1b1b2c27b3b2c31" language="English" custom="readingOrder {index:8;}">
                    <Coords points="1234,1011 1269,1011 1269,1045 1234,1045"/>
                    <TextEquiv>
                        <Unicode>p.</Unicode>
                    </TextEquiv>
                    <TextStyle fontFamily="Times New Roman" fontSize="10.0"/>
                </Word>
                <Word id="w_w1aab1b1b2c27b3b2c37" language="English" custom="readingOrder {index:9;}">
                    <Coords points="1291,1001 1377,1001 1377,1036 1291,1036"/>
                    <TextEquiv>
                        <Unicode>in-f.</Unicode>
                    </TextEquiv>
                    <TextStyle fontFamily="Times New Roman" fontSize="10.0"/>
                </Word>
                <Word id="w_w1aab1b1b2c27b3b2c49" language="English" custom="readingOrder {index:10;}">
                    <Coords points="1687,1004 1708,1004 1708,1036 1687,1036"/>
                    <TextEquiv>
                        <Unicode>4</Unicode>
                    </TextEquiv>
                    <TextStyle fontFamily="Times New Roman" fontSize="10.0"/>
                </Word>
                <Word id="w_w1aab1b1b2c27b3b2c53" language="English" custom="readingOrder {index:11;}">
                    <Coords points="1732,1004 1777,1004 1777,1036 1732,1036"/>
                    <TextEquiv>
                        <Unicode>50</Unicode>
                    </TextEquiv>
                    <TextStyle fontFamily="Times New Roman" fontSize="10.0"/>
                </Word>
                <TextEquiv>
                    <Unicode>aut. : Fiat motu proprio; Rome, 1785, 1 p. in-f. 4 50</Unicode>
                </TextEquiv>
            </TextLine>
            <TextEquiv>
                <Unicode>(Drôme) en 1798. — Pièce deux fois sig. J.-A., avec ces mots
aut. : Fiat motu proprio; Rome, 1785, 1 p. in-f. 4 50</Unicode>
            </TextEquiv>
        </TextRegion>
        <TextRegion type="paragraph" id="r_1_15" custom="readingOrder {index:15;}">
            <Coords points="324,1042 1780,1042 1780,1099 324,1099"/>
            <TextLine id="tl_19" primaryLanguage="English" custom="readingOrder {index:0;} textStyle {offset:4; length:7;fontSize:0.0; kerning:0; bold:true;} textStyle {offset:28; length:11;italic:true; fontSize:0.0; kerning:0;}">
                <Coords points="325,1043 1779,1043 1779,1098 325,1098"/>
                <Baseline points="325,1078 1779,1078"/>
                <Word id="w_w1aab1b1b2c29b1ab1" language="English" custom="readingOrder {index:0;}">
                    <Coords points="325,1044 382,1044 382,1078 325,1078"/>
                    <TextEquiv>
                        <Unicode>127</Unicode>
                    </TextEquiv>
                    <TextStyle fontFamily="Times New Roman" fontSize="10.0"/>
                </Word>
                <Word id="w_w1aab1b1b2c29b1b1b1" language="English" custom="readingOrder {index:1;}">
                    <Coords points="409,1044 484,1044 484,1077 409,1077"/>
                    <TextEquiv>
                        <Unicode>Pie</Unicode>
                    </TextEquiv>
                    <TextStyle fontFamily="Times New Roman" fontSize="9.5" bold="true"/>
                </Word>
                <Word id="w_w1aab1b1b2c29b1b1b9" language="English" custom="readingOrder {index:2;}">
                    <Coords points="518,1045 599,1045 599,1088 518,1088"/>
                    <TextEquiv>
                        <Unicode>VII</Unicode>
                    </TextEquiv>
                    <TextStyle fontFamily="Times New Roman" fontSize="9.5" bold="true"/>
                </Word>
                <Word id="w_w1aab1b1b2c29b1b2b1" language="English" custom="readingOrder {index:3;}">
                    <Coords points="630,1043 965,1043 965,1098 630,1098"/>
                    <TextEquiv>
                        <Unicode>(Grég.-L.-Barn.</Unicode>
                    </TextEquiv>
                    <TextStyle fontFamily="Times New Roman" fontSize="10.0"/>
                </Word>
                <Word id="w_w1aab1b1b2c29b1b3b1" language="English" custom="readingOrder {index:4;}">
                    <Coords points="998,1045 1250,1045 1250,1089 998,1089"/>
                    <TextEquiv>
                        <Unicode>Chiaramonti),</Unicode>
                    </TextEquiv>
                    <TextStyle fontFamily="Times New Roman" fontSize="10.0" italic="true"/>
                </Word>
                <Word id="w_w1aab1b1b2c29b1b4b3" language="English" custom="readingOrder {index:5;}">
                    <Coords points="1282,1055 1378,1055 1378,1089 1282,1089"/>
                    <TextEquiv>
                        <Unicode>pape</Unicode>
                    </TextEquiv>
                    <TextStyle fontFamily="Times New Roman" fontSize="10.0"/>
                </Word>
                <Word id="w_w1aab1b1b2c29b1b4c13" language="English" custom="readingOrder {index:6;}">
                    <Coords points="1411,1044 1562,1044 1562,1079 1411,1079"/>
                    <TextEquiv>
                        <Unicode>célèbre</Unicode>
                    </TextEquiv>
                    <TextStyle fontFamily="Times New Roman" fontSize="10.0"/>
                </Word>
                <Word id="w_w1aab1b1b2c29b1b4c29" language="English" custom="readingOrder {index:7;}">
                    <Coords points="1606,1055 1676,1055 1676,1090 1606,1090"/>
                    <TextEquiv>
                        <Unicode>par</Unicode>
                    </TextEquiv>
                    <TextStyle fontFamily="Times New Roman" fontSize="10.0"/>
                </Word>
                <Word id="w_w1aab1b1b2c29b1b4c37" language="English" custom="readingOrder {index:8;}">
                    <Coords points="1719,1055 1779,1055 1779,1080 1719,1080"/>
                    <TextEquiv>
                        <Unicode>ses</Unicode>
                    </TextEquiv>
                    <TextStyle fontFamily="Times New Roman" fontSize="10.0"/>
                </Word>
                <TextEquiv>
                    <Unicode>127 Pie VII (Grég.-L.-Barn. Chiaramonti), pape célèbre par ses</Unicode>
                </TextEquiv>
            </TextLine>
            <TextEquiv>
                <Unicode>127 Pie VII (Grég.-L.-Barn. Chiaramonti), pape célèbre par ses</Unicode>
            </TextEquiv>
        </TextRegion>
        <TextRegion type="paragraph" id="r_1_16" custom="readingOrder {index:16;}">
            <Coords points="409,1086 1780,1086 1780,1178 409,1178"/>
            <TextLine id="tl_20" primaryLanguage="English" custom="readingOrder {index:0;}">
                <Coords points="410,1087 1775,1087 1775,1134 410,1134"/>
                <Baseline points="410,1123 1775,1123"/>
                <Word id="w_w1aab1b1b2c31b1ab1" language="English" custom="readingOrder {index:0;}">
                    <Coords points="410,1087 581,1087 581,1123 410,1123"/>
                    <TextEquiv>
                        <Unicode>démêlés</Unicode>
                    </TextEquiv>
                    <TextStyle fontFamily="Times New Roman" fontSize="10.0"/>
                </Word>
                <Word id="w_w1aab1b1b2c31b1ac17" language="English" custom="readingOrder {index:1;}">
                    <Coords points="601,1098 694,1098 694,1122 601,1122"/>
                    <TextEquiv>
                        <Unicode>avec</Unicode>
                    </TextEquiv>
                    <TextStyle fontFamily="Times New Roman" fontSize="10.0"/>
                </Word>
                <Word id="w_w1aab1b1b2c31b1ac27" language="English" custom="readingOrder {index:2;}">
                    <Coords points="714,1088 916,1088 916,1132 714,1132"/>
                    <TextEquiv>
                        <Unicode>Napoléon</Unicode>
                    </TextEquiv>
                    <TextStyle fontFamily="Times New Roman" fontSize="10.0"/>
                </Word>
                <Word id="w_w1aab1b1b2c31b1ac45" language="English" custom="readingOrder {index:3;}">
                    <Coords points="937,1088 951,1088 951,1122 937,1122"/>
                    <TextEquiv>
                        <Unicode>I</Unicode>
                    </TextEquiv>
                    <TextStyle fontFamily="Times New Roman" fontSize="10.0"/>
                </Word>
                <Word id="w_w1aab1b1b2c31b1b1b1" language="English" custom="readingOrder {index:4;}">
                    <Coords points="955,1093 982,1093 982,1109 955,1109"/>
                    <TextEquiv>
                        <Unicode>er</Unicode>
                    </TextEquiv>
                    <TextStyle fontFamily="Times New Roman" fontSize="10.0" superscript="true"/>
                </Word>
                <Word id="w_w1aab1b1b2c31b1b2b1" language="English" custom="readingOrder {index:5;}">
                    <Coords points="987,1115 994,1115 994,1122 987,1122"/>
                    <TextEquiv>
                        <Unicode>.</Unicode>
                    </TextEquiv>
                    <TextStyle fontFamily="Times New Roman" fontSize="10.0"/>
                </Word>
                <Word id="w_w1aab1b1b2c31b1b2b5" language="English" custom="readingOrder {index:6;}">
                    <Coords points="1016,1108 1058,1108 1058,1113 1016,1113"/>
                    <TextEquiv>
                        <Unicode>—</Unicode>
                    </TextEquiv>
                    <TextStyle fontFamily="Times New Roman" fontSize="10.0"/>
                </Word>
                <Word id="w_w1aab1b1b2c31b1b2b9" language="English" custom="readingOrder {index:7;}">
                    <Coords points="1076,1088 1119,1088 1119,1123 1076,1123"/>
                    <TextEquiv>
                        <Unicode>L.</Unicode>
                    </TextEquiv>
                    <TextStyle fontFamily="Times New Roman" fontSize="10.0"/>
                </Word>
                <Word id="w_w1aab1b1b2c31b1b2c15" language="English" custom="readingOrder {index:8;}">
                    <Coords points="1141,1099 1185,1099 1185,1131 1141,1131"/>
                    <TextEquiv>
                        <Unicode>s.,</Unicode>
                    </TextEquiv>
                    <TextStyle fontFamily="Times New Roman" fontSize="10.0"/>
                </Word>
                <Word id="w_w1aab1b1b2c31b1b2c23" language="English" custom="readingOrder {index:9;}">
                    <Coords points="1206,1099 1299,1099 1299,1123 1206,1123"/>
                    <TextEquiv>
                        <Unicode>avec</Unicode>
                    </TextEquiv>
                    <TextStyle fontFamily="Times New Roman" fontSize="10.0"/>
                </Word>
                <Word id="w_w1aab1b1b2c31b1b2c33" language="English" custom="readingOrder {index:10;}">
                    <Coords points="1319,1089 1358,1089 1358,1123 1319,1123"/>
                    <TextEquiv>
                        <Unicode>la</Unicode>
                    </TextEquiv>
                    <TextStyle fontFamily="Times New Roman" fontSize="10.0"/>
                </Word>
                <Word id="w_w1aab1b1b2c31b1b2c39" language="English" custom="readingOrder {index:11;}">
                    <Coords points="1376,1089 1586,1089 1586,1134 1376,1134"/>
                    <TextEquiv>
                        <Unicode>souscript.</Unicode>
                    </TextEquiv>
                    <TextStyle fontFamily="Times New Roman" fontSize="10.0"/>
                </Word>
                <Word id="w_w1aab1b1b2c31b1b2c61" language="English" custom="readingOrder {index:12;}">
                    <Coords points="1608,1091 1705,1091 1705,1131 1608,1131"/>
                    <TextEquiv>
                        <Unicode>aut.,</Unicode>
                    </TextEquiv>
                    <TextStyle fontFamily="Times New Roman" fontSize="10.0"/>
                </Word>
                <Word id="w_w1aab1b1b2c31b1b2c73" language="English" custom="readingOrder {index:13;}">
                    <Coords points="1727,1100 1775,1100 1775,1123 1727,1123"/>
                    <TextEquiv>
                        <Unicode>au</Unicode>
                    </TextEquiv>
                    <TextStyle fontFamily="Times New Roman" fontSize="10.0"/>
                </Word>
                <TextEquiv>
                    <Unicode>démêlés avec Napoléon Ier. — L. s., avec la souscript. aut., au</Unicode>
                </TextEquiv>
            </TextLine>
            <TextLine id="tl_21" primaryLanguage="English" custom="readingOrder {index:1;}">
                <Coords points="410,1132 1779,1132 1779,1177 410,1177"/>
                <Baseline points="410,1167 1779,1167"/>
                <Word id="w_w1aab1b1b2c31b3ab1" language="English" custom="readingOrder {index:0;}">
                    <Coords points="410,1132 586,1132 586,1166 410,1166"/>
                    <TextEquiv>
                        <Unicode>cardinal</Unicode>
                    </TextEquiv>
                    <TextStyle fontFamily="Times New Roman" fontSize="10.0"/>
                </Word>
                <Word id="w_w1aab1b1b2c31b3ac19" language="English" custom="readingOrder {index:1;}">
                    <Coords points="607,1132 755,1132 755,1174 607,1174"/>
                    <TextEquiv>
                        <Unicode>Busca;</Unicode>
                    </TextEquiv>
                    <TextStyle fontFamily="Times New Roman" fontSize="10.0"/>
                </Word>
                <Word id="w_w1aab1b1b2c31b3ac33" language="English" custom="readingOrder {index:2;}">
                    <Coords points="776,1132 935,1132 935,1173 776,1173"/>
                    <TextEquiv>
                        <Unicode>Cesena,</Unicode>
                    </TextEquiv>
                    <TextStyle fontFamily="Times New Roman" fontSize="10.0"/>
                </Word>
                <Word id="w_w1aab1b1b2c31b3ac49" language="English" custom="readingOrder {index:3;}">
                    <Coords points="956,1134 976,1134 976,1166 956,1166"/>
                    <TextEquiv>
                        <Unicode>8</Unicode>
                    </TextEquiv>
                    <TextStyle fontFamily="Times New Roman" fontSize="10.0"/>
                </Word>
                <Word id="w_w1aab1b1b2c31b3ac53" language="English" custom="readingOrder {index:4;}">
                    <Coords points="996,1132 1077,1132 1077,1167 996,1167"/>
                    <TextEquiv>
                        <Unicode>déc.</Unicode>
                    </TextEquiv>
                    <TextStyle fontFamily="Times New Roman" fontSize="10.0"/>
                </Word>
                <Word id="w_w1aab1b1b2c31b3ac63" language="English" custom="readingOrder {index:5;}">
                    <Coords points="1102,1135 1196,1135 1196,1175 1102,1175"/>
                    <TextEquiv>
                        <Unicode>1795,</Unicode>
                    </TextEquiv>
                    <TextStyle fontFamily="Times New Roman" fontSize="10.0"/>
                </Word>
                <Word id="w_w1aab1b1b2c31b3ac75" language="English" custom="readingOrder {index:6;}">
                    <Coords points="1222,1135 1233,1135 1233,1167 1222,1167"/>
                    <TextEquiv>
                        <Unicode>1</Unicode>
                    </TextEquiv>
                    <TextStyle fontFamily="Times New Roman" fontSize="10.0"/>
                </Word>
                <Word id="w_w1aab1b1b2c31b3ac79" language="English" custom="readingOrder {index:7;}">
                    <Coords points="1258,1143 1294,1143 1294,1177 1258,1177"/>
                    <TextEquiv>
                        <Unicode>p.</Unicode>
                    </TextEquiv>
                    <TextStyle fontFamily="Times New Roman" fontSize="10.0"/>
                </Word>
                <Word id="w_w1aab1b1b2c31b3ac85" language="English" custom="readingOrder {index:8;}">
                    <Coords points="1314,1132 1402,1132 1402,1168 1314,1168"/>
                    <TextEquiv>
                        <Unicode>in-f.</Unicode>
                    </TextEquiv>
                    <TextStyle fontFamily="Times New Roman" fontSize="10.0"/>
                </Word>
                <Word id="w_w1aab1b1b2c31b3ac97" language="English" custom="readingOrder {index:9;}">
                    <Coords points="1691,1136 1713,1136 1713,1168 1691,1168"/>
                    <TextEquiv>
                        <Unicode>5</Unicode>
                    </TextEquiv>
                    <TextStyle fontFamily="Times New Roman" fontSize="10.0"/>
                </Word>
                <Word id="w_w1aab1b1b2c31b3ad101" language="English" custom="readingOrder {index:10;}">
                    <Coords points="1736,1136 1779,1136 1779,1168 1736,1168"/>
                    <TextEquiv>
                        <Unicode>50</Unicode>
                    </TextEquiv>
                    <TextStyle fontFamily="Times New Roman" fontSize="10.0"/>
                </Word>
                <TextEquiv>
                    <Unicode>cardinal Busca; Cesena, 8 déc. 1795, 1 p. in-f. 5 50</Unicode>
                </TextEquiv>
                <TextStyle fontFamily="Times New Roman" fontSize="10.0"/>
            </TextLine>
            <TextEquiv>
                <Unicode>démêlés avec Napoléon Ier. — L. s., avec la souscript. aut., au
cardinal Busca; Cesena, 8 déc. 1795, 1 p. in-f. 5 50</Unicode>
            </TextEquiv>
        </TextRegion>
        <TextRegion type="paragraph" id="r_1_17" custom="readingOrder {index:17;}">
            <Coords points="325,1175 1779,1175 1779,1223 325,1223"/>
            <TextLine id="tl_22" primaryLanguage="English" custom="readingOrder {index:0;} textStyle {offset:4; length:8;fontSize:0.0; kerning:0; bold:true;} textStyle {offset:26; length:11;italic:true; fontSize:0.0; kerning:0;}">
                <Coords points="326,1176 1778,1176 1778,1222 326,1222"/>
                <Baseline points="326,1210 1778,1210"/>
                <Word id="w_w1aab1b1b2c33b1ab1" language="English" custom="readingOrder {index:0;}">
                    <Coords points="326,1177 386,1177 386,1210 326,1210"/>
                    <TextEquiv>
                        <Unicode>128</Unicode>
                    </TextEquiv>
                    <TextStyle fontFamily="Times New Roman" fontSize="10.0"/>
                </Word>
                <Word id="w_w1aab1b1b2c33b1b1b1" language="English" custom="readingOrder {index:1;}">
                    <Coords points="409,1177 484,1177 484,1209 409,1209"/>
                    <TextEquiv>
                        <Unicode>Pie</Unicode>
                    </TextEquiv>
                    <TextStyle fontFamily="Times New Roman" fontSize="9.5" bold="true"/>
                </Word>
                <Word id="w_w1aab1b1b2c33b1b1b9" language="English" custom="readingOrder {index:2;}">
                    <Coords points="502,1177 603,1177 603,1219 502,1219"/>
                    <TextEquiv>
                        <Unicode>VIII</Unicode>
                    </TextEquiv>
                    <TextStyle fontFamily="Times New Roman" fontSize="9.5" bold="true"/>
                </Word>
                <Word id="w_w1aab1b1b2c33b1b2b1" language="English" custom="readingOrder {index:3;}">
                    <Coords points="623,1176 885,1176 885,1219 623,1219"/>
                    <TextEquiv>
                        <Unicode>(Fr.-Saverio</Unicode>
                    </TextEquiv>
                    <TextStyle fontFamily="Times New Roman" fontSize="10.0"/>
                </Word>
                <Word id="w_w1aab1b1b2c33b1b3b1" language="English" custom="readingOrder {index:4;}">
                    <Coords points="906,1178 1106,1178 1106,1218 906,1218"/>
                    <TextEquiv>
                        <Unicode>Castiglioni</Unicode>
                    </TextEquiv>
                    <TextStyle fontFamily="Times New Roman" fontSize="10.0" italic="true"/>
                </Word>
                <Word id="w_w1aab1b1b2c33b1b4b1" language="English" custom="readingOrder {index:5;}">
                    <Coords points="1108,1177 1131,1177 1131,1221 1108,1221"/>
                    <TextEquiv>
                        <Unicode>),</Unicode>
                    </TextEquiv>
                    <TextStyle fontFamily="Times New Roman" fontSize="10.0"/>
                </Word>
                <Word id="w_w1aab1b1b2c33b1b4b7" language="English" custom="readingOrder {index:6;}">
                    <Coords points="1161,1187 1271,1187 1271,1222 1161,1222"/>
                    <TextEquiv>
                        <Unicode>pape,</Unicode>
                    </TextEquiv>
                    <TextStyle fontFamily="Times New Roman" fontSize="10.0"/>
                </Word>
                <Word id="w_w1aab1b1b2c33b1b4c19" language="English" custom="readingOrder {index:7;}">
                    <Coords points="1301,1177 1368,1177 1368,1221 1301,1221"/>
                    <TextEquiv>
                        <Unicode>qui</Unicode>
                    </TextEquiv>
                    <TextStyle fontFamily="Times New Roman" fontSize="10.0"/>
                </Word>
                <Word id="w_w1aab1b1b2c33b1b4c27" language="English" custom="readingOrder {index:8;}">
                    <Coords points="1397,1176 1505,1176 1505,1212 1397,1212"/>
                    <TextEquiv>
                        <Unicode>subit</Unicode>
                    </TextEquiv>
                    <TextStyle fontFamily="Times New Roman" fontSize="10.0"/>
                </Word>
                <Word id="w_w1aab1b1b2c33b1b4c39" language="English" custom="readingOrder {index:9;}">
                    <Coords points="1536,1177 1558,1177 1558,1210 1536,1210"/>
                    <TextEquiv>
                        <Unicode>à</Unicode>
                    </TextEquiv>
                    <TextStyle fontFamily="Times New Roman" fontSize="10.0"/>
                </Word>
                <Word id="w_w1aab1b1b2c33b1b4c43" language="English" custom="readingOrder {index:10;}">
                    <Coords points="1587,1176 1710,1176 1710,1211 1587,1211"/>
                    <TextEquiv>
                        <Unicode>Rome</Unicode>
                    </TextEquiv>
                    <TextStyle fontFamily="Times New Roman" fontSize="10.0"/>
                </Word>
                <Word id="w_w1aab1b1b2c33b1b4c53" language="English" custom="readingOrder {index:11;}">
                    <Coords points="1742,1177 1778,1177 1778,1211 1742,1211"/>
                    <TextEquiv>
                        <Unicode>le</Unicode>
                    </TextEquiv>
                    <TextStyle fontFamily="Times New Roman" fontSize="10.0"/>
                </Word>
                <TextEquiv>
                    <Unicode>128 Pie VIII (Fr.-Saverio Castiglioni), pape, qui subit à Rome le</Unicode>
                </TextEquiv>
            </TextLine>
            <TextEquiv>
                <Unicode>128 Pie VIII (Fr.-Saverio Castiglioni), pape, qui subit à Rome le</Unicode>
            </TextEquiv>
        </TextRegion>
        <TextRegion type="paragraph" id="r_1_18" custom="readingOrder {index:18;}">
            <Coords points="409,1218 1779,1218 1779,1310 409,1310"/>
            <TextLine id="tl_23" primaryLanguage="English" custom="readingOrder {index:0;}">
                <Coords points="410,1219 1777,1219 1777,1265 410,1265"/>
                <Baseline points="410,1255 1777,1255"/>
                <Word id="w_w1aab1b1b2c35b1ab1" language="English" custom="readingOrder {index:0;}">
                    <Coords points="410,1221 665,1221 665,1265 410,1265"/>
                    <TextEquiv>
                        <Unicode>contre-coup</Unicode>
                    </TextEquiv>
                    <TextStyle fontFamily="Times New Roman" fontSize="10.0"/>
                </Word>
                <Word id="w_w1aab1b1b2c35b1ac25" language="English" custom="readingOrder {index:1;}">
                    <Coords points="685,1220 732,1220 732,1254 685,1254"/>
                    <TextEquiv>
                        <Unicode>de</Unicode>
                    </TextEquiv>
                    <TextStyle fontFamily="Times New Roman" fontSize="10.0"/>
                </Word>
                <Word id="w_w1aab1b1b2c35b1ac31" language="English" custom="readingOrder {index:2;}">
                    <Coords points="747,1220 786,1220 786,1254 747,1254"/>
                    <TextEquiv>
                        <Unicode>la</Unicode>
                    </TextEquiv>
                    <TextStyle fontFamily="Times New Roman" fontSize="10.0"/>
                </Word>
                <Word id="w_w1aab1b1b2c35b1ac37" language="English" custom="readingOrder {index:3;}">
                    <Coords points="799,1219 1024,1219 1024,1255 799,1255"/>
                    <TextEquiv>
                        <Unicode>révolution</Unicode>
                    </TextEquiv>
                    <TextStyle fontFamily="Times New Roman" fontSize="10.0"/>
                </Word>
                <Word id="w_w1aab1b1b2c35b1ac59" language="English" custom="readingOrder {index:4;}">
                    <Coords points="1036,1220 1082,1220 1082,1254 1036,1254"/>
                    <TextEquiv>
                        <Unicode>de</Unicode>
                    </TextEquiv>
                    <TextStyle fontFamily="Times New Roman" fontSize="10.0"/>
                </Word>
                <Word id="w_w1aab1b1b2c35b1ac65" language="English" custom="readingOrder {index:5;}">
                    <Coords points="1101,1223 1195,1223 1195,1255 1101,1255"/>
                    <TextEquiv>
                        <Unicode>1830.</Unicode>
                    </TextEquiv>
                    <TextStyle fontFamily="Times New Roman" fontSize="10.0"/>
                </Word>
                <Word id="w_w1aab1b1b2c35b1ac77" language="English" custom="readingOrder {index:6;}">
                    <Coords points="1208,1241 1250,1241 1250,1246 1208,1246"/>
                    <TextEquiv>
                        <Unicode>—</Unicode>
                    </TextEquiv>
                    <TextStyle fontFamily="Times New Roman" fontSize="10.0"/>
                </Word>
                <Word id="w_w1aab1b1b2c35b1ac81" language="English" custom="readingOrder {index:7;}">
                    <Coords points="1262,1221 1304,1221 1304,1256 1262,1256"/>
                    <TextEquiv>
                        <Unicode>L.</Unicode>
                    </TextEquiv>
                    <TextStyle fontFamily="Times New Roman" fontSize="10.0"/>
                </Word>
                <Word id="w_w1aab1b1b2c35b1ac87" language="English" custom="readingOrder {index:8;}">
                    <Coords points="1326,1231 1359,1231 1359,1255 1326,1255"/>
                    <TextEquiv>
                        <Unicode>a.</Unicode>
                    </TextEquiv>
                    <TextStyle fontFamily="Times New Roman" fontSize="10.0"/>
                </Word>
                <Word id="w_w1aab1b1b2c35b1ac93" language="English" custom="readingOrder {index:9;}">
                    <Coords points="1381,1231 1410,1231 1410,1256 1381,1256"/>
                    <TextEquiv>
                        <Unicode>s.</Unicode>
                    </TextEquiv>
                    <TextStyle fontFamily="Times New Roman" fontSize="10.0"/>
                </Word>
                <Word id="w_w1aab1b1b2c35b1ac99" language="English" custom="readingOrder {index:10;}">
                    <Coords points="1432,1221 1454,1221 1454,1255 1432,1255"/>
                    <TextEquiv>
                        <Unicode>à</Unicode>
                    </TextEquiv>
                    <TextStyle fontFamily="Times New Roman" fontSize="10.0"/>
                </Word>
                <Word id="w_w1aab1b1b2c35b1ad103" language="English" custom="readingOrder {index:11;}">
                    <Coords points="1472,1220 1553,1220 1553,1256 1472,1256"/>
                    <TextEquiv>
                        <Unicode>Jér.</Unicode>
                    </TextEquiv>
                    <TextStyle fontFamily="Times New Roman" fontSize="10.0"/>
                </Word>
                <Word id="w_w1aab1b1b2c35b1ad113" language="English" custom="readingOrder {index:12;}">
                    <Coords points="1569,1221 1777,1221 1777,1263 1569,1263"/>
                    <TextEquiv>
                        <Unicode>Bianconi;</Unicode>
                    </TextEquiv>
                    <TextStyle fontFamily="Times New Roman" fontSize="10.0"/>
                </Word>
                <TextEquiv>
                    <Unicode>contre-coup de la révolution de 1830. — L. a. s. à Jér. Bianconi;</Unicode>
                </TextEquiv>
                <TextStyle fontFamily="Times New Roman" fontSize="10.0"/>
            </TextLine>
            <TextLine id="tl_24" primaryLanguage="English" custom="readingOrder {index:1;}">
                <Coords points="414,1263 1778,1263 1778,1309 414,1309"/>
                <Baseline points="414,1298 1778,1298"/>
                <Word id="w_w1aab1b1b2c35b3ab1" language="English" custom="readingOrder {index:0;}">
                    <Coords points="414,1263 571,1263 571,1306 414,1306"/>
                    <TextEquiv>
                        <Unicode>Césène,</Unicode>
                    </TextEquiv>
                    <TextStyle fontFamily="Times New Roman" fontSize="10.0"/>
                </Word>
                <Word id="w_w1aab1b1b2c35b3ac17" language="English" custom="readingOrder {index:1;}">
                    <Coords points="596,1266 635,1266 635,1299 596,1299"/>
                    <TextEquiv>
                        <Unicode>15</Unicode>
                    </TextEquiv>
                    <TextStyle fontFamily="Times New Roman" fontSize="10.0"/>
                </Word>
                <Word id="w_w1aab1b1b2c35b3ac23" language="English" custom="readingOrder {index:2;}">
                    <Coords points="653,1264 748,1264 748,1298 653,1298"/>
                    <TextEquiv>
                        <Unicode>août</Unicode>
                    </TextEquiv>
                    <TextStyle fontFamily="Times New Roman" fontSize="10.0"/>
                </Word>
                <Word id="w_w1aab1b1b2c35b3ac33" language="English" custom="readingOrder {index:3;}">
                    <Coords points="770,1266 864,1266 864,1307 770,1307"/>
                    <TextEquiv>
                        <Unicode>1818,</Unicode>
                    </TextEquiv>
                    <TextStyle fontFamily="Times New Roman" fontSize="10.0"/>
                </Word>
                <Word id="w_w1aab1b1b2c35b3ac45" language="English" custom="readingOrder {index:4;}">
                    <Coords points="890,1267 901,1267 901,1298 890,1298"/>
                    <TextEquiv>
                        <Unicode>1</Unicode>
                    </TextEquiv>
                    <TextStyle fontFamily="Times New Roman" fontSize="10.0"/>
                </Word>
                <Word id="w_w1aab1b1b2c35b3ac49" language="English" custom="readingOrder {index:5;}">
                    <Coords points="924,1274 960,1274 960,1309 924,1309"/>
                    <TextEquiv>
                        <Unicode>p.</Unicode>
                    </TextEquiv>
                    <TextStyle fontFamily="Times New Roman" fontSize="10.0"/>
                </Word>
                <Word id="w_w1aab1b1b2c35b3ac55" language="English" custom="readingOrder {index:6;}">
                    <Coords points="983,1263 1074,1263 1074,1306 983,1306"/>
                    <TextEquiv>
                        <Unicode>in-4,</Unicode>
                    </TextEquiv>
                    <TextStyle fontFamily="Times New Roman" fontSize="10.0"/>
                </Word>
                <Word id="w_w1aab1b1b2c35b3ac67" language="English" custom="readingOrder {index:7;}">
                    <Coords points="1096,1265 1244,1265 1244,1299 1096,1299"/>
                    <TextEquiv>
                        <Unicode>cachet.</Unicode>
                    </TextEquiv>
                    <TextStyle fontFamily="Times New Roman" fontSize="10.0"/>
                </Word>
                <Word id="w_w1aab1b1b2c35b3ac83" language="English" custom="readingOrder {index:8;}">
                    <Coords points="1693,1268 1713,1268 1713,1299 1693,1299"/>
                    <TextEquiv>
                        <Unicode>7</Unicode>
                    </TextEquiv>
                    <TextStyle fontFamily="Times New Roman" fontSize="10.0"/>
                </Word>
                <Word id="w_w1aab1b1b2c35b3ac87" language="English" custom="readingOrder {index:9;}">
                    <Coords points="1762,1277 1778,1277 1778,1296 1762,1296"/>
                    <TextEquiv>
                        <Unicode>»</Unicode>
                    </TextEquiv>
                    <TextStyle fontFamily="Times New Roman" fontSize="10.0"/>
                </Word>
                <TextEquiv>
                    <Unicode>Césène, 15 août 1818, 1 p. in-4, cachet. 7 »</Unicode>
                </TextEquiv>
                <TextStyle fontFamily="Times New Roman" fontSize="10.0"/>
            </TextLine>
            <TextEquiv>
                <Unicode>contre-coup de la révolution de 1830. — L. a. s. à Jér. Bianconi;
Césène, 15 août 1818, 1 p. in-4, cachet. 7 »</Unicode>
            </TextEquiv>
        </TextRegion>
        <TextRegion type="paragraph" id="r_1_19" custom="readingOrder {index:19;}">
            <Coords points="437,1308 1333,1308 1333,1347 437,1347"/>
            <TextLine id="tl_25" primaryLanguage="English" custom="readingOrder {index:0;}">
                <Coords points="438,1309 1332,1309 1332,1346 438,1346"/>
                <Baseline points="438,1338 1332,1338"/>
                <Word id="w_w1aab1b1b2c37b1ab1" language="English" custom="readingOrder {index:0;}">
                    <Coords points="438,1309 578,1309 578,1339 438,1339"/>
                    <TextEquiv>
                        <Unicode>Curieuse</Unicode>
                    </TextEquiv>
                    <TextStyle fontFamily="Times New Roman" fontSize="8.5"/>
                </Word>
                <Word id="w_w1aab1b1b2c37b1ac19" language="English" custom="readingOrder {index:1;}">
                    <Coords points="598,1312 679,1312 679,1339 598,1339"/>
                    <TextEquiv>
                        <Unicode>lettre</Unicode>
                    </TextEquiv>
                    <TextStyle fontFamily="Times New Roman" fontSize="8.5"/>
                </Word>
                <Word id="w_w1aab1b1b2c37b1ac33" language="English" custom="readingOrder {index:2;}">
                    <Coords points="699,1309 814,1309 814,1338 699,1338"/>
                    <TextEquiv>
                        <Unicode>relative</Unicode>
                    </TextEquiv>
                    <TextStyle fontFamily="Times New Roman" fontSize="8.5"/>
                </Word>
                <Word id="w_w1aab1b1b2c37b1ac51" language="English" custom="readingOrder {index:3;}">
                    <Coords points="832,1310 847,1310 847,1338 832,1338"/>
                    <TextEquiv>
                        <Unicode>à</Unicode>
                    </TextEquiv>
                    <TextStyle fontFamily="Times New Roman" fontSize="8.5"/>
                </Word>
                <Word id="w_w1aab1b1b2c37b1ac55" language="English" custom="readingOrder {index:4;}">
                    <Coords points="865,1317 919,1317 919,1338 865,1338"/>
                    <TextEquiv>
                        <Unicode>une</Unicode>
                    </TextEquiv>
                    <TextStyle fontFamily="Times New Roman" fontSize="8.5"/>
                </Word>
                <Word id="w_w1aab1b1b2c37b1ac63" language="English" custom="readingOrder {index:5;}">
                    <Coords points="936,1309 1107,1309 1107,1346 936,1346"/>
                    <TextEquiv>
                        <Unicode>acquisition</Unicode>
                    </TextEquiv>
                    <TextStyle fontFamily="Times New Roman" fontSize="8.5"/>
                </Word>
                <Word id="w_w1aab1b1b2c37b1ac87" language="English" custom="readingOrder {index:6;}">
                    <Coords points="1124,1310 1158,1310 1158,1339 1124,1339"/>
                    <TextEquiv>
                        <Unicode>de</Unicode>
                    </TextEquiv>
                    <TextStyle fontFamily="Times New Roman" fontSize="8.5"/>
                </Word>
                <Word id="w_w1aab1b1b2c37b1ac93" language="English" custom="readingOrder {index:7;}">
                    <Coords points="1177,1309 1332,1309 1332,1341 1177,1341"/>
                    <TextEquiv>
                        <Unicode>médailles.</Unicode>
                    </TextEquiv>
                    <TextStyle fontFamily="Times New Roman" fontSize="8.5"/>
                </Word>
                <TextEquiv>
                    <Unicode>Curieuse lettre relative à une acquisition de médailles.</Unicode>
                </TextEquiv>
                <TextStyle fontFamily="Times New Roman" fontSize="8.5"/>
            </TextLine>
            <TextEquiv>
                <Unicode>Curieuse lettre relative à une acquisition de médailles.</Unicode>
            </TextEquiv>
        </TextRegion>
        <TextRegion type="paragraph" id="r_1_20" custom="readingOrder {index:20;}">
            <Coords points="325,1345 1779,1345 1779,1437 325,1437"/>
            <TextLine id="tl_26" primaryLanguage="English" custom="readingOrder {index:0;} textStyle {offset:4; length:6;fontSize:0.0; kerning:0; bold:true;} textStyle {offset:27; length:15;italic:true; fontSize:0.0; kerning:0;}">
                <Coords points="326,1346 1778,1346 1778,1391 326,1391"/>
                <Baseline points="326,1381 1778,1381"/>
                <Word id="w_w1aab1b1b2c39b1ab1" language="English" custom="readingOrder {index:0;}">
                    <Coords points="326,1348 386,1348 386,1381 326,1381"/>
                    <TextEquiv>
                        <Unicode>129</Unicode>
                    </TextEquiv>
                    <TextStyle fontFamily="Times New Roman" fontSize="10.0"/>
                </Word>
                <Word id="w_w1aab1b1b2c39b1b1b1" language="English" custom="readingOrder {index:1;}">
                    <Coords points="410,1347 484,1347 484,1381 410,1381"/>
                    <TextEquiv>
                        <Unicode>Pie</Unicode>
                    </TextEquiv>
                    <TextStyle fontFamily="Times New Roman" fontSize="9.5" bold="true"/>
                </Word>
                <Word id="w_w1aab1b1b2c39b1b1b9" language="English" custom="readingOrder {index:2;}">
                    <Coords points="503,1347 561,1347 561,1390 503,1390"/>
                    <TextEquiv>
                        <Unicode>IX</Unicode>
                    </TextEquiv>
                    <TextStyle fontFamily="Times New Roman" fontSize="9.5" bold="true"/>
                </Word>
                <Word id="w_w1aab1b1b2c39b1b2b1" language="English" custom="readingOrder {index:3;}">
                    <Coords points="581,1346 852,1346 852,1390 581,1390"/>
                    <TextEquiv>
                        <Unicode>(Giov.-Maria</Unicode>
                    </TextEquiv>
                    <TextStyle fontFamily="Times New Roman" fontSize="10.0"/>
                </Word>
                <Word id="w_w1aab1b1b2c39b1b2c27" language="English" custom="readingOrder {index:4;}">
                    <Coords points="870,1346 916,1346 916,1381 870,1381"/>
                    <TextEquiv>
                        <Unicode>de</Unicode>
                    </TextEquiv>
                    <TextStyle fontFamily="Times New Roman" fontSize="10.0"/>
                </Word>
                <Word id="w_w1aab1b1b2c39b1b3b1" language="English" custom="readingOrder {index:5;}">
                    <Coords points="936,1349 1215,1349 1215,1382 936,1382"/>
                    <TextEquiv>
                        <Unicode>Mastai-Ferretti</Unicode>
                    </TextEquiv>
                    <TextStyle fontFamily="Times New Roman" fontSize="10.0" italic="true"/>
                </Word>
                <Word id="w_w1aab1b1b2c39b1b4b1" language="English" custom="readingOrder {index:6;}">
                    <Coords points="1218,1348 1240,1348 1240,1390 1218,1390"/>
                    <TextEquiv>
                        <Unicode>),</Unicode>
                    </TextEquiv>
                    <TextStyle fontFamily="Times New Roman" fontSize="10.0"/>
                </Word>
                <Word id="w_w1aab1b1b2c39b1b4b7" language="English" custom="readingOrder {index:7;}">
                    <Coords points="1271,1347 1307,1347 1307,1381 1271,1381"/>
                    <TextEquiv>
                        <Unicode>le</Unicode>
                    </TextEquiv>
                    <TextStyle fontFamily="Times New Roman" fontSize="10.0"/>
                </Word>
                <Word id="w_w1aab1b1b2c39b1b4c13" language="English" custom="readingOrder {index:8;}">
                    <Coords points="1337,1356 1433,1356 1433,1391 1337,1391"/>
                    <TextEquiv>
                        <Unicode>pape</Unicode>
                    </TextEquiv>
                    <TextStyle fontFamily="Times New Roman" fontSize="10.0"/>
                </Word>
                <Word id="w_w1aab1b1b2c39b1b4c23" language="English" custom="readingOrder {index:9;}">
                    <Coords points="1453,1346 1598,1346 1598,1381 1453,1381"/>
                    <TextEquiv>
                        <Unicode>actuel.</Unicode>
                    </TextEquiv>
                    <TextStyle fontFamily="Times New Roman" fontSize="10.0"/>
                </Word>
                <Word id="w_w1aab1b1b2c39b1b4c39" language="English" custom="readingOrder {index:10;}">
                    <Coords points="1618,1366 1660,1366 1660,1371 1618,1371"/>
                    <TextEquiv>
                        <Unicode>—</Unicode>
                    </TextEquiv>
                    <TextStyle fontFamily="Times New Roman" fontSize="10.0"/>
                </Word>
                <Word id="w_w1aab1b1b2c39b1b4c43" language="English" custom="readingOrder {index:11;}">
                    <Coords points="1679,1347 1722,1347 1722,1381 1679,1381"/>
                    <TextEquiv>
                        <Unicode>L.</Unicode>
                    </TextEquiv>
                    <TextStyle fontFamily="Times New Roman" fontSize="10.0"/>
                </Word>
                <Word id="w_w1aab1b1b2c39b1b4c49" language="English" custom="readingOrder {index:12;}">
                    <Coords points="1744,1358 1778,1358 1778,1382 1744,1382"/>
                    <TextEquiv>
                        <Unicode>a.</Unicode>
                    </TextEquiv>
                    <TextStyle fontFamily="Times New Roman" fontSize="10.0"/>
                </Word>
                <TextEquiv>
                    <Unicode>129 Pie IX (Giov.-Maria de Mastai-Ferretti), le pape actuel. — L. a.</Unicode>
                </TextEquiv>
            </TextLine>
            <TextLine id="tl_27" primaryLanguage="English" custom="readingOrder {index:1;}">
                <Coords points="411,1390 1778,1390 1778,1436 411,1436"/>
                <Baseline points="411,1425 1778,1425"/>
                <Word id="w_w1aab1b1b2c39b3ab1" language="English" custom="readingOrder {index:0;}">
                    <Coords points="411,1401 455,1401 455,1432 411,1432"/>
                    <TextEquiv>
                        <Unicode>s.,</Unicode>
                    </TextEquiv>
                    <TextStyle fontFamily="Times New Roman" fontSize="10.0"/>
                </Word>
                <Word id="w_w1aab1b1b2c39b3ab9" language="English" custom="readingOrder {index:1;}">
                    <Coords points="468,1401 616,1401 616,1425 468,1425"/>
                    <TextEquiv>
                        <Unicode>comme</Unicode>
                    </TextEquiv>
                    <TextStyle fontFamily="Times New Roman" fontSize="10.0"/>
                </Word>
                <Word id="w_w1aab1b1b2c39b3ac21" language="English" custom="readingOrder {index:2;}">
                    <Coords points="630,1390 874,1390 874,1434 630,1434"/>
                    <TextEquiv>
                        <Unicode>archevêque</Unicode>
                    </TextEquiv>
                    <TextStyle fontFamily="Times New Roman" fontSize="10.0"/>
                </Word>
                <Word id="w_w1aab1b1b2c39b3ac43" language="English" custom="readingOrder {index:3;}">
                    <Coords points="888,1390 934,1390 934,1424 888,1424"/>
                    <TextEquiv>
                        <Unicode>de</Unicode>
                    </TextEquiv>
                    <TextStyle fontFamily="Times New Roman" fontSize="10.0"/>
                </Word>
                <Word id="w_w1aab1b1b2c39b3ac49" language="English" custom="readingOrder {index:4;}">
                    <Coords points="948,1390 1123,1390 1123,1435 948,1435"/>
                    <TextEquiv>
                        <Unicode>Spolète;</Unicode>
                    </TextEquiv>
                    <TextStyle fontFamily="Times New Roman" fontSize="10.0"/>
                </Word>
                <Word id="w_w1aab1b1b2c39b3ac67" language="English" custom="readingOrder {index:5;}">
                    <Coords points="1140,1391 1311,1391 1311,1436 1140,1436"/>
                    <TextEquiv>
                        <Unicode>Spolète,</Unicode>
                    </TextEquiv>
                    <TextStyle fontFamily="Times New Roman" fontSize="10.0"/>
                </Word>
                <Word id="w_w1aab1b1b2c39b3ac85" language="English" custom="readingOrder {index:6;}">
                    <Coords points="1330,1393 1425,1393 1425,1432 1330,1432"/>
                    <TextEquiv>
                        <Unicode>1830,</Unicode>
                    </TextEquiv>
                    <TextStyle fontFamily="Times New Roman" fontSize="10.0"/>
                </Word>
                <Word id="w_w1aab1b1b2c39b3ac97" language="English" custom="readingOrder {index:7;}">
                    <Coords points="1447,1393 1458,1393 1458,1425 1447,1425"/>
                    <TextEquiv>
                        <Unicode>1</Unicode>
                    </TextEquiv>
                    <TextStyle fontFamily="Times New Roman" fontSize="10.0"/>
                </Word>
                <Word id="w_w1aab1b1b2c39b3ad101" language="English" custom="readingOrder {index:8;}">
                    <Coords points="1477,1401 1512,1401 1512,1435 1477,1435"/>
                    <TextEquiv>
                        <Unicode>p.</Unicode>
                    </TextEquiv>
                    <TextStyle fontFamily="Times New Roman" fontSize="10.0"/>
                </Word>
                <Word id="w_w1aab1b1b2c39b3ad107" language="English" custom="readingOrder {index:9;}">
                    <Coords points="1534,1391 1625,1391 1625,1425 1534,1425"/>
                    <TextEquiv>
                        <Unicode>in-f.</Unicode>
                    </TextEquiv>
                    <TextStyle fontFamily="Times New Roman" fontSize="10.0"/>
                </Word>
                <Word id="w_w1aab1b1b2c39b3ad119" language="English" custom="readingOrder {index:10;}">
                    <Coords points="1677,1393 1715,1393 1715,1425 1677,1425"/>
                    <TextEquiv>
                        <Unicode>14</Unicode>
                    </TextEquiv>
                    <TextStyle fontFamily="Times New Roman" fontSize="10.0"/>
                </Word>
                <Word id="w_w1aab1b1b2c39b3ad125" language="English" custom="readingOrder {index:11;}">
                    <Coords points="1762,1404 1778,1404 1778,1423 1762,1423"/>
                    <TextEquiv>
                        <Unicode>»</Unicode>
                    </TextEquiv>
                    <TextStyle fontFamily="Times New Roman" fontSize="10.0"/>
                </Word>
                <TextEquiv>
                    <Unicode>s., comme archevêque de Spolète; Spolète, 1830, 1 p. in-f. 14 »</Unicode>
                </TextEquiv>
                <TextStyle fontFamily="Times New Roman" fontSize="10.0"/>
            </TextLine>
            <TextEquiv>
                <Unicode>129 Pie IX (Giov.-Maria de Mastai-Ferretti), le pape actuel. — L. a.
s., comme archevêque de Spolète; Spolète, 1830, 1 p. in-f. 14 »</Unicode>
            </TextEquiv>
        </TextRegion>
        <TextRegion type="paragraph" id="r_1_21" custom="readingOrder {index:21;}">
            <Coords points="324,1433 1782,1433 1782,1487 324,1487"/>
            <TextLine id="tl_28" primaryLanguage="English" custom="readingOrder {index:0;} textStyle {offset:4; length:7;fontSize:0.0; kerning:0; bold:true;}">
                <Coords points="325,1434 1781,1434 1781,1486 325,1486"/>
                <Baseline points="325,1468 1781,1468"/>
                <Word id="w_w1aab1b1b2c41b1ab1" language="English" custom="readingOrder {index:0;}">
                    <Coords points="325,1435 386,1435 386,1469 325,1469"/>
                    <TextEquiv>
                        <Unicode>130</Unicode>
                    </TextEquiv>
                    <TextStyle fontFamily="Times New Roman" fontSize="10.0"/>
                </Word>
                <Word id="w_w1aab1b1b2c41b1b1b1" language="English" custom="readingOrder {index:1;}">
                    <Coords points="410,1435 611,1435 611,1478 410,1478"/>
                    <TextEquiv>
                        <Unicode>Ponsard</Unicode>
                    </TextEquiv>
                    <TextStyle fontFamily="Times New Roman" fontSize="9.5" bold="true"/>
                </Word>
                <Word id="w_w1aab1b1b2c41b1b2b1" language="English" custom="readingOrder {index:2;}">
                    <Coords points="647,1434 732,1434 732,1480 647,1480"/>
                    <TextEquiv>
                        <Unicode>(F.),</Unicode>
                    </TextEquiv>
                    <TextStyle fontFamily="Times New Roman" fontSize="10.0"/>
                </Word>
                <Word id="w_w1aab1b1b2c41b1b2c13" language="English" custom="readingOrder {index:3;}">
                    <Coords points="763,1434 917,1434 917,1469 763,1469"/>
                    <TextEquiv>
                        <Unicode>célèbre</Unicode>
                    </TextEquiv>
                    <TextStyle fontFamily="Times New Roman" fontSize="10.0"/>
                </Word>
                <Word id="w_w1aab1b1b2c41b1b2c29" language="English" custom="readingOrder {index:4;}">
                    <Coords points="950,1435 1062,1435 1062,1479 950,1479"/>
                    <TextEquiv>
                        <Unicode>poète</Unicode>
                    </TextEquiv>
                    <TextStyle fontFamily="Times New Roman" fontSize="10.0"/>
                </Word>
                <Word id="w_w1aab1b1b2c41b1b2c41" language="English" custom="readingOrder {index:5;}">
                    <Coords points="1094,1435 1293,1435 1293,1486 1094,1486"/>
                    <TextEquiv>
                        <Unicode>tragique,</Unicode>
                    </TextEquiv>
                    <TextStyle fontFamily="Times New Roman" fontSize="10.0"/>
                </Word>
                <Word id="w_w1aab1b1b2c41b1b2c61" language="English" custom="readingOrder {index:6;}">
                    <Coords points="1326,1435 1371,1435 1371,1469 1326,1469"/>
                    <TextEquiv>
                        <Unicode>de</Unicode>
                    </TextEquiv>
                    <TextStyle fontFamily="Times New Roman" fontSize="10.0"/>
                </Word>
                <Word id="w_w1aab1b1b2c41b1b2c67" language="English" custom="readingOrder {index:7;}">
                    <Coords points="1403,1435 1547,1435 1547,1469 1403,1469"/>
                    <TextEquiv>
                        <Unicode>l’Acad.</Unicode>
                    </TextEquiv>
                    <TextStyle fontFamily="Times New Roman" fontSize="10.0"/>
                </Word>
                <Word id="w_w1aab1b1b2c41b1b2c83" language="English" custom="readingOrder {index:8;}">
                    <Coords points="1582,1435 1646,1435 1646,1477 1582,1477"/>
                    <TextEquiv>
                        <Unicode>fr.,</Unicode>
                    </TextEquiv>
                    <TextStyle fontFamily="Times New Roman" fontSize="10.0"/>
                </Word>
                <Word id="w_w1aab1b1b2c41b1b2c93" language="English" custom="readingOrder {index:9;}">
                    <Coords points="1680,1435 1727,1435 1727,1468 1680,1468"/>
                    <TextEquiv>
                        <Unicode>né</Unicode>
                    </TextEquiv>
                    <TextStyle fontFamily="Times New Roman" fontSize="10.0"/>
                </Word>
                <Word id="w_w1aab1b1b2c41b1b2c99" language="English" custom="readingOrder {index:10;}">
                    <Coords points="1759,1436 1781,1436 1781,1468 1759,1468"/>
                    <TextEquiv>
                        <Unicode>à</Unicode>
                    </TextEquiv>
                    <TextStyle fontFamily="Times New Roman" fontSize="10.0"/>
                </Word>
                <TextEquiv>
                    <Unicode>130 Ponsard (F.), célèbre poète tragique, de l’Acad. fr., né à</Unicode>
                </TextEquiv>
            </TextLine>
            <TextEquiv>
                <Unicode>130 Ponsard (F.), célèbre poète tragique, de l’Acad. fr., né à</Unicode>
            </TextEquiv>
        </TextRegion>
        <TextRegion type="paragraph" id="r_1_22" custom="readingOrder {index:22;}">
            <Coords points="409,1477 1780,1477 1780,1568 409,1568"/>
            <TextLine id="tl_29" primaryLanguage="English" custom="readingOrder {index:0;}">
                <Coords points="410,1478 1779,1478 1779,1523 410,1523"/>
                <Baseline points="410,1513 1779,1513"/>
                <Word id="w_w1aab1b1b2c43b1ab1" language="English" custom="readingOrder {index:0;}">
                    <Coords points="410,1478 562,1478 562,1513 410,1513"/>
                    <TextEquiv>
                        <Unicode>Vienne</Unicode>
                    </TextEquiv>
                    <TextStyle fontFamily="Times New Roman" fontSize="10.0"/>
                </Word>
                <Word id="w_w1aab1b1b2c43b1ac15" language="English" custom="readingOrder {index:1;}">
                    <Coords points="582,1479 724,1479 724,1522 582,1522"/>
                    <TextEquiv>
                        <Unicode>(Isère).</Unicode>
                    </TextEquiv>
                    <TextStyle fontFamily="Times New Roman" fontSize="10.0"/>
                </Word>
                <Word id="w_w1aab1b1b2c43b1ac33" language="English" custom="readingOrder {index:2;}">
                    <Coords points="745,1498 786,1498 786,1503 745,1503"/>
                    <TextEquiv>
                        <Unicode>—</Unicode>
                    </TextEquiv>
                    <TextStyle fontFamily="Times New Roman" fontSize="10.0"/>
                </Word>
                <Word id="w_w1aab1b1b2c43b1ac37" language="English" custom="readingOrder {index:3;}">
                    <Coords points="805,1479 848,1479 848,1512 805,1512"/>
                    <TextEquiv>
                        <Unicode>L.</Unicode>
                    </TextEquiv>
                    <TextStyle fontFamily="Times New Roman" fontSize="10.0"/>
                </Word>
                <Word id="w_w1aab1b1b2c43b1ac43" language="English" custom="readingOrder {index:4;}">
                    <Coords points="870,1489 904,1489 904,1513 870,1513"/>
                    <TextEquiv>
                        <Unicode>a.</Unicode>
                    </TextEquiv>
                    <TextStyle fontFamily="Times New Roman" fontSize="10.0"/>
                </Word>
                <Word id="w_w1aab1b1b2c43b1ac49" language="English" custom="readingOrder {index:5;}">
                    <Coords points="925,1489 954,1489 954,1513 925,1513"/>
                    <TextEquiv>
                        <Unicode>s.</Unicode>
                    </TextEquiv>
                    <TextStyle fontFamily="Times New Roman" fontSize="10.0"/>
                </Word>
                <Word id="w_w1aab1b1b2c43b1ac55" language="English" custom="readingOrder {index:6;}">
                    <Coords points="976,1478 998,1478 998,1512 976,1512"/>
                    <TextEquiv>
                        <Unicode>à</Unicode>
                    </TextEquiv>
                    <TextStyle fontFamily="Times New Roman" fontSize="10.0"/>
                </Word>
                <Word id="w_w1aab1b1b2c43b1ac59" language="English" custom="readingOrder {index:7;}">
                    <Coords points="1027,1478 1078,1478 1078,1513 1027,1513"/>
                    <TextEquiv>
                        <Unicode>M.</Unicode>
                    </TextEquiv>
                    <TextStyle fontFamily="Times New Roman" fontSize="10.0"/>
                </Word>
                <Word id="w_w1aab1b1b2c43b1ac65" language="English" custom="readingOrder {index:8;}">
                    <Coords points="1101,1479 1270,1479 1270,1522 1101,1522"/>
                    <TextEquiv>
                        <Unicode>Guérin;</Unicode>
                    </TextEquiv>
                    <TextStyle fontFamily="Times New Roman" fontSize="10.0"/>
                </Word>
                <Word id="w_w1aab1b1b2c43b1ac81" language="English" custom="readingOrder {index:9;}">
                    <Coords points="1303,1478 1469,1478 1469,1520 1303,1520"/>
                    <TextEquiv>
                        <Unicode>Vienne,</Unicode>
                    </TextEquiv>
                    <TextStyle fontFamily="Times New Roman" fontSize="10.0"/>
                </Word>
                <Word id="w_w1aab1b1b2c43b1ac97" language="English" custom="readingOrder {index:10;}">
                    <Coords points="1500,1481 1543,1481 1543,1513 1500,1513"/>
                    <TextEquiv>
                        <Unicode>22</Unicode>
                    </TextEquiv>
                    <TextStyle fontFamily="Times New Roman" fontSize="10.0"/>
                </Word>
                <Word id="w_w1aab1b1b2c43b1ad103" language="English" custom="readingOrder {index:11;}">
                    <Coords points="1562,1478 1654,1478 1654,1523 1562,1523"/>
                    <TextEquiv>
                        <Unicode>juin</Unicode>
                    </TextEquiv>
                    <TextStyle fontFamily="Times New Roman" fontSize="10.0"/>
                </Word>
                <Word id="w_w1aab1b1b2c43b1ad113" language="English" custom="readingOrder {index:12;}">
                    <Coords points="1684,1481 1779,1481 1779,1521 1684,1521"/>
                    <TextEquiv>
                        <Unicode>1843,</Unicode>
                    </TextEquiv>
                    <TextStyle fontFamily="Times New Roman" fontSize="10.0"/>
                </Word>
                <TextEquiv>
                    <Unicode>Vienne (Isère). — L. a. s. à M. Guérin; Vienne, 22 juin 1843,</Unicode>
                </TextEquiv>
                <TextStyle fontFamily="Times New Roman" fontSize="10.0"/>
            </TextLine>
            <TextLine id="tl_30" primaryLanguage="English" custom="readingOrder {index:1;}">
                <Coords points="410,1521 1777,1521 1777,1567 410,1567"/>
                <Baseline points="410,1557 1777,1557"/>
                <Word id="w_w1aab1b1b2c43b3ab1" language="English" custom="readingOrder {index:0;}">
                    <Coords points="410,1525 431,1525 431,1557 410,1557"/>
                    <TextEquiv>
                        <Unicode>3</Unicode>
                    </TextEquiv>
                    <TextStyle fontFamily="Times New Roman" fontSize="10.0"/>
                </Word>
                <Word id="w_w1aab1b1b2c43b3ab5" language="English" custom="readingOrder {index:1;}">
                    <Coords points="456,1532 491,1532 491,1566 456,1566"/>
                    <TextEquiv>
                        <Unicode>p.</Unicode>
                    </TextEquiv>
                    <TextStyle fontFamily="Times New Roman" fontSize="10.0"/>
                </Word>
                <Word id="w_w1aab1b1b2c43b3ac11" language="English" custom="readingOrder {index:2;}">
                    <Coords points="513,1522 605,1522 605,1565 513,1565"/>
                    <TextEquiv>
                        <Unicode>in-8,</Unicode>
                    </TextEquiv>
                    <TextStyle fontFamily="Times New Roman" fontSize="10.0"/>
                </Word>
                <Word id="w_w1aab1b1b2c43b3ac23" language="English" custom="readingOrder {index:3;}">
                    <Coords points="626,1523 841,1523 841,1567 626,1567"/>
                    <TextEquiv>
                        <Unicode>enveloppe</Unicode>
                    </TextEquiv>
                    <TextStyle fontFamily="Times New Roman" fontSize="10.0"/>
                </Word>
                <Word id="w_w1aab1b1b2c43b3ac43" language="English" custom="readingOrder {index:4;}">
                    <Coords points="861,1525 901,1525 901,1557 861,1557"/>
                    <TextEquiv>
                        <Unicode>et</Unicode>
                    </TextEquiv>
                    <TextStyle fontFamily="Times New Roman" fontSize="10.0"/>
                </Word>
                <Word id="w_w1aab1b1b2c43b3ac49" language="English" custom="readingOrder {index:5;}">
                    <Coords points="920,1521 1068,1521 1068,1557 920,1557"/>
                    <TextEquiv>
                        <Unicode>cachet.</Unicode>
                    </TextEquiv>
                    <TextStyle fontFamily="Times New Roman" fontSize="10.0"/>
                </Word>
                <Word id="w_w1aab1b1b2c43b3ac65" language="English" custom="readingOrder {index:6;}">
                    <Coords points="1693,1525 1714,1525 1714,1557 1693,1557"/>
                    <TextEquiv>
                        <Unicode>3</Unicode>
                    </TextEquiv>
                    <TextStyle fontFamily="Times New Roman" fontSize="10.0"/>
                </Word>
                <Word id="w_w1aab1b1b2c43b3ac69" language="English" custom="readingOrder {index:7;}">
                    <Coords points="1761,1535 1777,1535 1777,1554 1761,1554"/>
                    <TextEquiv>
                        <Unicode>»</Unicode>
                    </TextEquiv>
                    <TextStyle fontFamily="Times New Roman" fontSize="10.0"/>
                </Word>
                <TextEquiv>
                    <Unicode>3 p. in-8, enveloppe et cachet. 3 »</Unicode>
                </TextEquiv>
                <TextStyle fontFamily="Times New Roman" fontSize="10.0"/>
            </TextLine>
            <TextEquiv>
                <Unicode>Vienne (Isère). — L. a. s. à M. Guérin; Vienne, 22 juin 1843,
3 p. in-8, enveloppe et cachet. 3 »</Unicode>
            </TextEquiv>
        </TextRegion>
        <TextRegion type="paragraph" id="r_1_23" custom="readingOrder {index:23;}">
            <Coords points="411,1565 1782,1565 1782,1682 411,1682"/>
            <TextLine id="tl_31" primaryLanguage="English" custom="readingOrder {index:0;} textStyle {offset:66; length:7;italic:true; fontSize:0.0; kerning:0;}">
                <Coords points="438,1566 1781,1566 1781,1605 438,1605"/>
                <Baseline points="438,1597 1781,1597"/>
                <Word id="w_w1aab1b1b2c45b1ab1" language="English" custom="readingOrder {index:0;}">
                    <Coords points="438,1567 722,1567 722,1598 438,1598"/>
                    <TextEquiv>
                        <Unicode>Très-intéressante</Unicode>
                    </TextEquiv>
                    <TextStyle fontFamily="Times New Roman" fontSize="8.5"/>
                </Word>
                <Word id="w_w1aab1b1b2c45b1ac37" language="English" custom="readingOrder {index:1;}">
                    <Coords points="737,1568 821,1568 821,1597 737,1597"/>
                    <TextEquiv>
                        <Unicode>lettie</Unicode>
                    </TextEquiv>
                    <TextStyle fontFamily="Times New Roman" fontSize="8.5"/>
                </Word>
                <Word id="w_w1aab1b1b2c45b1ac51" language="English" custom="readingOrder {index:2;}">
                    <Coords points="839,1568 911,1568 911,1597 839,1597"/>
                    <TextEquiv>
                        <Unicode>dans</Unicode>
                    </TextEquiv>
                    <TextStyle fontFamily="Times New Roman" fontSize="8.5"/>
                </Word>
                <Word id="w_w1aab1b1b2c45b1ac61" language="English" custom="readingOrder {index:3;}">
                    <Coords points="930,1568 1051,1568 1051,1604 930,1604"/>
                    <TextEquiv>
                        <Unicode>laquelle</Unicode>
                    </TextEquiv>
                    <TextStyle fontFamily="Times New Roman" fontSize="8.5"/>
                </Word>
                <Word id="w_w1aab1b1b2c45b1ac79" language="English" custom="readingOrder {index:4;}">
                    <Coords points="1064,1567 1079,1567 1079,1596 1064,1596"/>
                    <TextEquiv>
                        <Unicode>!!</Unicode>
                    </TextEquiv>
                    <TextStyle fontFamily="Times New Roman" fontSize="8.5"/>
                </Word>
                <Word id="w_w1aab1b1b2c45b1ac85" language="English" custom="readingOrder {index:5;}">
                    <Coords points="1097,1567 1175,1567 1175,1605 1097,1605"/>
                    <TextEquiv>
                        <Unicode>parle</Unicode>
                    </TextEquiv>
                    <TextStyle fontFamily="Times New Roman" fontSize="8.5"/>
                </Word>
                <Word id="w_w1aab1b1b2c45b1ac97" language="English" custom="readingOrder {index:6;}">
                    <Coords points="1192,1568 1226,1568 1226,1597 1192,1597"/>
                    <TextEquiv>
                        <Unicode>de</Unicode>
                    </TextEquiv>
                    <TextStyle fontFamily="Times New Roman" fontSize="8.5"/>
                </Word>
                <Word id="w_w1aab1b1b2c45b1ad103" language="English" custom="readingOrder {index:7;}">
                    <Coords points="1245,1575 1276,1575 1276,1597 1245,1597"/>
                    <TextEquiv>
                        <Unicode>sa</Unicode>
                    </TextEquiv>
                    <TextStyle fontFamily="Times New Roman" fontSize="8.5"/>
                </Word>
                <Word id="w_w1aab1b1b2c45b1ad109" language="English" custom="readingOrder {index:8;}">
                    <Coords points="1285,1566 1413,1566 1413,1604 1285,1604"/>
                    <TextEquiv>
                        <Unicode>tragédie</Unicode>
                    </TextEquiv>
                    <TextStyle fontFamily="Times New Roman" fontSize="8.5"/>
                </Word>
                <Word id="w_w1aab1b1b2c45b1ad127" language="English" custom="readingOrder {index:9;}">
                    <Coords points="1423,1566 1457,1566 1457,1596 1423,1596"/>
                    <TextEquiv>
                        <Unicode>de</Unicode>
                    </TextEquiv>
                    <TextStyle fontFamily="Times New Roman" fontSize="8.5"/>
                </Word>
                <Word id="w_w1aab1b1b2c45b1b1b1" language="English" custom="readingOrder {index:10;}">
                    <Coords points="1472,1566 1614,1566 1614,1600 1472,1600"/>
                    <TextEquiv>
                        <Unicode>Lucrèce,</Unicode>
                    </TextEquiv>
                    <TextStyle fontFamily="Times New Roman" fontSize="10.0" italic="true"/>
                </Word>
                <Word id="w_w1aab1b1b2c45b1b3b1" language="English" custom="readingOrder {index:11;}">
                    <Coords points="1627,1568 1654,1568 1654,1597 1627,1597"/>
                    <TextEquiv>
                        <Unicode>et</Unicode>
                    </TextEquiv>
                    <TextStyle fontFamily="Times New Roman" fontSize="8.5"/>
                </Word>
                <Word id="w_w1aab1b1b2c45b1b3b7" language="English" custom="readingOrder {index:12;}">
                    <Coords points="1664,1570 1781,1570 1781,1597 1664,1597"/>
                    <TextEquiv>
                        <Unicode>raconte</Unicode>
                    </TextEquiv>
                    <TextStyle fontFamily="Times New Roman" fontSize="8.5"/>
                </Word>
                <TextEquiv>
                    <Unicode>Très-intéressante lettre dans laquelle il parle de sa tragédie de Lucrèce, et raconte</Unicode>
                </TextEquiv>
            </TextLine>
            <TextLine id="tl_32" primaryLanguage="English" custom="readingOrder {index:1;}">
                <Coords points="412,1605 1781,1605 1781,1643 412,1643"/>
                <Baseline points="412,1636 1781,1636"/>
                <Word id="w_w1aab1b1b2c45b3ab1" language="English" custom="readingOrder {index:0;}">
                    <Coords points="412,1605 454,1605 454,1635 412,1635"/>
                    <TextEquiv>
                        <Unicode>les</Unicode>
                    </TextEquiv>
                    <TextStyle fontFamily="Times New Roman" fontSize="8.5"/>
                </Word>
                <Word id="w_w1aab1b1b2c45b3ab9" language="English" custom="readingOrder {index:1;}">
                    <Coords points="468,1606 610,1606 610,1643 468,1643"/>
                    <TextEquiv>
                        <Unicode>banquets</Unicode>
                    </TextEquiv>
                    <TextStyle fontFamily="Times New Roman" fontSize="8.5"/>
                </Word>
                <Word id="w_w1aab1b1b2c45b3ac27" language="English" custom="readingOrder {index:2;}">
                    <Coords points="629,1610 658,1610 658,1636 629,1636"/>
                    <TextEquiv>
                        <Unicode>et</Unicode>
                    </TextEquiv>
                    <TextStyle fontFamily="Times New Roman" fontSize="8.5"/>
                </Word>
                <Word id="w_w1aab1b1b2c45b3ac33" language="English" custom="readingOrder {index:3;}">
                    <Coords points="676,1607 717,1607 717,1636 676,1636"/>
                    <TextEquiv>
                        <Unicode>les</Unicode>
                    </TextEquiv>
                    <TextStyle fontFamily="Times New Roman" fontSize="8.5"/>
                </Word>
                <Word id="w_w1aab1b1b2c45b3ac41" language="English" custom="readingOrder {index:4;}">
                    <Coords points="730,1607 861,1607 861,1636 730,1636"/>
                    <TextEquiv>
                        <Unicode>ovations</Unicode>
                    </TextEquiv>
                    <TextStyle fontFamily="Times New Roman" fontSize="8.5"/>
                </Word>
                <Word id="w_w1aab1b1b2c45b3ac59" language="English" custom="readingOrder {index:5;}">
                    <Coords points="875,1607 922,1607 922,1643 875,1643"/>
                    <TextEquiv>
                        <Unicode>qui</Unicode>
                    </TextEquiv>
                    <TextStyle fontFamily="Times New Roman" fontSize="8.5"/>
                </Word>
                <Word id="w_w1aab1b1b2c45b3ac67" language="English" custom="readingOrder {index:6;}">
                    <Coords points="938,1607 1006,1607 1006,1635 938,1635"/>
                    <TextEquiv>
                        <Unicode>l’ont</Unicode>
                    </TextEquiv>
                    <TextStyle fontFamily="Times New Roman" fontSize="8.5"/>
                </Word>
                <Word id="w_w1aab1b1b2c45b3ac79" language="English" custom="readingOrder {index:7;}">
                    <Coords points="1019,1607 1144,1607 1144,1636 1019,1636"/>
                    <TextEquiv>
                        <Unicode>accueilli</Unicode>
                    </TextEquiv>
                    <TextStyle fontFamily="Times New Roman" fontSize="8.5"/>
                </Word>
                <Word id="w_w1aab1b1b2c45b3ac99" language="English" custom="readingOrder {index:8;}">
                    <Coords points="1161,1607 1178,1607 1178,1636 1161,1636"/>
                    <TextEquiv>
                        <Unicode>k</Unicode>
                    </TextEquiv>
                    <TextStyle fontFamily="Times New Roman" fontSize="8.5"/>
                </Word>
                <Word id="w_w1aab1b1b2c45b3ad103" language="English" custom="readingOrder {index:9;}">
                    <Coords points="1195,1606 1317,1606 1317,1642 1195,1642"/>
                    <TextEquiv>
                        <Unicode>Vienne,</Unicode>
                    </TextEquiv>
                    <TextStyle fontFamily="Times New Roman" fontSize="8.5"/>
                </Word>
                <Word id="w_w1aab1b1b2c45b3ad119" language="English" custom="readingOrder {index:10;}">
                    <Coords points="1334,1606 1370,1606 1370,1636 1334,1636"/>
                    <TextEquiv>
                        <Unicode>où</Unicode>
                    </TextEquiv>
                    <TextStyle fontFamily="Times New Roman" fontSize="8.5"/>
                </Word>
                <Word id="w_w1aab1b1b2c45b3ad125" language="English" custom="readingOrder {index:11;}">
                    <Coords points="1385,1605 1404,1605 1404,1635 1385,1635"/>
                    <TextEquiv>
                        <Unicode>il</Unicode>
                    </TextEquiv>
                    <TextStyle fontFamily="Times New Roman" fontSize="8.5"/>
                </Word>
                <Word id="w_w1aab1b1b2c45b3ad131" language="English" custom="readingOrder {index:12;}">
                    <Coords points="1424,1613 1458,1613 1458,1635 1424,1635"/>
                    <TextEquiv>
                        <Unicode>va</Unicode>
                    </TextEquiv>
                    <TextStyle fontFamily="Times New Roman" fontSize="8.5"/>
                </Word>
                <Word id="w_w1aab1b1b2c45b3ad137" language="English" custom="readingOrder {index:13;}">
                    <Coords points="1480,1607 1580,1607 1580,1643 1480,1643"/>
                    <TextEquiv>
                        <Unicode>goûter</Unicode>
                    </TextEquiv>
                    <TextStyle fontFamily="Times New Roman" fontSize="8.5"/>
                </Word>
                <Word id="w_w1aab1b1b2c45b3ad151" language="English" custom="readingOrder {index:14;}">
                    <Coords points="1602,1613 1637,1613 1637,1635 1602,1635"/>
                    <TextEquiv>
                        <Unicode>un</Unicode>
                    </TextEquiv>
                    <TextStyle fontFamily="Times New Roman" fontSize="8.5"/>
                </Word>
                <Word id="w_w1aab1b1b2c45b3ad157" language="English" custom="readingOrder {index:15;}">
                    <Coords points="1668,1614 1722,1614 1722,1643 1668,1643"/>
                    <TextEquiv>
                        <Unicode>peu</Unicode>
                    </TextEquiv>
                    <TextStyle fontFamily="Times New Roman" fontSize="8.5"/>
                </Word>
                <Word id="w_w1aab1b1b2c45b3ad165" language="English" custom="readingOrder {index:16;}">
                    <Coords points="1746,1606 1781,1606 1781,1636 1746,1636"/>
                    <TextEquiv>
                        <Unicode>de</Unicode>
                    </TextEquiv>
                    <TextStyle fontFamily="Times New Roman" fontSize="8.5"/>
                </Word>
                <TextEquiv>
                    <Unicode>les banquets et les ovations qui l’ont accueilli à Vienne, où il va goûter un peu de</Unicode>
                </TextEquiv>
                <TextStyle fontFamily="Times New Roman" fontSize="8.5"/>
            </TextLine>
            <TextLine id="tl_33" primaryLanguage="English" custom="readingOrder {index:2;}">
                <Coords points="413,1652 508,1652 508,1681 413,1681"/>
                <Baseline points="413,1673 508,1673"/>
                <Word id="w_w1aab1b1b2c45b5ab1" language="English" custom="readingOrder {index:0;}">
                    <Coords points="413,1652 508,1652 508,1681 413,1681"/>
                    <TextEquiv>
                        <Unicode>repos.</Unicode>
                    </TextEquiv>
                    <TextStyle fontFamily="Times New Roman" fontSize="8.5"/>
                </Word>
                <TextEquiv>
                    <Unicode>repos.</Unicode>
                </TextEquiv>
                <TextStyle fontFamily="Times New Roman" fontSize="8.5"/>
            </TextLine>
            <TextEquiv>
                <Unicode>Très-intéressante lettre dans laquelle il parle de sa tragédie de Lucrèce, et raconte
les banquets et les ovations qui l’ont accueilli à Vienne, où il va goûter un peu de
repos.</Unicode>
            </TextEquiv>
        </TextRegion>
        <TextRegion type="paragraph" id="r_1_24" custom="readingOrder {index:24;}">
            <Coords points="326,1680 1777,1680 1777,1727 326,1727"/>
            <TextLine id="tl_34" primaryLanguage="English" custom="readingOrder {index:0;} textStyle {offset:4; length:8;fontSize:0.0; kerning:0; bold:true;}">
                <Coords points="327,1681 1776,1681 1776,1726 327,1726"/>
                <Baseline points="327,1716 1776,1716"/>
                <Word id="w_w1aab1b1b2c47b1ab1" language="English" custom="readingOrder {index:0;}">
                    <Coords points="327,1683 382,1683 382,1716 327,1716"/>
                    <TextEquiv>
                        <Unicode>131</Unicode>
                    </TextEquiv>
                    <TextStyle fontFamily="Times New Roman" fontSize="10.0"/>
                </Word>
                <Word id="w_w1aab1b1b2c47b1b1b1" language="English" custom="readingOrder {index:1;}">
                    <Coords points="411,1683 606,1683 606,1725 411,1725"/>
                    <TextEquiv>
                        <Unicode>Poultier</Unicode>
                    </TextEquiv>
                    <TextStyle fontFamily="Times New Roman" fontSize="9.5" bold="true"/>
                </Word>
                <Word id="w_w1aab1b1b2c47b1b2b1" language="English" custom="readingOrder {index:2;}">
                    <Coords points="626,1682 708,1682 708,1725 626,1725"/>
                    <TextEquiv>
                        <Unicode>(P.),</Unicode>
                    </TextEquiv>
                    <TextStyle fontFamily="Times New Roman" fontSize="10.0"/>
                </Word>
                <Word id="w_w1aab1b1b2c47b1b2c13" language="English" custom="readingOrder {index:3;}">
                    <Coords points="723,1681 875,1681 875,1716 723,1716"/>
                    <TextEquiv>
                        <Unicode>célèbre</Unicode>
                    </TextEquiv>
                    <TextStyle fontFamily="Times New Roman" fontSize="10.0"/>
                </Word>
                <Word id="w_w1aab1b1b2c47b1b2c29" language="English" custom="readingOrder {index:4;}">
                    <Coords points="888,1682 1083,1682 1083,1717 888,1717"/>
                    <TextEquiv>
                        <Unicode>chanteur</Unicode>
                    </TextEquiv>
                    <TextStyle fontFamily="Times New Roman" fontSize="10.0"/>
                </Word>
                <Word id="w_w1aab1b1b2c47b1b2c47" language="English" custom="readingOrder {index:5;}">
                    <Coords points="1097,1682 1142,1682 1142,1716 1097,1716"/>
                    <TextEquiv>
                        <Unicode>de</Unicode>
                    </TextEquiv>
                    <TextStyle fontFamily="Times New Roman" fontSize="10.0"/>
                </Word>
                <Word id="w_w1aab1b1b2c47b1b2c53" language="English" custom="readingOrder {index:6;}">
                    <Coords points="1158,1682 1379,1682 1379,1725 1158,1725"/>
                    <TextEquiv>
                        <Unicode>l’Opéra.—</Unicode>
                    </TextEquiv>
                    <TextStyle fontFamily="Times New Roman" fontSize="10.0"/>
                </Word>
                <Word id="w_w1aab1b1b2c47b1b2c73" language="English" custom="readingOrder {index:7;}">
                    <Coords points="1390,1681 1433,1681 1433,1716 1390,1716"/>
                    <TextEquiv>
                        <Unicode>L.</Unicode>
                    </TextEquiv>
                    <TextStyle fontFamily="Times New Roman" fontSize="10.0"/>
                </Word>
                <Word id="w_w1aab1b1b2c47b1b2c79" language="English" custom="readingOrder {index:8;}">
                    <Coords points="1450,1691 1482,1691 1482,1716 1450,1716"/>
                    <TextEquiv>
                        <Unicode>a.</Unicode>
                    </TextEquiv>
                    <TextStyle fontFamily="Times New Roman" fontSize="10.0"/>
                </Word>
                <Word id="w_w1aab1b1b2c47b1b2c85" language="English" custom="readingOrder {index:9;}">
                    <Coords points="1499,1691 1528,1691 1528,1716 1499,1716"/>
                    <TextEquiv>
                        <Unicode>s.</Unicode>
                    </TextEquiv>
                    <TextStyle fontFamily="Times New Roman" fontSize="10.0"/>
                </Word>
                <Word id="w_w1aab1b1b2c47b1b2c91" language="English" custom="readingOrder {index:10;}">
                    <Coords points="1544,1682 1566,1682 1566,1715 1544,1715"/>
                    <TextEquiv>
                        <Unicode>à</Unicode>
                    </TextEquiv>
                    <TextStyle fontFamily="Times New Roman" fontSize="10.0"/>
                </Word>
                <Word id="w_w1aab1b1b2c47b1b2c95" language="English" custom="readingOrder {index:11;}">
                    <Coords points="1576,1682 1628,1682 1628,1716 1576,1716"/>
                    <TextEquiv>
                        <Unicode>M.</Unicode>
                    </TextEquiv>
                    <TextStyle fontFamily="Times New Roman" fontSize="10.0"/>
                </Word>
                <Word id="w_w1aab1b1b2c47b1b2d101" language="English" custom="readingOrder {index:12;}">
                    <Coords points="1641,1682 1776,1682 1776,1726 1641,1726"/>
                    <TextEquiv>
                        <Unicode>Adam;</Unicode>
                    </TextEquiv>
                    <TextStyle fontFamily="Times New Roman" fontSize="10.0"/>
                </Word>
                <TextEquiv>
                    <Unicode>131 Poultier (P.), célèbre chanteur de l’Opéra.— L. a. s. à M. Adam;</Unicode>
                </TextEquiv>
            </TextLine>
            <TextEquiv>
                <Unicode>131 Poultier (P.), célèbre chanteur de l’Opéra.— L. a. s. à M. Adam;</Unicode>
            </TextEquiv>
        </TextRegion>
        <TextRegion type="paragraph" id="r_1_25" custom="readingOrder {index:25;}">
            <Coords points="409,1724 1779,1724 1779,1806 409,1806"/>
            <TextLine id="tl_35" primaryLanguage="English" custom="readingOrder {index:0;}">
                <Coords points="412,1725 1778,1725 1778,1771 412,1771"/>
                <Baseline points="412,1761 1778,1761"/>
                <Word id="w_w1aab1b1b2c49b1ab1" language="English" custom="readingOrder {index:0;}">
                    <Coords points="412,1746 453,1746 453,1751 412,1751"/>
                    <TextEquiv>
                        <Unicode>—</Unicode>
                    </TextEquiv>
                    <TextStyle fontFamily="Times New Roman" fontSize="10.0"/>
                </Word>
                <Word id="w_w1aab1b1b2c49b1ab5" language="English" custom="readingOrder {index:1;}">
                    <Coords points="472,1726 636,1726 636,1767 472,1767"/>
                    <TextEquiv>
                        <Unicode>Nantes,</Unicode>
                    </TextEquiv>
                    <TextStyle fontFamily="Times New Roman" fontSize="10.0"/>
                </Word>
                <Word id="w_w1aab1b1b2c49b1ac21" language="English" custom="readingOrder {index:2;}">
                    <Coords points="662,1729 756,1729 756,1769 662,1769"/>
                    <TextEquiv>
                        <Unicode>1845,</Unicode>
                    </TextEquiv>
                    <TextStyle fontFamily="Times New Roman" fontSize="10.0"/>
                </Word>
                <Word id="w_w1aab1b1b2c49b1ac33" language="English" custom="readingOrder {index:3;}">
                    <Coords points="776,1729 797,1729 797,1762 776,1762"/>
                    <TextEquiv>
                        <Unicode>2</Unicode>
                    </TextEquiv>
                    <TextStyle fontFamily="Times New Roman" fontSize="10.0"/>
                </Word>
                <Word id="w_w1aab1b1b2c49b1ac37" language="English" custom="readingOrder {index:4;}">
                    <Coords points="816,1736 851,1736 851,1771 816,1771"/>
                    <TextEquiv>
                        <Unicode>p.</Unicode>
                    </TextEquiv>
                    <TextStyle fontFamily="Times New Roman" fontSize="10.0"/>
                </Word>
                <Word id="w_w1aab1b1b2c49b1ac43" language="English" custom="readingOrder {index:5;}">
                    <Coords points="874,1726 965,1726 965,1761 874,1761"/>
                    <TextEquiv>
                        <Unicode>in-8.</Unicode>
                    </TextEquiv>
                    <TextStyle fontFamily="Times New Roman" fontSize="10.0"/>
                </Word>
                <Word id="w_w1aab1b1b2c49b1ac55" language="English" custom="readingOrder {index:6;}">
                    <Coords points="988,1726 1020,1726 1020,1761 988,1761"/>
                    <TextEquiv>
                        <Unicode>Il</Unicode>
                    </TextEquiv>
                    <TextStyle fontFamily="Times New Roman" fontSize="10.0"/>
                </Word>
                <Word id="w_w1aab1b1b2c49b1ac61" language="English" custom="readingOrder {index:7;}">
                    <Coords points="1037,1737 1063,1737 1063,1771 1037,1771"/>
                    <TextEquiv>
                        <Unicode>y</Unicode>
                    </TextEquiv>
                    <TextStyle fontFamily="Times New Roman" fontSize="10.0"/>
                </Word>
                <Word id="w_w1aab1b1b2c49b1ac65" language="English" custom="readingOrder {index:8;}">
                    <Coords points="1083,1726 1190,1726 1190,1771 1083,1771"/>
                    <TextEquiv>
                        <Unicode>parle</Unicode>
                    </TextEquiv>
                    <TextStyle fontFamily="Times New Roman" fontSize="10.0"/>
                </Word>
                <Word id="w_w1aab1b1b2c49b1ac77" language="English" custom="readingOrder {index:9;}">
                    <Coords points="1211,1725 1277,1725 1277,1760 1211,1760"/>
                    <TextEquiv>
                        <Unicode>des</Unicode>
                    </TextEquiv>
                    <TextStyle fontFamily="Times New Roman" fontSize="10.0"/>
                </Word>
                <Word id="w_w1aab1b1b2c49b1ac85" language="English" custom="readingOrder {index:10;}">
                    <Coords points="1305,1725 1448,1725 1448,1771 1305,1771"/>
                    <TextEquiv>
                        <Unicode>grands</Unicode>
                    </TextEquiv>
                    <TextStyle fontFamily="Times New Roman" fontSize="10.0"/>
                </Word>
                <Word id="w_w1aab1b1b2c49b1ac99" language="English" custom="readingOrder {index:11;}">
                    <Coords points="1473,1726 1607,1726 1607,1760 1473,1760"/>
                    <TextEquiv>
                        <Unicode>succès</Unicode>
                    </TextEquiv>
                    <TextStyle fontFamily="Times New Roman" fontSize="10.0"/>
                </Word>
                <Word id="w_w1aab1b1b2c49b1ad113" language="English" custom="readingOrder {index:12;}">
                    <Coords points="1633,1726 1729,1726 1729,1771 1633,1771"/>
                    <TextEquiv>
                        <Unicode>qu’il</Unicode>
                    </TextEquiv>
                    <TextStyle fontFamily="Times New Roman" fontSize="10.0"/>
                </Word>
                <Word id="w_w1aab1b1b2c49b1ad125" language="English" custom="readingOrder {index:13;}">
                    <Coords points="1756,1737 1778,1737 1778,1761 1756,1761"/>
                    <TextEquiv>
                        <Unicode>a</Unicode>
                    </TextEquiv>
                    <TextStyle fontFamily="Times New Roman" fontSize="10.0"/>
                </Word>
                <TextEquiv>
                    <Unicode>— Nantes, 1845, 2 p. in-8. Il y parle des grands succès qu’il a</Unicode>
                </TextEquiv>
                <TextStyle fontFamily="Times New Roman" fontSize="10.0"/>
            </TextLine>
            <TextLine id="tl_36" primaryLanguage="English" custom="readingOrder {index:1;}">
                <Coords points="410,1770 1777,1770 1777,1805 410,1805"/>
                <Baseline points="410,1804 1777,1804"/>
                <Word id="w_w1aab1b1b2c49b3ab1" language="English" custom="readingOrder {index:0;}">
                    <Coords points="410,1770 506,1770 506,1805 410,1805"/>
                    <TextEquiv>
                        <Unicode>dans</Unicode>
                    </TextEquiv>
                    <TextStyle fontFamily="Times New Roman" fontSize="10.0"/>
                </Word>
                <Word id="w_w1aab1b1b2c49b3ac11" language="English" custom="readingOrder {index:1;}">
                    <Coords points="526,1772 628,1772 628,1805 526,1805"/>
                    <TextEquiv>
                        <Unicode>cette</Unicode>
                    </TextEquiv>
                    <TextStyle fontFamily="Times New Roman" fontSize="10.0"/>
                </Word>
                <Word id="w_w1aab1b1b2c49b3ac23" language="English" custom="readingOrder {index:2;}">
                    <Coords points="649,1770 758,1770 758,1805 649,1805"/>
                    <TextEquiv>
                        <Unicode>ville.</Unicode>
                    </TextEquiv>
                    <TextStyle fontFamily="Times New Roman" fontSize="10.0"/>
                </Word>
                <Word id="w_w1aab1b1b2c49b3ac37" language="English" custom="readingOrder {index:3;}">
                    <Coords points="1691,1772 1713,1772 1713,1805 1691,1805"/>
                    <TextEquiv>
                        <Unicode>2</Unicode>
                    </TextEquiv>
                    <TextStyle fontFamily="Times New Roman" fontSize="10.0"/>
                </Word>
                <Word id="w_w1aab1b1b2c49b3ac41" language="English" custom="readingOrder {index:4;}">
                    <Coords points="1760,1783 1777,1783 1777,1802 1760,1802"/>
                    <TextEquiv>
                        <Unicode>»</Unicode>
                    </TextEquiv>
                    <TextStyle fontFamily="Times New Roman" fontSize="10.0"/>
                </Word>
                <TextEquiv>
                    <Unicode>dans cette ville. 2 »</Unicode>
                </TextEquiv>
                <TextStyle fontFamily="Times New Roman" fontSize="10.0"/>
            </TextLine>
            <TextEquiv>
                <Unicode>— Nantes, 1845, 2 p. in-8. Il y parle des grands succès qu’il a
dans cette ville. 2 »</Unicode>
            </TextEquiv>
        </TextRegion>
        <TextRegion type="paragraph" id="r_1_26" custom="readingOrder {index:26;}">
            <Coords points="326,1812 1782,1812 1782,1859 326,1859"/>
            <TextLine id="tl_37" primaryLanguage="English" custom="readingOrder {index:0;} textStyle {offset:4; length:8;fontSize:0.0; kerning:0; bold:true;}">
                <Coords points="327,1813 1781,1813 1781,1858 327,1858"/>
                <Baseline points="327,1848 1781,1848"/>
                <Word id="w_w1aab1b1b2c51b1ab1" language="English" custom="readingOrder {index:0;}">
                    <Coords points="327,1815 387,1815 387,1848 327,1848"/>
                    <TextEquiv>
                        <Unicode>132</Unicode>
                    </TextEquiv>
                    <TextStyle fontFamily="Times New Roman" fontSize="10.0"/>
                </Word>
                <Word id="w_w1aab1b1b2c51b1b1b1" language="English" custom="readingOrder {index:1;}">
                    <Coords points="411,1815 646,1815 646,1858 411,1858"/>
                    <TextEquiv>
                        <Unicode>Proudhon</Unicode>
                    </TextEquiv>
                    <TextStyle fontFamily="Times New Roman" fontSize="9.5" bold="true"/>
                </Word>
                <Word id="w_w1aab1b1b2c51b1b2b1" language="English" custom="readingOrder {index:2;}">
                    <Coords points="665,1814 803,1814 803,1858 665,1858"/>
                    <TextEquiv>
                        <Unicode>(P.-J.),</Unicode>
                    </TextEquiv>
                    <TextStyle fontFamily="Times New Roman" fontSize="10.0"/>
                </Word>
                <Word id="w_w1aab1b1b2c51b1b2c19" language="English" custom="readingOrder {index:3;}">
                    <Coords points="826,1813 861,1813 861,1848 826,1848"/>
                    <TextEquiv>
                        <Unicode>le</Unicode>
                    </TextEquiv>
                    <TextStyle fontFamily="Times New Roman" fontSize="10.0"/>
                </Word>
                <Word id="w_w1aab1b1b2c51b1b2c25" language="English" custom="readingOrder {index:4;}">
                    <Coords points="889,1814 1042,1814 1042,1849 889,1849"/>
                    <TextEquiv>
                        <Unicode>célèbre</Unicode>
                    </TextEquiv>
                    <TextStyle fontFamily="Times New Roman" fontSize="10.0"/>
                </Word>
                <Word id="w_w1aab1b1b2c51b1b2c41" language="English" custom="readingOrder {index:5;}">
                    <Coords points="1068,1813 1242,1813 1242,1848 1068,1848"/>
                    <TextEquiv>
                        <Unicode>écrivain</Unicode>
                    </TextEquiv>
                    <TextStyle fontFamily="Times New Roman" fontSize="10.0"/>
                </Word>
                <Word id="w_w1aab1b1b2c51b1b2c59" language="English" custom="readingOrder {index:6;}">
                    <Coords points="1268,1813 1480,1813 1480,1848 1268,1848"/>
                    <TextEquiv>
                        <Unicode>socialiste.</Unicode>
                    </TextEquiv>
                    <TextStyle fontFamily="Times New Roman" fontSize="10.0"/>
                </Word>
                <Word id="w_w1aab1b1b2c51b1b2c83" language="English" custom="readingOrder {index:7;}">
                    <Coords points="1502,1833 1544,1833 1544,1838 1502,1838"/>
                    <TextEquiv>
                        <Unicode>—</Unicode>
                    </TextEquiv>
                    <TextStyle fontFamily="Times New Roman" fontSize="10.0"/>
                </Word>
                <Word id="w_w1aab1b1b2c51b1b2c87" language="English" custom="readingOrder {index:8;}">
                    <Coords points="1562,1813 1605,1813 1605,1848 1562,1848"/>
                    <TextEquiv>
                        <Unicode>L.</Unicode>
                    </TextEquiv>
                    <TextStyle fontFamily="Times New Roman" fontSize="10.0"/>
                </Word>
                <Word id="w_w1aab1b1b2c51b1b2c93" language="English" custom="readingOrder {index:9;}">
                    <Coords points="1636,1824 1670,1824 1670,1849 1636,1849"/>
                    <TextEquiv>
                        <Unicode>a.</Unicode>
                    </TextEquiv>
                    <TextStyle fontFamily="Times New Roman" fontSize="10.0"/>
                </Word>
                <Word id="w_w1aab1b1b2c51b1b2c99" language="English" custom="readingOrder {index:10;}">
                    <Coords points="1697,1825 1726,1825 1726,1849 1697,1849"/>
                    <TextEquiv>
                        <Unicode>s.</Unicode>
                    </TextEquiv>
                    <TextStyle fontFamily="Times New Roman" fontSize="10.0"/>
                </Word>
                <Word id="w_w1aab1b1b2c51b1b2d105" language="English" custom="readingOrder {index:11;}">
                    <Coords points="1760,1815 1781,1815 1781,1848 1760,1848"/>
                    <TextEquiv>
                        <Unicode>à</Unicode>
                    </TextEquiv>
                    <TextStyle fontFamily="Times New Roman" fontSize="10.0"/>
                </Word>
                <TextEquiv>
                    <Unicode>132 Proudhon (P.-J.), le célèbre écrivain socialiste. — L. a. s. à</Unicode>
                </TextEquiv>
            </TextLine>
            <TextEquiv>
                <Unicode>132 Proudhon (P.-J.), le célèbre écrivain socialiste. — L. a. s. à</Unicode>
            </TextEquiv>
        </TextRegion>
        <TextRegion type="paragraph" id="r_1_27" custom="readingOrder {index:27;}">
            <Coords points="410,1856 1779,1856 1779,1947 410,1947"/>
            <TextLine id="tl_38" primaryLanguage="English" custom="readingOrder {index:0;}">
                <Coords points="412,1857 1778,1857 1778,1903 412,1903"/>
                <Baseline points="412,1892 1778,1892"/>
                <Word id="w_w1aab1b1b2c53b1ab1" language="English" custom="readingOrder {index:0;}">
                    <Coords points="412,1858 464,1858 464,1893 412,1893"/>
                    <TextEquiv>
                        <Unicode>M.</Unicode>
                    </TextEquiv>
                    <TextStyle fontFamily="Times New Roman" fontSize="10.0"/>
                </Word>
                <Word id="w_w1aab1b1b2c53b1ab7" language="English" custom="readingOrder {index:1;}">
                    <Coords points="485,1858 626,1858 626,1900 485,1900"/>
                    <TextEquiv>
                        <Unicode>Mazel;</Unicode>
                    </TextEquiv>
                    <TextStyle fontFamily="Times New Roman" fontSize="10.0"/>
                </Word>
                <Word id="w_w1aab1b1b2c53b1ac21" language="English" custom="readingOrder {index:2;}">
                    <Coords points="650,1858 783,1858 783,1903 650,1903"/>
                    <TextEquiv>
                        <Unicode>prison</Unicode>
                    </TextEquiv>
                    <TextStyle fontFamily="Times New Roman" fontSize="10.0"/>
                </Word>
                <Word id="w_w1aab1b1b2c53b1ac35" language="English" custom="readingOrder {index:3;}">
                    <Coords points="804,1857 850,1857 850,1892 804,1892"/>
                    <TextEquiv>
                        <Unicode>de</Unicode>
                    </TextEquiv>
                    <TextStyle fontFamily="Times New Roman" fontSize="10.0"/>
                </Word>
                <Word id="w_w1aab1b1b2c53b1ac41" language="English" custom="readingOrder {index:4;}">
                    <Coords points="871,1857 1207,1857 1207,1902 871,1902"/>
                    <TextEquiv>
                        <Unicode>Sainte-Pélagie,</Unicode>
                    </TextEquiv>
                    <TextStyle fontFamily="Times New Roman" fontSize="10.0"/>
                </Word>
                <Word id="w_w1aab1b1b2c53b1ac73" language="English" custom="readingOrder {index:5;}">
                    <Coords points="1227,1861 1248,1861 1248,1892 1227,1892"/>
                    <TextEquiv>
                        <Unicode>6</Unicode>
                    </TextEquiv>
                    <TextStyle fontFamily="Times New Roman" fontSize="10.0"/>
                </Word>
                <Word id="w_w1aab1b1b2c53b1ac77" language="English" custom="readingOrder {index:6;}">
                    <Coords points="1267,1868 1371,1868 1371,1893 1267,1893"/>
                    <TextEquiv>
                        <Unicode>mars</Unicode>
                    </TextEquiv>
                    <TextStyle fontFamily="Times New Roman" fontSize="10.0"/>
                </Word>
                <Word id="w_w1aab1b1b2c53b1ac87" language="English" custom="readingOrder {index:7;}">
                    <Coords points="1394,1860 1489,1860 1489,1899 1394,1899"/>
                    <TextEquiv>
                        <Unicode>1852,</Unicode>
                    </TextEquiv>
                    <TextStyle fontFamily="Times New Roman" fontSize="10.0"/>
                </Word>
                <Word id="w_w1aab1b1b2c53b1ac99" language="English" custom="readingOrder {index:8;}">
                    <Coords points="1509,1860 1530,1860 1530,1893 1509,1893"/>
                    <TextEquiv>
                        <Unicode>3</Unicode>
                    </TextEquiv>
                    <TextStyle fontFamily="Times New Roman" fontSize="10.0"/>
                </Word>
                <Word id="w_w1aab1b1b2c53b1ad103" language="English" custom="readingOrder {index:9;}">
                    <Coords points="1543,1868 1579,1868 1579,1902 1543,1902"/>
                    <TextEquiv>
                        <Unicode>p.</Unicode>
                    </TextEquiv>
                    <TextStyle fontFamily="Times New Roman" fontSize="10.0"/>
                </Word>
                <Word id="w_w1aab1b1b2c53b1ad109" language="English" custom="readingOrder {index:10;}">
                    <Coords points="1601,1857 1697,1857 1697,1892 1601,1892"/>
                    <TextEquiv>
                        <Unicode>in-8.</Unicode>
                    </TextEquiv>
                    <TextStyle fontFamily="Times New Roman" fontSize="10.0"/>
                </Word>
                <Word id="w_w1aab1b1b2c53b1ad121" language="English" custom="readingOrder {index:11;}">
                    <Coords points="1719,1858 1778,1858 1778,1892 1719,1892"/>
                    <TextEquiv>
                        <Unicode>Un</Unicode>
                    </TextEquiv>
                    <TextStyle fontFamily="Times New Roman" fontSize="10.0"/>
                </Word>
                <TextEquiv>
                    <Unicode>M. Mazel; prison de Sainte-Pélagie, 6 mars 1852, 3 p. in-8. Un</Unicode>
                </TextEquiv>
                <TextStyle fontFamily="Times New Roman" fontSize="10.0"/>
            </TextLine>
            <TextLine id="tl_39" primaryLanguage="English" custom="readingOrder {index:1;}">
                <Coords points="411,1901 1776,1901 1776,1946 411,1946"/>
                <Baseline points="411,1936 1776,1936"/>
                <Word id="w_w1aab1b1b2c53b3ab1" language="English" custom="readingOrder {index:0;}">
                    <Coords points="411,1912 485,1912 485,1946 411,1946"/>
                    <TextEquiv>
                        <Unicode>peu</Unicode>
                    </TextEquiv>
                    <TextStyle fontFamily="Times New Roman" fontSize="10.0"/>
                </Word>
                <Word id="w_w1aab1b1b2c53b3ab9" language="English" custom="readingOrder {index:1;}">
                    <Coords points="506,1901 657,1901 657,1937 506,1937"/>
                    <TextEquiv>
                        <Unicode>tachée.</Unicode>
                    </TextEquiv>
                    <TextStyle fontFamily="Times New Roman" fontSize="10.0"/>
                </Word>
                <Word id="w_w1aab1b1b2c53b3ac25" language="English" custom="readingOrder {index:2;}">
                    <Coords points="1674,1904 1710,1904 1710,1936 1674,1936"/>
                    <TextEquiv>
                        <Unicode>10</Unicode>
                    </TextEquiv>
                    <TextStyle fontFamily="Times New Roman" fontSize="10.0"/>
                </Word>
                <Word id="w_w1aab1b1b2c53b3ac31" language="English" custom="readingOrder {index:3;}">
                    <Coords points="1759,1915 1776,1915 1776,1934 1759,1934"/>
                    <TextEquiv>
                        <Unicode>»</Unicode>
                    </TextEquiv>
                    <TextStyle fontFamily="Times New Roman" fontSize="10.0"/>
                </Word>
                <TextEquiv>
                    <Unicode>peu tachée. 10 »</Unicode>
                </TextEquiv>
                <TextStyle fontFamily="Times New Roman" fontSize="10.0"/>
            </TextLine>
            <TextEquiv>
                <Unicode>M. Mazel; prison de Sainte-Pélagie, 6 mars 1852, 3 p. in-8. Un
peu tachée. 10 »</Unicode>
            </TextEquiv>
        </TextRegion>
        <TextRegion type="paragraph" id="r_1_28" custom="readingOrder {index:28;}">
            <Coords points="411,1944 1783,1944 1783,2450 411,2450"/>
            <TextLine id="tl_40" primaryLanguage="English" custom="readingOrder {index:0;}">
                <Coords points="441,1945 1781,1945 1781,1985 441,1985"/>
                <Baseline points="441,1977 1781,1977"/>
                <Word id="w_w1aab1b1b2c55b1ab1" language="English" custom="readingOrder {index:0;}">
                    <Coords points="441,1948 474,1948 474,1977 441,1977"/>
                    <TextEquiv>
                        <Unicode>Ti</Unicode>
                    </TextEquiv>
                    <TextStyle fontFamily="Times New Roman" fontSize="8.5"/>
                </Word>
                <Word id="w_w1aab1b1b2c55b1ab7" language="English" custom="readingOrder {index:1;}">
                    <Coords points="483,1948 662,1948 662,1978 483,1978"/>
                    <TextEquiv>
                        <Unicode>ès-curieuse</Unicode>
                    </TextEquiv>
                    <TextStyle fontFamily="Times New Roman" fontSize="8.5"/>
                </Word>
                <Word id="w_w1aab1b1b2c55b1ac31" language="English" custom="readingOrder {index:2;}">
                    <Coords points="674,1947 757,1947 757,1978 674,1978"/>
                    <TextEquiv>
                        <Unicode>lettre</Unicode>
                    </TextEquiv>
                    <TextStyle fontFamily="Times New Roman" fontSize="8.5"/>
                </Word>
                <Word id="w_w1aab1b1b2c55b1ac45" language="English" custom="readingOrder {index:3;}">
                    <Coords points="770,1946 887,1946 887,1977 770,1977"/>
                    <TextEquiv>
                        <Unicode>relative</Unicode>
                    </TextEquiv>
                    <TextStyle fontFamily="Times New Roman" fontSize="8.5"/>
                </Word>
                <Word id="w_w1aab1b1b2c55b1ac63" language="English" custom="readingOrder {index:4;}">
                    <Coords points="903,1954 919,1954 919,1976 903,1976"/>
                    <TextEquiv>
                        <Unicode>a</Unicode>
                    </TextEquiv>
                    <TextStyle fontFamily="Times New Roman" fontSize="8.5"/>
                </Word>
                <Word id="w_w1aab1b1b2c55b1ac67" language="English" custom="readingOrder {index:5;}">
                    <Coords points="936,1947 963,1947 963,1977 936,1977"/>
                    <TextEquiv>
                        <Unicode>la</Unicode>
                    </TextEquiv>
                    <TextStyle fontFamily="Times New Roman" fontSize="8.5"/>
                </Word>
                <Word id="w_w1aab1b1b2c55b1ac73" language="English" custom="readingOrder {index:6;}">
                    <Coords points="983,1947 1056,1947 1056,1977 983,1977"/>
                    <TextEquiv>
                        <Unicode>mise</Unicode>
                    </TextEquiv>
                    <TextStyle fontFamily="Times New Roman" fontSize="8.5"/>
                </Word>
                <Word id="w_w1aab1b1b2c55b1ac83" language="English" custom="readingOrder {index:7;}">
                    <Coords points="1073,1955 1108,1955 1108,1977 1073,1977"/>
                    <TextEquiv>
                        <Unicode>en</Unicode>
                    </TextEquiv>
                    <TextStyle fontFamily="Times New Roman" fontSize="8.5"/>
                </Word>
                <Word id="w_w1aab1b1b2c55b1ac89" language="English" custom="readingOrder {index:8;}">
                    <Coords points="1128,1947 1259,1947 1259,1985 1128,1985"/>
                    <TextEquiv>
                        <Unicode>pratique</Unicode>
                    </TextEquiv>
                    <TextStyle fontFamily="Times New Roman" fontSize="8.5"/>
                </Word>
                <Word id="w_w1aab1b1b2c55b1ad107" language="English" custom="readingOrder {index:9;}">
                    <Coords points="1277,1947 1312,1947 1312,1977 1277,1977"/>
                    <TextEquiv>
                        <Unicode>de</Unicode>
                    </TextEquiv>
                    <TextStyle fontFamily="Times New Roman" fontSize="8.5"/>
                </Word>
                <Word id="w_w1aab1b1b2c55b1ad113" language="English" custom="readingOrder {index:10;}">
                    <Coords points="1328,1954 1360,1954 1360,1976 1328,1976"/>
                    <TextEquiv>
                        <Unicode>sa</Unicode>
                    </TextEquiv>
                    <TextStyle fontFamily="Times New Roman" fontSize="8.5"/>
                </Word>
                <Word id="w_w1aab1b1b2c55b1ad119" language="English" custom="readingOrder {index:11;}">
                    <Coords points="1383,1946 1497,1946 1497,1983 1383,1983"/>
                    <TextEquiv>
                        <Unicode>banque</Unicode>
                    </TextEquiv>
                    <TextStyle fontFamily="Times New Roman" fontSize="8.5"/>
                </Word>
                <Word id="w_w1aab1b1b2c55b1ad133" language="English" custom="readingOrder {index:12;}">
                    <Coords points="1519,1945 1689,1945 1689,1983 1519,1983"/>
                    <TextEquiv>
                        <Unicode>d’échange,</Unicode>
                    </TextEquiv>
                    <TextStyle fontFamily="Times New Roman" fontSize="8.5"/>
                </Word>
                <Word id="w_w1aab1b1b2c55b1ad155" language="English" custom="readingOrder {index:13;}">
                    <Coords points="1712,1947 1781,1947 1781,1977 1712,1977"/>
                    <TextEquiv>
                        <Unicode>dont</Unicode>
                    </TextEquiv>
                    <TextStyle fontFamily="Times New Roman" fontSize="8.5"/>
                </Word>
                <TextEquiv>
                    <Unicode>Très-curieuse lettre relative à la mise en pratique de sa banque d’échange, dont</Unicode>
                </TextEquiv>
                <TextStyle fontFamily="Times New Roman" fontSize="8.5"/>
            </TextLine>
            <TextLine id="tl_41" primaryLanguage="English" custom="readingOrder {index:1;}">
                <Coords points="416,1985 1782,1985 1782,2024 416,2024"/>
                <Baseline points="416,2015 1782,2015"/>
                <Word id="w_w1aab1b1b2c55b3ab1" language="English" custom="readingOrder {index:0;}">
                    <Coords points="416,1987 433,1987 433,2015 416,2015"/>
                    <TextEquiv>
                        <Unicode>il</Unicode>
                    </TextEquiv>
                    <TextStyle fontFamily="Times New Roman" fontSize="8.5"/>
                </Word>
                <Word id="w_w1aab1b1b2c55b3ab7" language="English" custom="readingOrder {index:1;}">
                    <Coords points="446,1994 462,1994 462,2016 446,2016"/>
                    <TextEquiv>
                        <Unicode>a</Unicode>
                    </TextEquiv>
                    <TextStyle fontFamily="Times New Roman" fontSize="8.5"/>
                </Word>
                <Word id="w_w1aab1b1b2c55b3ac11" language="English" custom="readingOrder {index:2;}">
                    <Coords points="477,1986 601,1986 601,2016 477,2016"/>
                    <TextEquiv>
                        <Unicode>renoncé</Unicode>
                    </TextEquiv>
                    <TextStyle fontFamily="Times New Roman" fontSize="8.5"/>
                </Word>
                <Word id="w_w1aab1b1b2c55b3ac27" language="English" custom="readingOrder {index:3;}">
                    <Coords points="614,1987 630,1987 630,2015 614,2015"/>
                    <TextEquiv>
                        <Unicode>à</Unicode>
                    </TextEquiv>
                    <TextStyle fontFamily="Times New Roman" fontSize="8.5"/>
                </Word>
                <Word id="w_w1aab1b1b2c55b3ac31" language="English" custom="readingOrder {index:4;}">
                    <Coords points="646,1986 797,1986 797,2024 646,2024"/>
                    <TextEquiv>
                        <Unicode>s’occuper</Unicode>
                    </TextEquiv>
                    <TextStyle fontFamily="Times New Roman" fontSize="8.5"/>
                </Word>
                <Word id="w_w1aab1b1b2c55b3ac51" language="English" custom="readingOrder {index:5;}">
                    <Coords points="810,1987 1074,1987 1074,2023 810,2023"/>
                    <TextEquiv>
                        <Unicode>personnellement</Unicode>
                    </TextEquiv>
                    <TextStyle fontFamily="Times New Roman" fontSize="8.5"/>
                </Word>
                <Word id="w_w1aab1b1b2c55b3ac83" language="English" custom="readingOrder {index:6;}">
                    <Coords points="1086,1986 1188,1986 1188,2024 1086,2024"/>
                    <TextEquiv>
                        <Unicode>depuis</Unicode>
                    </TextEquiv>
                    <TextStyle fontFamily="Times New Roman" fontSize="8.5"/>
                </Word>
                <Word id="w_w1aab1b1b2c55b3ac97" language="English" custom="readingOrder {index:7;}">
                    <Coords points="1203,1987 1229,1987 1229,2015 1203,2015"/>
                    <TextEquiv>
                        <Unicode>le</Unicode>
                    </TextEquiv>
                    <TextStyle fontFamily="Times New Roman" fontSize="8.5"/>
                </Word>
                <Word id="w_w1aab1b1b2c55b3ad103" language="English" custom="readingOrder {index:8;}">
                    <Coords points="1243,1987 1318,1987 1318,2016 1243,2016"/>
                    <TextEquiv>
                        <Unicode>deux</Unicode>
                    </TextEquiv>
                    <TextStyle fontFamily="Times New Roman" fontSize="8.5"/>
                </Word>
                <Word id="w_w1aab1b1b2c55b3ad113" language="English" custom="readingOrder {index:9;}">
                    <Coords points="1329,1985 1489,1985 1489,2015 1329,2015"/>
                    <TextEquiv>
                        <Unicode>décembre.</Unicode>
                    </TextEquiv>
                    <TextStyle fontFamily="Times New Roman" fontSize="8.5"/>
                </Word>
                <Word id="w_w1aab1b1b2c55b3ad133" language="English" custom="readingOrder {index:10;}">
                    <Coords points="1506,1986 1545,1986 1545,2014 1506,2014"/>
                    <TextEquiv>
                        <Unicode>Le</Unicode>
                    </TextEquiv>
                    <TextStyle fontFamily="Times New Roman" fontSize="8.5"/>
                </Word>
                <Word id="w_w1aab1b1b2c55b3ad139" language="English" custom="readingOrder {index:11;}">
                    <Coords points="1558,1985 1672,1985 1672,2014 1558,2014"/>
                    <TextEquiv>
                        <Unicode>dernier</Unicode>
                    </TextEquiv>
                    <TextStyle fontFamily="Times New Roman" fontSize="8.5"/>
                </Word>
                <Word id="w_w1aab1b1b2c55b3ad155" language="English" custom="readingOrder {index:12;}">
                    <Coords points="1685,1986 1782,1986 1782,2016 1685,2016"/>
                    <TextEquiv>
                        <Unicode>décret</Unicode>
                    </TextEquiv>
                    <TextStyle fontFamily="Times New Roman" fontSize="8.5"/>
                </Word>
                <TextEquiv>
                    <Unicode>il a renoncé à s’occuper personnellement depuis le deux décembre. Le dernier décret</Unicode>
                </TextEquiv>
                <TextStyle fontFamily="Times New Roman" fontSize="8.5"/>
            </TextLine>
            <TextLine id="tl_42" primaryLanguage="English" custom="readingOrder {index:2;}">
                <Coords points="414,2023 1780,2023 1780,2063 414,2063"/>
                <Baseline points="414,2054 1780,2054"/>
                <Word id="w_w1aab1b1b2c55b5ab1" language="English" custom="readingOrder {index:0;}">
                    <Coords points="414,2032 464,2032 464,2055 414,2055"/>
                    <TextEquiv>
                        <Unicode>sur</Unicode>
                    </TextEquiv>
                    <TextStyle fontFamily="Times New Roman" fontSize="8.5"/>
                </Word>
                <Word id="w_w1aab1b1b2c55b5ab9" language="English" custom="readingOrder {index:1;}">
                    <Coords points="480,2025 505,2025 505,2054 480,2054"/>
                    <TextEquiv>
                        <Unicode>la</Unicode>
                    </TextEquiv>
                    <TextStyle fontFamily="Times New Roman" fontSize="8.5"/>
                </Word>
                <Word id="w_w1aab1b1b2c55b5ac15" language="English" custom="readingOrder {index:2;}">
                    <Coords points="528,2026 642,2026 642,2063 528,2063"/>
                    <TextEquiv>
                        <Unicode>Banque</Unicode>
                    </TextEquiv>
                    <TextStyle fontFamily="Times New Roman" fontSize="8.5"/>
                </Word>
                <Word id="w_w1aab1b1b2c55b5ac29" language="English" custom="readingOrder {index:3;}">
                    <Coords points="659,2025 694,2025 694,2055 659,2055"/>
                    <TextEquiv>
                        <Unicode>de</Unicode>
                    </TextEquiv>
                    <TextStyle fontFamily="Times New Roman" fontSize="8.5"/>
                </Word>
                <Word id="w_w1aab1b1b2c55b5ac35" language="English" custom="readingOrder {index:4;}">
                    <Coords points="712,2025 823,2025 823,2055 712,2055"/>
                    <TextEquiv>
                        <Unicode>France</Unicode>
                    </TextEquiv>
                    <TextStyle fontFamily="Times New Roman" fontSize="8.5"/>
                </Word>
                <Word id="w_w1aab1b1b2c55b5ac49" language="English" custom="readingOrder {index:5;}">
                    <Coords points="841,2025 877,2025 877,2054 841,2054"/>
                    <TextEquiv>
                        <Unicode>lui</Unicode>
                    </TextEquiv>
                    <TextStyle fontFamily="Times New Roman" fontSize="8.5"/>
                </Word>
                <Word id="w_w1aab1b1b2c55b5ac57" language="English" custom="readingOrder {index:6;}">
                    <Coords points="899,2025 967,2025 967,2062 899,2062"/>
                    <TextEquiv>
                        <Unicode>plaît</Unicode>
                    </TextEquiv>
                    <TextStyle fontFamily="Times New Roman" fontSize="8.5"/>
                </Word>
                <Word id="w_w1aab1b1b2c55b5ac69" language="English" custom="readingOrder {index:7;}">
                    <Coords points="985,2026 1050,2026 1050,2062 985,2062"/>
                    <TextEquiv>
                        <Unicode>plus</Unicode>
                    </TextEquiv>
                    <TextStyle fontFamily="Times New Roman" fontSize="8.5"/>
                </Word>
                <Word id="w_w1aab1b1b2c55b5ac79" language="English" custom="readingOrder {index:8;}">
                    <Coords points="1069,2032 1124,2032 1124,2062 1069,2062"/>
                    <TextEquiv>
                        <Unicode>que</Unicode>
                    </TextEquiv>
                    <TextStyle fontFamily="Times New Roman" fontSize="8.5"/>
                </Word>
                <Word id="w_w1aab1b1b2c55b5ac87" language="English" custom="readingOrder {index:9;}">
                    <Coords points="1137,2026 1162,2026 1162,2055 1137,2055"/>
                    <TextEquiv>
                        <Unicode>le</Unicode>
                    </TextEquiv>
                    <TextStyle fontFamily="Times New Roman" fontSize="8.5"/>
                </Word>
                <Word id="w_w1aab1b1b2c55b5ac93" language="English" custom="readingOrder {index:10;}">
                    <Coords points="1179,2024 1345,2024 1345,2062 1179,2062"/>
                    <TextEquiv>
                        <Unicode>précédent,</Unicode>
                    </TextEquiv>
                    <TextStyle fontFamily="Times New Roman" fontSize="8.5"/>
                </Word>
                <Word id="w_w1aab1b1b2c55b5ad115" language="English" custom="readingOrder {index:11;}">
                    <Coords points="1364,2027 1392,2027 1392,2054 1364,2054"/>
                    <TextEquiv>
                        <Unicode>et</Unicode>
                    </TextEquiv>
                    <TextStyle fontFamily="Times New Roman" fontSize="8.5"/>
                </Word>
                <Word id="w_w1aab1b1b2c55b5ad121" language="English" custom="readingOrder {index:12;}">
                    <Coords points="1409,2024 1426,2024 1426,2053 1409,2053"/>
                    <TextEquiv>
                        <Unicode>il</Unicode>
                    </TextEquiv>
                    <TextStyle fontFamily="Times New Roman" fontSize="8.5"/>
                </Word>
                <Word id="w_w1aab1b1b2c55b5ad127" language="English" custom="readingOrder {index:13;}">
                    <Coords points="1445,2024 1504,2024 1504,2054 1445,2054"/>
                    <TextEquiv>
                        <Unicode>voit</Unicode>
                    </TextEquiv>
                    <TextStyle fontFamily="Times New Roman" fontSize="8.5"/>
                </Word>
                <Word id="w_w1aab1b1b2c55b5ad137" language="English" custom="readingOrder {index:14;}">
                    <Coords points="1517,2032 1552,2032 1552,2053 1517,2053"/>
                    <TextEquiv>
                        <Unicode>au</Unicode>
                    </TextEquiv>
                    <TextStyle fontFamily="Times New Roman" fontSize="8.5"/>
                </Word>
                <Word id="w_w1aab1b1b2c55b5ad143" language="English" custom="readingOrder {index:15;}">
                    <Coords points="1570,2023 1640,2023 1640,2054 1570,2054"/>
                    <TextEquiv>
                        <Unicode>bout</Unicode>
                    </TextEquiv>
                    <TextStyle fontFamily="Times New Roman" fontSize="8.5"/>
                </Word>
                <Word id="w_w1aab1b1b2c55b5ad153" language="English" custom="readingOrder {index:16;}">
                    <Coords points="1661,2024 1687,2024 1687,2053 1661,2053"/>
                    <TextEquiv>
                        <Unicode>la</Unicode>
                    </TextEquiv>
                    <TextStyle fontFamily="Times New Roman" fontSize="8.5"/>
                </Word>
                <Word id="w_w1aab1b1b2c55b5ad159" language="English" custom="readingOrder {index:17;}">
                    <Coords points="1711,2032 1780,2032 1780,2054 1711,2054"/>
                    <TextEquiv>
                        <Unicode>con¬</Unicode>
                    </TextEquiv>
                    <TextStyle fontFamily="Times New Roman" fontSize="8.5"/>
                </Word>
                <TextEquiv>
                    <Unicode>sur la Banque de France lui plaît plus que le précédent, et il voit au bout la con¬</Unicode>
                </TextEquiv>
                <TextStyle fontFamily="Times New Roman" fontSize="8.5"/>
            </TextLine>
            <TextLine id="tl_43" primaryLanguage="English" custom="readingOrder {index:3;} textStyle {offset:32; length:19;italic:true; fontSize:0.0; kerning:0;}">
                <Coords points="414,2062 1781,2062 1781,2102 414,2102"/>
                <Baseline points="414,2093 1781,2093"/>
                <Word id="w_w1aab1b1b2c55b7ab1" language="English" custom="readingOrder {index:0;}">
                    <Coords points="414,2064 526,2064 526,2094 414,2094"/>
                    <TextEquiv>
                        <Unicode>version</Unicode>
                    </TextEquiv>
                    <TextStyle fontFamily="Times New Roman" fontSize="8.5"/>
                </Word>
                <Word id="w_w1aab1b1b2c55b7ac17" language="English" custom="readingOrder {index:1;}">
                    <Coords points="546,2066 581,2066 581,2094 546,2094"/>
                    <TextEquiv>
                        <Unicode>de</Unicode>
                    </TextEquiv>
                    <TextStyle fontFamily="Times New Roman" fontSize="8.5"/>
                </Word>
                <Word id="w_w1aab1b1b2c55b7ac23" language="English" custom="readingOrder {index:2;}">
                    <Coords points="599,2068 623,2068 623,2093 599,2093"/>
                    <TextEquiv>
                        <Unicode>la</Unicode>
                    </TextEquiv>
                    <TextStyle fontFamily="Times New Roman" fontSize="8.5"/>
                </Word>
                <Word id="w_w1aab1b1b2c55b7ac29" language="English" custom="readingOrder {index:3;}">
                    <Coords points="644,2068 734,2068 734,2097 644,2097"/>
                    <TextEquiv>
                        <Unicode>lente,</Unicode>
                    </TextEquiv>
                    <TextStyle fontFamily="Times New Roman" fontSize="8.5"/>
                </Word>
                <Word id="w_w1aab1b1b2c55b7ac43" language="English" custom="readingOrder {index:4;}">
                    <Coords points="754,2066 781,2066 781,2093 754,2093"/>
                    <TextEquiv>
                        <Unicode>et</Unicode>
                    </TextEquiv>
                    <TextStyle fontFamily="Times New Roman" fontSize="8.5"/>
                </Word>
                <Word id="w_w1aab1b1b2c55b7ac49" language="English" custom="readingOrder {index:5;}">
                    <Coords points="800,2064 892,2064 892,2093 800,2093"/>
                    <TextEquiv>
                        <Unicode>même</Unicode>
                    </TextEquiv>
                    <TextStyle fontFamily="Times New Roman" fontSize="8.5"/>
                </Word>
                <Word id="w_w1aab1b1b2c55b7ac59" language="English" custom="readingOrder {index:6;}">
                    <Coords points="914,2063 938,2063 938,2093 914,2093"/>
                    <TextEquiv>
                        <Unicode>la</Unicode>
                    </TextEquiv>
                    <TextStyle fontFamily="Times New Roman" fontSize="8.5"/>
                </Word>
                <Word id="w_w1aab1b1b2c55b7b1b1" language="English" custom="readingOrder {index:7;}">
                    <Coords points="962,2063 1157,2063 1157,2102 962,2102"/>
                    <TextEquiv>
                        <Unicode>liquidation</Unicode>
                    </TextEquiv>
                    <TextStyle fontFamily="Times New Roman" fontSize="10.0" italic="true"/>
                </Word>
                <Word id="w_w1aab1b1b2c55b7b1c25" language="English" custom="readingOrder {index:8;}">
                    <Coords points="1174,2063 1302,2063 1302,2094 1174,2094"/>
                    <TextEquiv>
                        <Unicode>sociale.</Unicode>
                    </TextEquiv>
                    <TextStyle fontFamily="Times New Roman" fontSize="10.0" italic="true"/>
                </Word>
                <Word id="w_w1aab1b1b2c55b7b3b1" language="English" custom="readingOrder {index:9;}">
                    <Coords points="1326,2074 1339,2074 1339,2088 1326,2088"/>
                    <TextEquiv>
                        <Unicode>«</Unicode>
                    </TextEquiv>
                    <TextStyle fontFamily="Times New Roman" fontSize="8.5"/>
                </Word>
                <Word id="w_w1aab1b1b2c55b7b3b5" language="English" custom="readingOrder {index:10;}">
                    <Coords points="1366,2063 1445,2063 1445,2092 1366,2092"/>
                    <TextEquiv>
                        <Unicode>Vous</Unicode>
                    </TextEquiv>
                    <TextStyle fontFamily="Times New Roman" fontSize="8.5"/>
                </Word>
                <Word id="w_w1aab1b1b2c55b7b3c15" language="English" custom="readingOrder {index:11;}">
                    <Coords points="1463,2070 1581,2070 1581,2100 1463,2100"/>
                    <TextEquiv>
                        <Unicode>verrez,</Unicode>
                    </TextEquiv>
                    <TextStyle fontFamily="Times New Roman" fontSize="8.5"/>
                </Word>
                <Word id="w_w1aab1b1b2c55b7b3c31" language="English" custom="readingOrder {index:12;}">
                    <Coords points="1609,2062 1696,2062 1696,2097 1609,2097"/>
                    <TextEquiv>
                        <Unicode>dit-il,</Unicode>
                    </TextEquiv>
                    <TextStyle fontFamily="Times New Roman" fontSize="8.5"/>
                </Word>
                <Word id="w_w1aab1b1b2c55b7b3c47" language="English" custom="readingOrder {index:13;}">
                    <Coords points="1726,2070 1781,2070 1781,2100 1726,2100"/>
                    <TextEquiv>
                        <Unicode>que</Unicode>
                    </TextEquiv>
                    <TextStyle fontFamily="Times New Roman" fontSize="8.5"/>
                </Word>
                <TextEquiv>
                    <Unicode>version de la lente, et même la liquidation sociale. « Vous verrez, dit-il, que</Unicode>
                </TextEquiv>
            </TextLine>
            <TextLine id="tl_44" primaryLanguage="English" custom="readingOrder {index:4;}">
                <Coords points="416,2101 1780,2101 1780,2141 416,2141"/>
                <Baseline points="416,2131 1780,2131"/>
                <Word id="w_w1aab1b1b2c55b9ab1" language="English" custom="readingOrder {index:0;}">
                    <Coords points="416,2103 501,2103 501,2133 416,2133"/>
                    <TextEquiv>
                        <Unicode>Louis</Unicode>
                    </TextEquiv>
                    <TextStyle fontFamily="Times New Roman" fontSize="8.5"/>
                </Word>
                <Word id="w_w1aab1b1b2c55b9ac13" language="English" custom="readingOrder {index:1;}">
                    <Coords points="516,2103 689,2103 689,2141 516,2141"/>
                    <TextEquiv>
                        <Unicode>Bonaparte,</Unicode>
                    </TextEquiv>
                    <TextStyle fontFamily="Times New Roman" fontSize="8.5"/>
                </Word>
                <Word id="w_w1aab1b1b2c55b9ac35" language="English" custom="readingOrder {index:2;}">
                    <Coords points="710,2109 783,2109 783,2140 710,2140"/>
                    <TextEquiv>
                        <Unicode>pour</Unicode>
                    </TextEquiv>
                    <TextStyle fontFamily="Times New Roman" fontSize="8.5"/>
                </Word>
                <Word id="w_w1aab1b1b2c55b9ac45" language="English" custom="readingOrder {index:3;}">
                    <Coords points="798,2105 879,2105 879,2131 798,2131"/>
                    <TextEquiv>
                        <Unicode>avoir</Unicode>
                    </TextEquiv>
                    <TextStyle fontFamily="Times New Roman" fontSize="8.5"/>
                </Word>
                <Word id="w_w1aab1b1b2c55b9ac57" language="English" custom="readingOrder {index:4;}">
                    <Coords points="894,2103 1007,2103 1007,2133 894,2133"/>
                    <TextEquiv>
                        <Unicode>décrété</Unicode>
                    </TextEquiv>
                    <TextStyle fontFamily="Times New Roman" fontSize="8.5"/>
                </Word>
                <Word id="w_w1aab1b1b2c55b9ac73" language="English" custom="readingOrder {index:5;}">
                    <Coords points="1020,2103 1044,2103 1044,2131 1020,2131"/>
                    <TextEquiv>
                        <Unicode>la</Unicode>
                    </TextEquiv>
                    <TextStyle fontFamily="Times New Roman" fontSize="8.5"/>
                </Word>
                <Word id="w_w1aab1b1b2c55b9ac79" language="English" custom="readingOrder {index:6;}">
                    <Coords points="1060,2103 1198,2103 1198,2132 1060,2132"/>
                    <TextEquiv>
                        <Unicode>centième</Unicode>
                    </TextEquiv>
                    <TextStyle fontFamily="Times New Roman" fontSize="8.5"/>
                </Word>
                <Word id="w_w1aab1b1b2c55b9ac97" language="English" custom="readingOrder {index:7;}">
                    <Coords points="1215,2102 1305,2102 1305,2138 1215,2138"/>
                    <TextEquiv>
                        <Unicode>partie</Unicode>
                    </TextEquiv>
                    <TextStyle fontFamily="Times New Roman" fontSize="8.5"/>
                </Word>
                <Word id="w_w1aab1b1b2c55b9ad111" language="English" custom="readingOrder {index:8;}">
                    <Coords points="1318,2102 1352,2102 1352,2131 1318,2131"/>
                    <TextEquiv>
                        <Unicode>de</Unicode>
                    </TextEquiv>
                    <TextStyle fontFamily="Times New Roman" fontSize="8.5"/>
                </Word>
                <Word id="w_w1aab1b1b2c55b9ad117" language="English" custom="readingOrder {index:9;}">
                    <Coords points="1365,2109 1396,2109 1396,2131 1365,2131"/>
                    <TextEquiv>
                        <Unicode>ce</Unicode>
                    </TextEquiv>
                    <TextStyle fontFamily="Times New Roman" fontSize="8.5"/>
                </Word>
                <Word id="w_w1aab1b1b2c55b9ad123" language="English" custom="readingOrder {index:10;}">
                    <Coords points="1411,2109 1466,2109 1466,2139 1411,2139"/>
                    <TextEquiv>
                        <Unicode>que</Unicode>
                    </TextEquiv>
                    <TextStyle fontFamily="Times New Roman" fontSize="8.5"/>
                </Word>
                <Word id="w_w1aab1b1b2c55b9ad131" language="English" custom="readingOrder {index:11;}">
                    <Coords points="1484,2101 1509,2101 1509,2131 1484,2131"/>
                    <TextEquiv>
                        <Unicode>le</Unicode>
                    </TextEquiv>
                    <TextStyle fontFamily="Times New Roman" fontSize="8.5"/>
                </Word>
                <Word id="w_w1aab1b1b2c55b9ad137" language="English" custom="readingOrder {index:12;}">
                    <Coords points="1522,2101 1626,2101 1626,2131 1522,2131"/>
                    <TextEquiv>
                        <Unicode>monde</Unicode>
                    </TextEquiv>
                    <TextStyle fontFamily="Times New Roman" fontSize="8.5"/>
                </Word>
                <Word id="w_w1aab1b1b2c55b9ad149" language="English" custom="readingOrder {index:13;}">
                    <Coords points="1641,2102 1780,2102 1780,2132 1641,2132"/>
                    <TextEquiv>
                        <Unicode>demande</Unicode>
                    </TextEquiv>
                    <TextStyle fontFamily="Times New Roman" fontSize="8.5"/>
                </Word>
                <TextEquiv>
                    <Unicode>Louis Bonaparte, pour avoir décrété la centième partie de ce que le monde demande</Unicode>
                </TextEquiv>
                <TextStyle fontFamily="Times New Roman" fontSize="8.5"/>
            </TextLine>
            <TextLine id="tl_45" primaryLanguage="English" custom="readingOrder {index:5;}">
                <Coords points="412,2139 1777,2139 1777,2179 412,2179"/>
                <Baseline points="412,2170 1777,2170"/>
                <Word id="w_w1aab1b1b2c55c11ab1" language="English" custom="readingOrder {index:0;}">
                    <Coords points="412,2145 440,2145 440,2170 412,2170"/>
                    <TextEquiv>
                        <Unicode>et</Unicode>
                    </TextEquiv>
                    <TextStyle fontFamily="Times New Roman" fontSize="8.5"/>
                </Word>
                <Word id="w_w1aab1b1b2c55c11ab7" language="English" custom="readingOrder {index:1;}">
                    <Coords points="459,2149 513,2149 513,2178 459,2178"/>
                    <TextEquiv>
                        <Unicode>que</Unicode>
                    </TextEquiv>
                    <TextStyle fontFamily="Times New Roman" fontSize="8.5"/>
                </Word>
                <Word id="w_w1aab1b1b2c55c11ac15" language="English" custom="readingOrder {index:2;}">
                    <Coords points="525,2143 554,2143 554,2179 525,2179"/>
                    <TextEquiv>
                        <Unicode>je</Unicode>
                    </TextEquiv>
                    <TextStyle fontFamily="Times New Roman" fontSize="8.5"/>
                </Word>
                <Word id="w_w1aab1b1b2c55c11ac21" language="English" custom="readingOrder {index:3;}">
                    <Coords points="574,2149 710,2149 710,2179 574,2179"/>
                    <TextEquiv>
                        <Unicode>propose,</Unicode>
                    </TextEquiv>
                    <TextStyle fontFamily="Times New Roman" fontSize="8.5"/>
                </Word>
                <Word id="w_w1aab1b1b2c55c11ac39" language="English" custom="readingOrder {index:4;}">
                    <Coords points="730,2149 795,2149 795,2171 730,2171"/>
                    <TextEquiv>
                        <Unicode>sera</Unicode>
                    </TextEquiv>
                    <TextStyle fontFamily="Times New Roman" fontSize="8.5"/>
                </Word>
                <Word id="w_w1aab1b1b2c55c11ac49" language="English" custom="readingOrder {index:5;}">
                    <Coords points="815,2142 870,2142 870,2170 815,2170"/>
                    <TextEquiv>
                        <Unicode>mis</Unicode>
                    </TextEquiv>
                    <TextStyle fontFamily="Times New Roman" fontSize="8.5"/>
                </Word>
                <Word id="w_w1aab1b1b2c55c11ac57" language="English" custom="readingOrder {index:6;}">
                    <Coords points="884,2149 919,2149 919,2171 884,2171"/>
                    <TextEquiv>
                        <Unicode>au</Unicode>
                    </TextEquiv>
                    <TextStyle fontFamily="Times New Roman" fontSize="8.5"/>
                </Word>
                <Word id="w_w1aab1b1b2c55c11ac63" language="English" custom="readingOrder {index:7;}">
                    <Coords points="932,2149 1004,2149 1004,2178 932,2178"/>
                    <TextEquiv>
                        <Unicode>rang</Unicode>
                    </TextEquiv>
                    <TextStyle fontFamily="Times New Roman" fontSize="8.5"/>
                </Word>
                <Word id="w_w1aab1b1b2c55c11ac73" language="English" custom="readingOrder {index:8;}">
                    <Coords points="1016,2142 1067,2142 1067,2171 1016,2171"/>
                    <TextEquiv>
                        <Unicode>des</Unicode>
                    </TextEquiv>
                    <TextStyle fontFamily="Times New Roman" fontSize="8.5"/>
                </Word>
                <Word id="w_w1aab1b1b2c55c11ac81" language="English" custom="readingOrder {index:9;}">
                    <Coords points="1084,2142 1268,2142 1268,2172 1084,2172"/>
                    <TextEquiv>
                        <Unicode>bienfaiteurs</Unicode>
                    </TextEquiv>
                    <TextStyle fontFamily="Times New Roman" fontSize="8.5"/>
                </Word>
                <Word id="w_w1aab1b1b2c55c11ad107" language="English" custom="readingOrder {index:10;}">
                    <Coords points="1282,2140 1317,2140 1317,2170 1282,2170"/>
                    <TextEquiv>
                        <Unicode>de</Unicode>
                    </TextEquiv>
                    <TextStyle fontFamily="Times New Roman" fontSize="8.5"/>
                </Word>
                <Word id="w_w1aab1b1b2c55c11ad113" language="English" custom="readingOrder {index:11;}">
                    <Coords points="1330,2139 1509,2139 1509,2174 1330,2174"/>
                    <TextEquiv>
                        <Unicode>l’humanité,</Unicode>
                    </TextEquiv>
                    <TextStyle fontFamily="Times New Roman" fontSize="8.5"/>
                </Word>
                <Word id="w_w1aab1b1b2c55c11ad137" language="English" custom="readingOrder {index:12;}">
                    <Coords points="1520,2140 1615,2140 1615,2169 1520,2169"/>
                    <TextEquiv>
                        <Unicode>tandis</Unicode>
                    </TextEquiv>
                    <TextStyle fontFamily="Times New Roman" fontSize="8.5"/>
                </Word>
                <Word id="w_w1aab1b1b2c55c11ad151" language="English" custom="readingOrder {index:13;}">
                    <Coords points="1629,2147 1683,2147 1683,2177 1629,2177"/>
                    <TextEquiv>
                        <Unicode>que</Unicode>
                    </TextEquiv>
                    <TextStyle fontFamily="Times New Roman" fontSize="8.5"/>
                </Word>
                <Word id="w_w1aab1b1b2c55c11ad159" language="English" custom="readingOrder {index:14;}">
                    <Coords points="1696,2144 1777,2144 1777,2171 1696,2171"/>
                    <TextEquiv>
                        <Unicode>votre</Unicode>
                    </TextEquiv>
                    <TextStyle fontFamily="Times New Roman" fontSize="8.5"/>
                </Word>
                <TextEquiv>
                    <Unicode>et que je propose, sera mis au rang des bienfaiteurs de l’humanité, tandis que votre</Unicode>
                </TextEquiv>
                <TextStyle fontFamily="Times New Roman" fontSize="8.5"/>
            </TextLine>
            <TextLine id="tl_46" primaryLanguage="English" custom="readingOrder {index:6;}">
                <Coords points="413,2178 1778,2178 1778,2215 413,2215"/>
                <Baseline points="413,2209 1778,2209"/>
                <Word id="w_w1aab1b1b2c55c13ab1" language="English" custom="readingOrder {index:0;}">
                    <Coords points="413,2181 555,2181 555,2210 413,2210"/>
                    <TextEquiv>
                        <Unicode>serviteur</Unicode>
                    </TextEquiv>
                    <TextStyle fontFamily="Times New Roman" fontSize="8.5"/>
                </Word>
                <Word id="w_w1aab1b1b2c55c13ac21" language="English" custom="readingOrder {index:1;}">
                    <Coords points="573,2185 682,2185 682,2210 573,2210"/>
                    <TextEquiv>
                        <Unicode>restera</Unicode>
                    </TextEquiv>
                    <TextStyle fontFamily="Times New Roman" fontSize="8.5"/>
                </Word>
                <Word id="w_w1aab1b1b2c55c13ac37" language="English" custom="readingOrder {index:2;}">
                    <Coords points="700,2187 737,2187 737,2209 700,2209"/>
                    <TextEquiv>
                        <Unicode>un</Unicode>
                    </TextEquiv>
                    <TextStyle fontFamily="Times New Roman" fontSize="8.5"/>
                </Word>
                <Word id="w_w1aab1b1b2c55c13ac43" language="English" custom="readingOrder {index:3;}">
                    <Coords points="753,2180 905,2180 905,2210 753,2210"/>
                    <TextEquiv>
                        <Unicode>misérable</Unicode>
                    </TextEquiv>
                    <TextStyle fontFamily="Times New Roman" fontSize="8.5"/>
                </Word>
                <Word id="w_w1aab1b1b2c55c13ac63" language="English" custom="readingOrder {index:4;}">
                    <Coords points="922,2179 929,2179 929,2208 922,2208"/>
                    <TextEquiv>
                        <Unicode>!</Unicode>
                    </TextEquiv>
                    <TextStyle fontFamily="Times New Roman" fontSize="8.5"/>
                </Word>
                <Word id="w_w1aab1b1b2c55c13ac67" language="English" custom="readingOrder {index:5;}">
                    <Coords points="952,2192 962,2192 962,2205 952,2205"/>
                    <TextEquiv>
                        <Unicode>»</Unicode>
                    </TextEquiv>
                    <TextStyle fontFamily="Times New Roman" fontSize="8.5"/>
                </Word>
                <Word id="w_w1aab1b1b2c55c13ac71" language="English" custom="readingOrder {index:6;}">
                    <Coords points="986,2183 1028,2183 1028,2209 986,2209"/>
                    <TextEquiv>
                        <Unicode>Au</Unicode>
                    </TextEquiv>
                    <TextStyle fontFamily="Times New Roman" fontSize="8.5"/>
                </Word>
                <Word id="w_w1aab1b1b2c55c13ac77" language="English" custom="readingOrder {index:7;}">
                    <Coords points="1045,2183 1133,2183 1133,2214 1045,2214"/>
                    <TextEquiv>
                        <Unicode>reste,</Unicode>
                    </TextEquiv>
                    <TextStyle fontFamily="Times New Roman" fontSize="8.5"/>
                </Word>
                <Word id="w_w1aab1b1b2c55c13ac91" language="English" custom="readingOrder {index:8;}">
                    <Coords points="1158,2180 1177,2180 1177,2209 1158,2209"/>
                    <TextEquiv>
                        <Unicode>il</Unicode>
                    </TextEquiv>
                    <TextStyle fontFamily="Times New Roman" fontSize="8.5"/>
                </Word>
                <Word id="w_w1aab1b1b2c55c13ac97" language="English" custom="readingOrder {index:9;}">
                    <Coords points="1193,2179 1290,2179 1290,2209 1193,2209"/>
                    <TextEquiv>
                        <Unicode>attend</Unicode>
                    </TextEquiv>
                    <TextStyle fontFamily="Times New Roman" fontSize="8.5"/>
                </Word>
                <Word id="w_w1aab1b1b2c55c13ad111" language="English" custom="readingOrder {index:10;}">
                    <Coords points="1315,2179 1378,2179 1378,2215 1315,2215"/>
                    <TextEquiv>
                        <Unicode>plus</Unicode>
                    </TextEquiv>
                    <TextStyle fontFamily="Times New Roman" fontSize="8.5"/>
                </Word>
                <Word id="w_w1aab1b1b2c55c13ad121" language="English" custom="readingOrder {index:11;}">
                    <Coords points="1397,2179 1432,2179 1432,2209 1397,2209"/>
                    <TextEquiv>
                        <Unicode>de</Unicode>
                    </TextEquiv>
                    <TextStyle fontFamily="Times New Roman" fontSize="8.5"/>
                </Word>
                <Word id="w_w1aab1b1b2c55c13ad127" language="English" custom="readingOrder {index:12;}">
                    <Coords points="1453,2178 1632,2178 1632,2208 1453,2208"/>
                    <TextEquiv>
                        <Unicode>l’avalanche</Unicode>
                    </TextEquiv>
                    <TextStyle fontFamily="Times New Roman" fontSize="8.5"/>
                </Word>
                <Word id="w_w1aab1b1b2c55c13ad151" language="English" custom="readingOrder {index:13;}">
                    <Coords points="1660,2178 1723,2178 1723,2209 1660,2209"/>
                    <TextEquiv>
                        <Unicode>d’or</Unicode>
                    </TextEquiv>
                    <TextStyle fontFamily="Times New Roman" fontSize="8.5"/>
                </Word>
                <Word id="w_w1aab1b1b2c55c13ad161" language="English" custom="readingOrder {index:14;}">
                    <Coords points="1750,2183 1778,2183 1778,2209 1750,2209"/>
                    <TextEquiv>
                        <Unicode>et</Unicode>
                    </TextEquiv>
                    <TextStyle fontFamily="Times New Roman" fontSize="8.5"/>
                </Word>
                <TextEquiv>
                    <Unicode>serviteur restera un misérable ! » Au reste, il attend plus de l’avalanche d’or et</Unicode>
                </TextEquiv>
                <TextStyle fontFamily="Times New Roman" fontSize="8.5"/>
            </TextLine>
            <TextLine id="tl_47" primaryLanguage="English" custom="readingOrder {index:7;}">
                <Coords points="413,2218 1782,2218 1782,2255 413,2255"/>
                <Baseline points="413,2248 1782,2248"/>
                <Word id="w_w1aab1b1b2c55c15ab1" language="English" custom="readingOrder {index:0;}">
                    <Coords points="413,2219 544,2219 544,2255 413,2255"/>
                    <TextEquiv>
                        <Unicode>d’argent</Unicode>
                    </TextEquiv>
                    <TextStyle fontFamily="Times New Roman" fontSize="8.5"/>
                </Word>
                <Word id="w_w1aab1b1b2c55c15ac19" language="English" custom="readingOrder {index:1;}">
                    <Coords points="565,2219 634,2219 634,2248 565,2248"/>
                    <TextEquiv>
                        <Unicode>dont</Unicode>
                    </TextEquiv>
                    <TextStyle fontFamily="Times New Roman" fontSize="8.5"/>
                </Word>
                <Word id="w_w1aab1b1b2c55c15ac29" language="English" custom="readingOrder {index:2;}">
                    <Coords points="647,2226 720,2226 720,2248 647,2248"/>
                    <TextEquiv>
                        <Unicode>nous</Unicode>
                    </TextEquiv>
                    <TextStyle fontFamily="Times New Roman" fontSize="8.5"/>
                </Word>
                <Word id="w_w1aab1b1b2c55c15ac39" language="English" custom="readingOrder {index:3;}">
                    <Coords points="736,2226 853,2226 853,2248 736,2248"/>
                    <TextEquiv>
                        <Unicode>menace</Unicode>
                    </TextEquiv>
                    <TextStyle fontFamily="Times New Roman" fontSize="8.5"/>
                </Word>
                <Word id="w_w1aab1b1b2c55c15ac53" language="English" custom="readingOrder {index:4;}">
                    <Coords points="870,2219 895,2219 895,2247 870,2247"/>
                    <TextEquiv>
                        <Unicode>la</Unicode>
                    </TextEquiv>
                    <TextStyle fontFamily="Times New Roman" fontSize="8.5"/>
                </Word>
                <Word id="w_w1aab1b1b2c55c15ac59" language="English" custom="readingOrder {index:5;}">
                    <Coords points="915,2219 1070,2219 1070,2248 915,2248"/>
                    <TextEquiv>
                        <Unicode>Californie</Unicode>
                    </TextEquiv>
                    <TextStyle fontFamily="Times New Roman" fontSize="8.5"/>
                </Word>
                <Word id="w_w1aab1b1b2c55c15ac81" language="English" custom="readingOrder {index:6;}">
                    <Coords points="1082,2222 1108,2222 1108,2248 1082,2248"/>
                    <TextEquiv>
                        <Unicode>et</Unicode>
                    </TextEquiv>
                    <TextStyle fontFamily="Times New Roman" fontSize="8.5"/>
                </Word>
                <Word id="w_w1aab1b1b2c55c15ac87" language="English" custom="readingOrder {index:7;}">
                    <Coords points="1122,2218 1286,2218 1286,2248 1122,2248"/>
                    <TextEquiv>
                        <Unicode>l’Australie</Unicode>
                    </TextEquiv>
                    <TextStyle fontFamily="Times New Roman" fontSize="8.5"/>
                </Word>
                <Word id="w_w1aab1b1b2c55c15ad111" language="English" custom="readingOrder {index:8;}">
                    <Coords points="1296,2225 1350,2225 1350,2254 1296,2254"/>
                    <TextEquiv>
                        <Unicode>que</Unicode>
                    </TextEquiv>
                    <TextStyle fontFamily="Times New Roman" fontSize="8.5"/>
                </Word>
                <Word id="w_w1aab1b1b2c55c15ad119" language="English" custom="readingOrder {index:9;}">
                    <Coords points="1361,2218 1411,2218 1411,2247 1361,2247"/>
                    <TextEquiv>
                        <Unicode>des</Unicode>
                    </TextEquiv>
                    <TextStyle fontFamily="Times New Roman" fontSize="8.5"/>
                </Word>
                <Word id="w_w1aab1b1b2c55c15ad127" language="English" custom="readingOrder {index:10;}">
                    <Coords points="1424,2218 1525,2218 1525,2255 1424,2255"/>
                    <TextEquiv>
                        <Unicode>petites</Unicode>
                    </TextEquiv>
                    <TextStyle fontFamily="Times New Roman" fontSize="8.5"/>
                </Word>
                <Word id="w_w1aab1b1b2c55c15ad143" language="English" custom="readingOrder {index:11;}">
                    <Coords points="1538,2218 1782,2218 1782,2248 1538,2248"/>
                    <TextEquiv>
                        <Unicode>démonstrations</Unicode>
                    </TextEquiv>
                    <TextStyle fontFamily="Times New Roman" fontSize="8.5"/>
                </Word>
                <TextEquiv>
                    <Unicode>d’argent dont nous menace la Californie et l’Australie que des petites démonstrations</Unicode>
                </TextEquiv>
                <TextStyle fontFamily="Times New Roman" fontSize="8.5"/>
            </TextLine>
            <TextLine id="tl_48" primaryLanguage="English" custom="readingOrder {index:8;}">
                <Coords points="414,2256 1780,2256 1780,2295 414,2295"/>
                <Baseline points="414,2286 1780,2286"/>
                <Word id="w_w1aab1b1b2c55c17ab1" language="English" custom="readingOrder {index:0;}">
                    <Coords points="414,2258 451,2258 451,2288 414,2288"/>
                    <TextEquiv>
                        <Unicode>du</Unicode>
                    </TextEquiv>
                    <TextStyle fontFamily="Times New Roman" fontSize="8.5"/>
                </Word>
                <Word id="w_w1aab1b1b2c55c17ab7" language="English" custom="readingOrder {index:1;}">
                    <Coords points="470,2258 713,2258 713,2288 470,2288"/>
                    <TextEquiv>
                        <Unicode>Gouvernement.</Unicode>
                    </TextEquiv>
                    <TextStyle fontFamily="Times New Roman" fontSize="8.5"/>
                </Word>
                <Word id="w_w1aab1b1b2c55c17ac35" language="English" custom="readingOrder {index:2;}">
                    <Coords points="736,2269 748,2269 748,2283 736,2283"/>
                    <TextEquiv>
                        <Unicode>»</Unicode>
                    </TextEquiv>
                    <TextStyle fontFamily="Times New Roman" fontSize="8.5"/>
                </Word>
                <Word id="w_w1aab1b1b2c55c17ac39" language="English" custom="readingOrder {index:3;}">
                    <Coords points="769,2258 808,2258 808,2287 769,2287"/>
                    <TextEquiv>
                        <Unicode>La</Unicode>
                    </TextEquiv>
                    <TextStyle fontFamily="Times New Roman" fontSize="8.5"/>
                </Word>
                <Word id="w_w1aab1b1b2c55c17ac45" language="English" custom="readingOrder {index:4;}">
                    <Coords points="827,2257 947,2257 947,2287 827,2287"/>
                    <TextEquiv>
                        <Unicode>canaille</Unicode>
                    </TextEquiv>
                    <TextStyle fontFamily="Times New Roman" fontSize="8.5"/>
                </Word>
                <Word id="w_w1aab1b1b2c55c17ac63" language="English" custom="readingOrder {index:5;}">
                    <Coords points="966,2257 1110,2257 1110,2293 966,2293"/>
                    <TextEquiv>
                        <Unicode>humaine,</Unicode>
                    </TextEquiv>
                    <TextStyle fontFamily="Times New Roman" fontSize="8.5"/>
                </Word>
                <Word id="w_w1aab1b1b2c55c17ac81" language="English" custom="readingOrder {index:6;}">
                    <Coords points="1127,2257 1293,2257 1293,2295 1127,2295"/>
                    <TextEquiv>
                        <Unicode>ajoute-t-il,</Unicode>
                    </TextEquiv>
                    <TextStyle fontFamily="Times New Roman" fontSize="8.5"/>
                </Word>
                <Word id="w_w1aab1b1b2c55c17ad107" language="English" custom="readingOrder {index:7;}">
                    <Coords points="1314,2264 1349,2264 1349,2286 1314,2286"/>
                    <TextEquiv>
                        <Unicode>ne</Unicode>
                    </TextEquiv>
                    <TextStyle fontFamily="Times New Roman" fontSize="8.5"/>
                </Word>
                <Word id="w_w1aab1b1b2c55c17ad113" language="English" custom="readingOrder {index:8;}">
                    <Coords points="1363,2264 1394,2264 1394,2286 1363,2286"/>
                    <TextEquiv>
                        <Unicode>se</Unicode>
                    </TextEquiv>
                    <TextStyle fontFamily="Times New Roman" fontSize="8.5"/>
                </Word>
                <Word id="w_w1aab1b1b2c55c17ad119" language="English" custom="readingOrder {index:9;}">
                    <Coords points="1413,2256 1483,2256 1483,2285 1413,2285"/>
                    <TextEquiv>
                        <Unicode>rend</Unicode>
                    </TextEquiv>
                    <TextStyle fontFamily="Times New Roman" fontSize="8.5"/>
                </Word>
                <Word id="w_w1aab1b1b2c55c17ad129" language="English" custom="readingOrder {index:10;}">
                    <Coords points="1503,2263 1538,2263 1538,2292 1503,2292"/>
                    <TextEquiv>
                        <Unicode>qu</Unicode>
                    </TextEquiv>
                    <TextStyle fontFamily="Times New Roman" fontSize="8.5"/>
                </Word>
                <Word id="w_w1aab1b1b2c55c17ad135" language="English" custom="readingOrder {index:11;}">
                    <Coords points="1552,2256 1568,2256 1568,2285 1552,2285"/>
                    <TextEquiv>
                        <Unicode>k</Unicode>
                    </TextEquiv>
                    <TextStyle fontFamily="Times New Roman" fontSize="8.5"/>
                </Word>
                <Word id="w_w1aab1b1b2c55c17ad139" language="English" custom="readingOrder {index:12;}">
                    <Coords points="1586,2256 1613,2256 1613,2285 1586,2285"/>
                    <TextEquiv>
                        <Unicode>la</Unicode>
                    </TextEquiv>
                    <TextStyle fontFamily="Times New Roman" fontSize="8.5"/>
                </Word>
                <Word id="w_w1aab1b1b2c55c17ad145" language="English" custom="readingOrder {index:13;}">
                    <Coords points="1633,2256 1709,2256 1709,2286 1633,2286"/>
                    <TextEquiv>
                        <Unicode>force</Unicode>
                    </TextEquiv>
                    <TextStyle fontFamily="Times New Roman" fontSize="8.5"/>
                </Word>
                <Word id="w_w1aab1b1b2c55c17ad157" language="English" custom="readingOrder {index:14;}">
                    <Coords points="1729,2265 1736,2265 1736,2286 1729,2286"/>
                    <TextEquiv>
                        <Unicode>:</Unicode>
                    </TextEquiv>
                    <TextStyle fontFamily="Times New Roman" fontSize="8.5"/>
                </Word>
                <Word id="w_w1aab1b1b2c55c17ad161" language="English" custom="readingOrder {index:15;}">
                    <Coords points="1754,2258 1780,2258 1780,2287 1754,2287"/>
                    <TextEquiv>
                        <Unicode>la</Unicode>
                    </TextEquiv>
                    <TextStyle fontFamily="Times New Roman" fontSize="8.5"/>
                </Word>
                <TextEquiv>
                    <Unicode>du Gouvernement. » La canaille humaine, ajoute-t-il, ne se rend qu'à la force : la</Unicode>
                </TextEquiv>
                <TextStyle fontFamily="Times New Roman" fontSize="8.5"/>
            </TextLine>
            <TextLine id="tl_49" primaryLanguage="English" custom="readingOrder {index:9;}">
                <Coords points="416,2294 1779,2294 1779,2333 416,2333"/>
                <Baseline points="416,2325 1779,2325"/>
                <Word id="w_w1aab1b1b2c55c19ab1" language="English" custom="readingOrder {index:0;}">
                    <Coords points="416,2297 526,2297 526,2330 416,2330"/>
                    <TextEquiv>
                        <Unicode>raison,</Unicode>
                    </TextEquiv>
                    <TextStyle fontFamily="Times New Roman" fontSize="8.5"/>
                </Word>
                <Word id="w_w1aab1b1b2c55c19ac17" language="English" custom="readingOrder {index:1;}">
                    <Coords points="541,2297 610,2297 610,2326 541,2326"/>
                    <TextEquiv>
                        <Unicode>chez</Unicode>
                    </TextEquiv>
                    <TextStyle fontFamily="Times New Roman" fontSize="8.5"/>
                </Word>
                <Word id="w_w1aab1b1b2c55c19ac27" language="English" custom="readingOrder {index:2;}">
                    <Coords points="623,2297 688,2297 688,2331 623,2331"/>
                    <TextEquiv>
                        <Unicode>elle,</Unicode>
                    </TextEquiv>
                    <TextStyle fontFamily="Times New Roman" fontSize="8.5"/>
                </Word>
                <Word id="w_w1aab1b1b2c55c19ac39" language="English" custom="readingOrder {index:3;}">
                    <Coords points="703,2304 717,2304 717,2324 703,2324"/>
                    <TextEquiv>
                        <Unicode>a</Unicode>
                    </TextEquiv>
                    <TextStyle fontFamily="Times New Roman" fontSize="8.5"/>
                </Word>
                <Word id="w_w1aab1b1b2c55c19ac43" language="English" custom="readingOrder {index:4;}">
                    <Coords points="738,2298 866,2298 866,2332 738,2332"/>
                    <TextEquiv>
                        <Unicode>très-peu</Unicode>
                    </TextEquiv>
                    <TextStyle fontFamily="Times New Roman" fontSize="8.5"/>
                </Word>
                <Word id="w_w1aab1b1b2c55c19ac61" language="English" custom="readingOrder {index:5;}">
                    <Coords points="881,2297 916,2297 916,2325 881,2325"/>
                    <TextEquiv>
                        <Unicode>de</Unicode>
                    </TextEquiv>
                    <TextStyle fontFamily="Times New Roman" fontSize="8.5"/>
                </Word>
                <Word id="w_w1aab1b1b2c55c19ac67" language="English" custom="readingOrder {index:6;}">
                    <Coords points="933,2296 1033,2296 1033,2325 933,2325"/>
                    <TextEquiv>
                        <Unicode>crédit.</Unicode>
                    </TextEquiv>
                    <TextStyle fontFamily="Times New Roman" fontSize="8.5"/>
                </Word>
                <Word id="w_w1aab1b1b2c55c19ac83" language="English" custom="readingOrder {index:7;}">
                    <Coords points="1050,2296 1130,2296 1130,2325 1050,2325"/>
                    <TextEquiv>
                        <Unicode>Voilk</Unicode>
                    </TextEquiv>
                    <TextStyle fontFamily="Times New Roman" fontSize="8.5"/>
                </Word>
                <Word id="w_w1aab1b1b2c55c19ac95" language="English" custom="readingOrder {index:8;}">
                    <Coords points="1151,2296 1290,2296 1290,2333 1151,2333"/>
                    <TextEquiv>
                        <Unicode>pourquoi</Unicode>
                    </TextEquiv>
                    <TextStyle fontFamily="Times New Roman" fontSize="8.5"/>
                </Word>
                <Word id="w_w1aab1b1b2c55c19ad113" language="English" custom="readingOrder {index:9;}">
                    <Coords points="1308,2299 1388,2299 1388,2325 1308,2325"/>
                    <TextEquiv>
                        <Unicode>votre</Unicode>
                    </TextEquiv>
                    <TextStyle fontFamily="Times New Roman" fontSize="8.5"/>
                </Word>
                <Word id="w_w1aab1b1b2c55c19ad125" language="English" custom="readingOrder {index:10;}">
                    <Coords points="1406,2294 1520,2294 1520,2331 1406,2331"/>
                    <TextEquiv>
                        <Unicode>banque</Unicode>
                    </TextEquiv>
                    <TextStyle fontFamily="Times New Roman" fontSize="8.5"/>
                </Word>
                <Word id="w_w1aab1b1b2c55c19ad139" language="English" custom="readingOrder {index:11;}">
                    <Coords points="1533,2302 1568,2302 1568,2324 1533,2324"/>
                    <TextEquiv>
                        <Unicode>ne</Unicode>
                    </TextEquiv>
                    <TextStyle fontFamily="Times New Roman" fontSize="8.5"/>
                </Word>
                <Word id="w_w1aab1b1b2c55c19ad145" language="English" custom="readingOrder {index:12;}">
                    <Coords points="1583,2301 1648,2301 1648,2325 1583,2325"/>
                    <TextEquiv>
                        <Unicode>sera</Unicode>
                    </TextEquiv>
                    <TextStyle fontFamily="Times New Roman" fontSize="8.5"/>
                </Word>
                <Word id="w_w1aab1b1b2c55c19ad155" language="English" custom="readingOrder {index:13;}">
                    <Coords points="1664,2296 1779,2296 1779,2333 1664,2333"/>
                    <TextEquiv>
                        <Unicode>jamais,</Unicode>
                    </TextEquiv>
                    <TextStyle fontFamily="Times New Roman" fontSize="8.5"/>
                </Word>
                <TextEquiv>
                    <Unicode>raison, chez elle, a très-peu de crédit. Voilà pourquoi votre banque ne sera jamais,</Unicode>
                </TextEquiv>
                <TextStyle fontFamily="Times New Roman" fontSize="8.5"/>
            </TextLine>
            <TextLine id="tl_50" primaryLanguage="English" custom="readingOrder {index:10;}">
                <Coords points="414,2334 1781,2334 1781,2372 414,2372"/>
                <Baseline points="414,2364 1781,2364"/>
                <Word id="w_w1aab1b1b2c55c21ab1" language="English" custom="readingOrder {index:0;}">
                    <Coords points="414,2337 437,2337 437,2365 414,2365"/>
                    <TextEquiv>
                        <Unicode>si</Unicode>
                    </TextEquiv>
                    <TextStyle fontFamily="Times New Roman" fontSize="8.5"/>
                </Word>
                <Word id="w_w1aab1b1b2c55c21ab7" language="English" custom="readingOrder {index:1;}">
                    <Coords points="457,2336 511,2336 511,2365 457,2365"/>
                    <TextEquiv>
                        <Unicode>elle</Unicode>
                    </TextEquiv>
                    <TextStyle fontFamily="Times New Roman" fontSize="8.5"/>
                </Word>
                <Word id="w_w1aab1b1b2c55c21ac17" language="English" custom="readingOrder {index:2;}">
                    <Coords points="524,2335 639,2335 639,2367 524,2367"/>
                    <TextEquiv>
                        <Unicode>réussit,</Unicode>
                    </TextEquiv>
                    <TextStyle fontFamily="Times New Roman" fontSize="8.5"/>
                </Word>
                <Word id="w_w1aab1b1b2c55c21ac35" language="English" custom="readingOrder {index:3;}">
                    <Coords points="663,2335 770,2335 770,2372 663,2372"/>
                    <TextEquiv>
                        <Unicode>qu'une</Unicode>
                    </TextEquiv>
                    <TextStyle fontFamily="Times New Roman" fontSize="8.5"/>
                </Word>
                <Word id="w_w1aab1b1b2c55c21ac49" language="English" custom="readingOrder {index:4;}">
                    <Coords points="787,2335 948,2335 948,2372 787,2372"/>
                    <TextEquiv>
                        <Unicode>entreprise</Unicode>
                    </TextEquiv>
                    <TextStyle fontFamily="Times New Roman" fontSize="8.5"/>
                </Word>
                <Word id="w_w1aab1b1b2c55c21ac71" language="English" custom="readingOrder {index:5;}">
                    <Coords points="971,2335 1171,2335 1171,2364 971,2364"/>
                    <TextEquiv>
                        <Unicode>commerciale</Unicode>
                    </TextEquiv>
                    <TextStyle fontFamily="Times New Roman" fontSize="8.5"/>
                </Word>
                <Word id="w_w1aab1b1b2c55c21ac95" language="English" custom="readingOrder {index:6;}">
                    <Coords points="1194,2335 1322,2335 1322,2365 1194,2365"/>
                    <TextEquiv>
                        <Unicode>donnant</Unicode>
                    </TextEquiv>
                    <TextStyle fontFamily="Times New Roman" fontSize="8.5"/>
                </Word>
                <Word id="w_w1aab1b1b2c55c21ad111" language="English" custom="readingOrder {index:7;}">
                    <Coords points="1343,2335 1358,2335 1358,2363 1343,2363"/>
                    <TextEquiv>
                        <Unicode>k</Unicode>
                    </TextEquiv>
                    <TextStyle fontFamily="Times New Roman" fontSize="8.5"/>
                </Word>
                <Word id="w_w1aab1b1b2c55c21ad115" language="English" custom="readingOrder {index:8;}">
                    <Coords points="1385,2341 1434,2341 1434,2364 1385,2364"/>
                    <TextEquiv>
                        <Unicode>ses</Unicode>
                    </TextEquiv>
                    <TextStyle fontFamily="Times New Roman" fontSize="8.5"/>
                </Word>
                <Word id="w_w1aab1b1b2c55c21ad123" language="English" custom="readingOrder {index:9;}">
                    <Coords points="1462,2334 1630,2334 1630,2363 1462,2363"/>
                    <TextEquiv>
                        <Unicode>fondateurs</Unicode>
                    </TextEquiv>
                    <TextStyle fontFamily="Times New Roman" fontSize="8.5"/>
                </Word>
                <Word id="w_w1aab1b1b2c55c21ad145" language="English" custom="readingOrder {index:10;}">
                    <Coords points="1647,2338 1675,2338 1675,2365 1647,2365"/>
                    <TextEquiv>
                        <Unicode>et</Unicode>
                    </TextEquiv>
                    <TextStyle fontFamily="Times New Roman" fontSize="8.5"/>
                </Word>
                <Word id="w_w1aab1b1b2c55c21ad151" language="English" custom="readingOrder {index:11;}">
                    <Coords points="1690,2335 1706,2335 1706,2364 1690,2364"/>
                    <TextEquiv>
                        <Unicode>k</Unicode>
                    </TextEquiv>
                    <TextStyle fontFamily="Times New Roman" fontSize="8.5"/>
                </Word>
                <Word id="w_w1aab1b1b2c55c21ad155" language="English" custom="readingOrder {index:12;}">
                    <Coords points="1734,2343 1781,2343 1781,2364 1734,2364"/>
                    <TextEquiv>
                        <Unicode>ses</Unicode>
                    </TextEquiv>
                    <TextStyle fontFamily="Times New Roman" fontSize="8.5"/>
                </Word>
                <TextEquiv>
                    <Unicode>si elle réussit, qu'une entreprise commerciale donnant à ses fondateurs et à ses</Unicode>
                </TextEquiv>
                <TextStyle fontFamily="Times New Roman" fontSize="8.5"/>
            </TextLine>
            <TextLine id="tl_51" primaryLanguage="English" custom="readingOrder {index:11;}">
                <Coords points="414,2372 1780,2372 1780,2411 414,2411"/>
                <Baseline points="414,2403 1780,2403"/>
                <Word id="w_w1aab1b1b2c55c23ab1" language="English" custom="readingOrder {index:0;}">
                    <Coords points="414,2375 515,2375 515,2404 414,2404"/>
                    <TextEquiv>
                        <Unicode>clients</Unicode>
                    </TextEquiv>
                    <TextStyle fontFamily="Times New Roman" fontSize="8.5"/>
                </Word>
                <Word id="w_w1aab1b1b2c55c23ac17" language="English" custom="readingOrder {index:1;}">
                    <Coords points="533,2375 568,2375 568,2404 533,2404"/>
                    <TextEquiv>
                        <Unicode>de</Unicode>
                    </TextEquiv>
                    <TextStyle fontFamily="Times New Roman" fontSize="8.5"/>
                </Word>
                <Word id="w_w1aab1b1b2c55c23ac23" language="English" custom="readingOrder {index:2;}">
                    <Coords points="584,2374 649,2374 649,2411 584,2411"/>
                    <TextEquiv>
                        <Unicode>jolis</Unicode>
                    </TextEquiv>
                    <TextStyle fontFamily="Times New Roman" fontSize="8.5"/>
                </Word>
                <Word id="w_w1aab1b1b2c55c23ac35" language="English" custom="readingOrder {index:3;}">
                    <Coords points="664,2373 766,2373 766,2411 664,2411"/>
                    <TextEquiv>
                        <Unicode>profits</Unicode>
                    </TextEquiv>
                    <TextStyle fontFamily="Times New Roman" fontSize="8.5"/>
                </Word>
                <Word id="w_w1aab1b1b2c55c23ac51" language="English" custom="readingOrder {index:4;}">
                    <Coords points="784,2382 791,2382 791,2404 784,2404"/>
                    <TextEquiv>
                        <Unicode>:</Unicode>
                    </TextEquiv>
                    <TextStyle fontFamily="Times New Roman" fontSize="8.5"/>
                </Word>
                <Word id="w_w1aab1b1b2c55c23ac55" language="English" custom="readingOrder {index:5;}">
                    <Coords points="810,2381 881,2381 881,2411 810,2411"/>
                    <TextEquiv>
                        <Unicode>pour</Unicode>
                    </TextEquiv>
                    <TextStyle fontFamily="Times New Roman" fontSize="8.5"/>
                </Word>
                <Word id="w_w1aab1b1b2c55c23ac65" language="English" custom="readingOrder {index:6;}">
                    <Coords points="900,2373 1003,2373 1003,2410 900,2410"/>
                    <TextEquiv>
                        <Unicode>qu’elle</Unicode>
                    </TextEquiv>
                    <TextStyle fontFamily="Times New Roman" fontSize="8.5"/>
                </Word>
                <Word id="w_w1aab1b1b2c55c23ac81" language="English" custom="readingOrder {index:7;}">
                    <Coords points="1021,2373 1160,2373 1160,2403 1021,2403"/>
                    <TextEquiv>
                        <Unicode>devienne</Unicode>
                    </TextEquiv>
                    <TextStyle fontFamily="Times New Roman" fontSize="8.5"/>
                </Word>
                <Word id="w_w1aab1b1b2c55c23ac99" language="English" custom="readingOrder {index:8;}">
                    <Coords points="1178,2381 1233,2381 1233,2404 1178,2404"/>
                    <TextEquiv>
                        <Unicode>une</Unicode>
                    </TextEquiv>
                    <TextStyle fontFamily="Times New Roman" fontSize="8.5"/>
                </Word>
                <Word id="w_w1aab1b1b2c55c23ad107" language="English" custom="readingOrder {index:9;}">
                    <Coords points="1251,2373 1419,2373 1419,2406 1251,2406"/>
                    <TextEquiv>
                        <Unicode>institution,</Unicode>
                    </TextEquiv>
                    <TextStyle fontFamily="Times New Roman" fontSize="8.5"/>
                </Word>
                <Word id="w_w1aab1b1b2c55c23ad133" language="English" custom="readingOrder {index:10;}">
                    <Coords points="1434,2372 1452,2372 1452,2402 1434,2402"/>
                    <TextEquiv>
                        <Unicode>il</Unicode>
                    </TextEquiv>
                    <TextStyle fontFamily="Times New Roman" fontSize="8.5"/>
                </Word>
                <Word id="w_w1aab1b1b2c55c23ad139" language="English" custom="readingOrder {index:11;}">
                    <Coords points="1462,2379 1478,2379 1478,2409 1462,2409"/>
                    <TextEquiv>
                        <Unicode>y</Unicode>
                    </TextEquiv>
                    <TextStyle fontFamily="Times New Roman" fontSize="8.5"/>
                </Word>
                <Word id="w_w1aab1b1b2c55c23ad143" language="English" custom="readingOrder {index:12;}">
                    <Coords points="1496,2372 1556,2372 1556,2402 1496,2402"/>
                    <TextEquiv>
                        <Unicode>faut</Unicode>
                    </TextEquiv>
                    <TextStyle fontFamily="Times New Roman" fontSize="8.5"/>
                </Word>
                <Word id="w_w1aab1b1b2c55c23ad153" language="English" custom="readingOrder {index:13;}">
                    <Coords points="1568,2380 1603,2380 1603,2402 1568,2402"/>
                    <TextEquiv>
                        <Unicode>un</Unicode>
                    </TextEquiv>
                    <TextStyle fontFamily="Times New Roman" fontSize="8.5"/>
                </Word>
                <Word id="w_w1aab1b1b2c55c23ad159" language="English" custom="readingOrder {index:14;}">
                    <Coords points="1623,2373 1780,2373 1780,2403 1623,2403"/>
                    <TextEquiv>
                        <Unicode>déctoche-</Unicode>
                    </TextEquiv>
                    <TextStyle fontFamily="Times New Roman" fontSize="8.5"/>
                </Word>
                <TextEquiv>
                    <Unicode>clients de jolis profits : pour qu’elle devienne une institution, il y faut un décroche¬</Unicode>
                </TextEquiv>
                <TextStyle fontFamily="Times New Roman" fontSize="8.5"/>
            </TextLine>
            <TextLine id="tl_52" primaryLanguage="English" custom="readingOrder {index:12;}">
                <Coords points="413,2413 714,2413 714,2449 413,2449"/>
                <Baseline points="413,2442 714,2442"/>
                <Word id="w_w1aab1b1b2c55c25ab1" language="English" custom="readingOrder {index:0;}">
                    <Coords points="413,2418 488,2418 488,2442 413,2442"/>
                    <TextEquiv>
                        <Unicode>mrnt</Unicode>
                    </TextEquiv>
                    <TextStyle fontFamily="Times New Roman" fontSize="8.5"/>
                </Word>
                <Word id="w_w1aab1b1b2c55c25ac11" language="English" custom="readingOrder {index:1;}">
                    <Coords points="505,2413 714,2413 714,2449 505,2449"/>
                    <TextEquiv>
                        <Unicode>général...»</Unicode>
                    </TextEquiv>
                    <TextStyle fontFamily="Times New Roman" fontSize="8.5"/>
                </Word>
                <TextEquiv>
                    <Unicode>ment général...»</Unicode>
                </TextEquiv>
                <TextStyle fontFamily="Times New Roman" fontSize="8.5"/>
            </TextLine>
            <TextEquiv>
                <Unicode>Très-curieuse lettre relative à la mise en pratique de sa banque d’échange, dont
il a renoncé à s’occuper personnellement depuis le deux décembre. Le dernier décret
sur la Banque de France lui plaît plus que le précédent, et il voit au bout la con¬
version de la lente, et même la liquidation sociale. « Vous verrez, dit-il, que
Louis Bonaparte, pour avoir décrété la centième partie de ce que le monde demande
et que je propose, sera mis au rang des bienfaiteurs de l’humanité, tandis que votre
serviteur restera un misérable ! » Au reste, il attend plus de l’avalanche d’or et
d’argent dont nous menace la Californie et l’Australie que des petites démonstrations
du Gouvernement. » La canaille humaine, ajoute-t-il, ne se rend qu'à la force : la
raison, chez elle, a très-peu de crédit. Voilà pourquoi votre banque ne sera jamais,
si elle réussit, qu'une entreprise commerciale donnant à ses fondateurs et à ses
clients de jolis profits : pour qu’elle devienne une institution, il y faut un décroche¬
ment général...»</Unicode>
            </TextEquiv>
        </TextRegion>
        <TextRegion type="paragraph" id="r_1_29" custom="readingOrder {index:29;}">
            <Coords points="326,2447 1779,2447 1779,2495 326,2495"/>
            <TextLine id="tl_53" primaryLanguage="English" custom="readingOrder {index:0;} textStyle {offset:4; length:7;fontSize:0.0; kerning:0; bold:true;}">
                <Coords points="327,2448 1778,2448 1778,2494 327,2494"/>
                <Baseline points="327,2484 1778,2484"/>
                <Word id="w_w1aab1b1b2c57b1ab1" language="English" custom="readingOrder {index:0;}">
                    <Coords points="327,2453 388,2453 388,2486 327,2486"/>
                    <TextEquiv>
                        <Unicode>133</Unicode>
                    </TextEquiv>
                    <TextStyle fontFamily="Times New Roman" fontSize="10.0"/>
                </Word>
                <Word id="w_w1aab1b1b2c57b1b1b1" language="English" custom="readingOrder {index:1;}">
                    <Coords points="412,2452 594,2452 594,2494 412,2494"/>
                    <TextEquiv>
                        <Unicode>Raspail</Unicode>
                    </TextEquiv>
                    <TextStyle fontFamily="Times New Roman" fontSize="9.5" bold="true"/>
                </Word>
                <Word id="w_w1aab1b1b2c57b1b2b1" language="English" custom="readingOrder {index:2;}">
                    <Coords points="614,2450 764,2450 764,2494 614,2494"/>
                    <TextEquiv>
                        <Unicode>(F.-V.),</Unicode>
                    </TextEquiv>
                    <TextStyle fontFamily="Times New Roman" fontSize="10.0"/>
                </Word>
                <Word id="w_w1aab1b1b2c57b1b2c19" language="English" custom="readingOrder {index:3;}">
                    <Coords points="786,2449 939,2449 939,2484 786,2484"/>
                    <TextEquiv>
                        <Unicode>célèbre</Unicode>
                    </TextEquiv>
                    <TextStyle fontFamily="Times New Roman" fontSize="10.0"/>
                </Word>
                <Word id="w_w1aab1b1b2c57b1b2c35" language="English" custom="readingOrder {index:4;}">
                    <Coords points="960,2449 1142,2449 1142,2484 960,2484"/>
                    <TextEquiv>
                        <Unicode>chimiste</Unicode>
                    </TextEquiv>
                    <TextStyle fontFamily="Times New Roman" fontSize="10.0"/>
                </Word>
                <Word id="w_w1aab1b1b2c57b1b2c53" language="English" custom="readingOrder {index:5;}">
                    <Coords points="1163,2451 1203,2451 1203,2484 1163,2484"/>
                    <TextEquiv>
                        <Unicode>et</Unicode>
                    </TextEquiv>
                    <TextStyle fontFamily="Times New Roman" fontSize="10.0"/>
                </Word>
                <Word id="w_w1aab1b1b2c57b1b2c59" language="English" custom="readingOrder {index:6;}">
                    <Coords points="1222,2449 1376,2449 1376,2484 1222,2484"/>
                    <TextEquiv>
                        <Unicode>homme</Unicode>
                    </TextEquiv>
                    <TextStyle fontFamily="Times New Roman" fontSize="10.0"/>
                </Word>
                <Word id="w_w1aab1b1b2c57b1b2c71" language="English" custom="readingOrder {index:7;}">
                    <Coords points="1398,2448 1605,2448 1605,2494 1398,2494"/>
                    <TextEquiv>
                        <Unicode>politique,</Unicode>
                    </TextEquiv>
                    <TextStyle fontFamily="Times New Roman" fontSize="10.0"/>
                </Word>
                <Word id="w_w1aab1b1b2c57b1b2c93" language="English" custom="readingOrder {index:8;}">
                    <Coords points="1635,2448 1778,2448 1778,2493 1635,2493"/>
                    <TextEquiv>
                        <Unicode>député</Unicode>
                    </TextEquiv>
                    <TextStyle fontFamily="Times New Roman" fontSize="10.0"/>
                </Word>
                <TextEquiv>
                    <Unicode>133 Raspail (F.-V.), célèbre chimiste et homme politique, député</Unicode>
                </TextEquiv>
            </TextLine>
            <TextEquiv>
                <Unicode>133 Raspail (F.-V.), célèbre chimiste et homme politique, député</Unicode>
            </TextEquiv>
        </TextRegion>
        <TextRegion type="paragraph" id="r_1_30" custom="readingOrder {index:30;}">
            <Coords points="411,2492 1778,2492 1778,2539 411,2539"/>
            <TextLine id="tl_54" primaryLanguage="English" custom="readingOrder {index:0;}">
                <Coords points="412,2493 1777,2493 1777,2538 412,2538"/>
                <Baseline points="412,2528 1777,2528"/>
                <Word id="w_w1aab1b1b2c59b1ab1" language="English" custom="readingOrder {index:0;}">
                    <Coords points="412,2495 462,2495 462,2529 412,2529"/>
                    <TextEquiv>
                        <Unicode>du</Unicode>
                    </TextEquiv>
                    <TextStyle fontFamily="Times New Roman" fontSize="10.0"/>
                </Word>
                <Word id="w_w1aab1b1b2c59b1ab7" language="English" custom="readingOrder {index:1;}">
                    <Coords points="483,2495 635,2495 635,2530 483,2530"/>
                    <TextEquiv>
                        <Unicode>Rhône.</Unicode>
                    </TextEquiv>
                    <TextStyle fontFamily="Times New Roman" fontSize="10.0"/>
                </Word>
                <Word id="w_w1aab1b1b2c59b1ac21" language="English" custom="readingOrder {index:2;}">
                    <Coords points="655,2514 698,2514 698,2519 655,2519"/>
                    <TextEquiv>
                        <Unicode>—</Unicode>
                    </TextEquiv>
                    <TextStyle fontFamily="Times New Roman" fontSize="10.0"/>
                </Word>
                <Word id="w_w1aab1b1b2c59b1ac25" language="English" custom="readingOrder {index:3;}">
                    <Coords points="716,2494 758,2494 758,2528 716,2528"/>
                    <TextEquiv>
                        <Unicode>L.</Unicode>
                    </TextEquiv>
                    <TextStyle fontFamily="Times New Roman" fontSize="10.0"/>
                </Word>
                <Word id="w_w1aab1b1b2c59b1ac31" language="English" custom="readingOrder {index:4;}">
                    <Coords points="781,2505 815,2505 815,2528 781,2528"/>
                    <TextEquiv>
                        <Unicode>a.</Unicode>
                    </TextEquiv>
                    <TextStyle fontFamily="Times New Roman" fontSize="10.0"/>
                </Word>
                <Word id="w_w1aab1b1b2c59b1ac37" language="English" custom="readingOrder {index:5;}">
                    <Coords points="836,2504 880,2504 880,2536 836,2536"/>
                    <TextEquiv>
                        <Unicode>s.,</Unicode>
                    </TextEquiv>
                    <TextStyle fontFamily="Times New Roman" fontSize="10.0"/>
                </Word>
                <Word id="w_w1aab1b1b2c59b1ac45" language="English" custom="readingOrder {index:6;}">
                    <Coords points="904,2496 999,2496 999,2535 904,2535"/>
                    <TextEquiv>
                        <Unicode>1837,</Unicode>
                    </TextEquiv>
                    <TextStyle fontFamily="Times New Roman" fontSize="10.0"/>
                </Word>
                <Word id="w_w1aab1b1b2c59b1ac57" language="English" custom="readingOrder {index:7;}">
                    <Coords points="1025,2496 1036,2496 1036,2527 1025,2527"/>
                    <TextEquiv>
                        <Unicode>1</Unicode>
                    </TextEquiv>
                    <TextStyle fontFamily="Times New Roman" fontSize="10.0"/>
                </Word>
                <Word id="w_w1aab1b1b2c59b1ac61" language="English" custom="readingOrder {index:8;}">
                    <Coords points="1059,2504 1095,2504 1095,2538 1059,2538"/>
                    <TextEquiv>
                        <Unicode>p.</Unicode>
                    </TextEquiv>
                    <TextStyle fontFamily="Times New Roman" fontSize="10.0"/>
                </Word>
                <Word id="w_w1aab1b1b2c59b1ac67" language="English" custom="readingOrder {index:9;}">
                    <Coords points="1117,2493 1212,2493 1212,2528 1117,2528"/>
                    <TextEquiv>
                        <Unicode>in-8.</Unicode>
                    </TextEquiv>
                    <TextStyle fontFamily="Times New Roman" fontSize="10.0"/>
                </Word>
                <Word id="w_w1aab1b1b2c59b1ac79" language="English" custom="readingOrder {index:10;}">
                    <Coords points="1693,2494 1713,2494 1713,2527 1693,2527"/>
                    <TextEquiv>
                        <Unicode>3</Unicode>
                    </TextEquiv>
                    <TextStyle fontFamily="Times New Roman" fontSize="10.0"/>
                </Word>
                <Word id="w_w1aab1b1b2c59b1ac83" language="English" custom="readingOrder {index:11;}">
                    <Coords points="1760,2504 1777,2504 1777,2525 1760,2525"/>
                    <TextEquiv>
                        <Unicode>»</Unicode>
                    </TextEquiv>
                    <TextStyle fontFamily="Times New Roman" fontSize="10.0"/>
                </Word>
                <TextEquiv>
                    <Unicode>du Rhône. — L. a. s., 1837, 1 p. in-8. 3 »</Unicode>
                </TextEquiv>
                <TextStyle fontFamily="Times New Roman" fontSize="10.0"/>
            </TextLine>
            <TextEquiv>
                <Unicode>du Rhône. — L. a. s., 1837, 1 p. in-8. 3 »</Unicode>
            </TextEquiv>
        </TextRegion>
        <TextRegion type="paragraph" id="r_1_31" custom="readingOrder {index:31;}">
            <Coords points="327,2535 1783,2535 1783,2584 327,2584"/>
            <TextLine id="tl_55" primaryLanguage="English" custom="readingOrder {index:0;} textStyle {offset:4; length:8;fontSize:0.0; kerning:0; bold:true;}">
                <Coords points="328,2536 1782,2536 1782,2583 328,2583"/>
                <Baseline points="328,2571 1782,2571"/>
                <Word id="w_w1aab1b1b2c61b1ab1" language="English" custom="readingOrder {index:0;}">
                    <Coords points="328,2540 389,2540 389,2573 328,2573"/>
                    <TextEquiv>
                        <Unicode>134</Unicode>
                    </TextEquiv>
                    <TextStyle fontFamily="Times New Roman" fontSize="10.0"/>
                </Word>
                <Word id="w_w1aab1b1b2c61b1b1b1" language="English" custom="readingOrder {index:1;}">
                    <Coords points="412,2539 650,2539 650,2583 412,2583"/>
                    <TextEquiv>
                        <Unicode>Ravignan</Unicode>
                    </TextEquiv>
                    <TextStyle fontFamily="Times New Roman" fontSize="9.5" bold="true"/>
                </Word>
                <Word id="w_w1aab1b1b2c61b1b2b1" language="English" custom="readingOrder {index:2;}">
                    <Coords points="680,2538 736,2538 736,2582 680,2582"/>
                    <TextEquiv>
                        <Unicode>(le</Unicode>
                    </TextEquiv>
                    <TextStyle fontFamily="Times New Roman" fontSize="10.0"/>
                </Word>
                <Word id="w_w1aab1b1b2c61b1b2b9" language="English" custom="readingOrder {index:3;}">
                    <Coords points="757,2537 856,2537 856,2572 757,2572"/>
                    <TextEquiv>
                        <Unicode>Père</Unicode>
                    </TextEquiv>
                    <TextStyle fontFamily="Times New Roman" fontSize="10.0"/>
                </Word>
                <Word id="w_w1aab1b1b2c61b1b3b1" language="English" custom="readingOrder {index:4;}">
                    <Coords points="877,2537 967,2537 967,2583 877,2583"/>
                    <TextEquiv>
                        <Unicode>de),</Unicode>
                    </TextEquiv>
                    <TextStyle fontFamily="Times New Roman" fontSize="10.0"/>
                </Word>
                <Word id="w_w1aab1b1b2c61b1b4b3" language="English" custom="readingOrder {index:5;}">
                    <Coords points="995,2536 1168,2536 1168,2582 995,2582"/>
                    <TextEquiv>
                        <Unicode>jésuite,</Unicode>
                    </TextEquiv>
                    <TextStyle fontFamily="Times New Roman" fontSize="10.0"/>
                </Word>
                <Word id="w_w1aab1b1b2c61b1b4c21" language="English" custom="readingOrder {index:6;}">
                    <Coords points="1197,2537 1352,2537 1352,2572 1197,2572"/>
                    <TextEquiv>
                        <Unicode>célèbre</Unicode>
                    </TextEquiv>
                    <TextStyle fontFamily="Times New Roman" fontSize="10.0"/>
                </Word>
                <Word id="w_w1aab1b1b2c61b1b4c37" language="English" custom="readingOrder {index:7;}">
                    <Coords points="1384,2537 1650,2537 1650,2581 1384,2581"/>
                    <TextEquiv>
                        <Unicode>prédicateur,</Unicode>
                    </TextEquiv>
                    <TextStyle fontFamily="Times New Roman" fontSize="10.0"/>
                </Word>
                <Word id="w_w1aab1b1b2c61b1b4c63" language="English" custom="readingOrder {index:8;}">
                    <Coords points="1682,2536 1729,2536 1729,2570 1682,2570"/>
                    <TextEquiv>
                        <Unicode>né</Unicode>
                    </TextEquiv>
                    <TextStyle fontFamily="Times New Roman" fontSize="10.0"/>
                </Word>
                <Word id="w_w1aab1b1b2c61b1b4c69" language="English" custom="readingOrder {index:9;}">
                    <Coords points="1761,2536 1782,2536 1782,2570 1761,2570"/>
                    <TextEquiv>
                        <Unicode>à</Unicode>
                    </TextEquiv>
                    <TextStyle fontFamily="Times New Roman" fontSize="10.0"/>
                </Word>
                <TextEquiv>
                    <Unicode>134 Ravignan (le Père de), jésuite, célèbre prédicateur, né à</Unicode>
                </TextEquiv>
            </TextLine>
            <TextEquiv>
                <Unicode>134 Ravignan (le Père de), jésuite, célèbre prédicateur, né à</Unicode>
            </TextEquiv>
        </TextRegion>
        <TextRegion type="paragraph" id="r_1_32" custom="readingOrder {index:32;}">
            <Coords points="413,2580 1779,2580 1779,2628 413,2628"/>
            <TextLine id="tl_56" primaryLanguage="English" custom="readingOrder {index:0;}">
                <Coords points="414,2581 1778,2581 1778,2627 414,2627"/>
                <Baseline points="414,2616 1778,2616"/>
                <Word id="w_w1aab1b1b2c63b1ab1" language="English" custom="readingOrder {index:0;}">
                    <Coords points="414,2583 614,2583 614,2627 414,2627"/>
                    <TextEquiv>
                        <Unicode>Bayonne.</Unicode>
                    </TextEquiv>
                    <TextStyle fontFamily="Times New Roman" fontSize="10.0"/>
                </Word>
                <Word id="w_w1aab1b1b2c63b1ac19" language="English" custom="readingOrder {index:1;}">
                    <Coords points="635,2602 677,2602 677,2607 635,2607"/>
                    <TextEquiv>
                        <Unicode>—</Unicode>
                    </TextEquiv>
                    <TextStyle fontFamily="Times New Roman" fontSize="10.0"/>
                </Word>
                <Word id="w_w1aab1b1b2c63b1ac23" language="English" custom="readingOrder {index:2;}">
                    <Coords points="697,2581 773,2581 773,2616 697,2616"/>
                    <TextEquiv>
                        <Unicode>Bil.</Unicode>
                    </TextEquiv>
                    <TextStyle fontFamily="Times New Roman" fontSize="10.0"/>
                </Word>
                <Word id="w_w1aab1b1b2c63b1ac33" language="English" custom="readingOrder {index:3;}">
                    <Coords points="794,2592 827,2592 827,2616 794,2616"/>
                    <TextEquiv>
                        <Unicode>a.</Unicode>
                    </TextEquiv>
                    <TextStyle fontFamily="Times New Roman" fontSize="10.0"/>
                </Word>
                <Word id="w_w1aab1b1b2c63b1ac39" language="English" custom="readingOrder {index:4;}">
                    <Coords points="848,2592 893,2592 893,2622 848,2622"/>
                    <TextEquiv>
                        <Unicode>s.,</Unicode>
                    </TextEquiv>
                    <TextStyle fontFamily="Times New Roman" fontSize="10.0"/>
                </Word>
                <Word id="w_w1aab1b1b2c63b1ac47" language="English" custom="readingOrder {index:5;}">
                    <Coords points="917,2583 929,2583 929,2615 917,2615"/>
                    <TextEquiv>
                        <Unicode>1</Unicode>
                    </TextEquiv>
                    <TextStyle fontFamily="Times New Roman" fontSize="10.0"/>
                </Word>
                <Word id="w_w1aab1b1b2c63b1ac51" language="English" custom="readingOrder {index:6;}">
                    <Coords points="952,2591 988,2591 988,2625 952,2625"/>
                    <TextEquiv>
                        <Unicode>p.</Unicode>
                    </TextEquiv>
                    <TextStyle fontFamily="Times New Roman" fontSize="10.0"/>
                </Word>
                <Word id="w_w1aab1b1b2c63b1ac57" language="English" custom="readingOrder {index:7;}">
                    <Coords points="1010,2581 1124,2581 1124,2616 1010,2616"/>
                    <TextEquiv>
                        <Unicode>in-18.</Unicode>
                    </TextEquiv>
                    <TextStyle fontFamily="Times New Roman" fontSize="10.0"/>
                </Word>
                <Word id="w_w1aab1b1b2c63b1ac71" language="English" custom="readingOrder {index:8;}">
                    <Coords points="1694,2582 1714,2582 1714,2614 1694,2614"/>
                    <TextEquiv>
                        <Unicode>2</Unicode>
                    </TextEquiv>
                    <TextStyle fontFamily="Times New Roman" fontSize="10.0"/>
                </Word>
                <Word id="w_w1aab1b1b2c63b1ac75" language="English" custom="readingOrder {index:9;}">
                    <Coords points="1762,2592 1778,2592 1778,2611 1762,2611"/>
                    <TextEquiv>
                        <Unicode>»</Unicode>
                    </TextEquiv>
                    <TextStyle fontFamily="Times New Roman" fontSize="10.0"/>
                </Word>
                <TextEquiv>
                    <Unicode>Bayonne. — Bil. a. s., 1 p. in-18. 2 »</Unicode>
                </TextEquiv>
                <TextStyle fontFamily="Times New Roman" fontSize="10.0"/>
            </TextLine>
            <TextEquiv>
                <Unicode>Bayonne. — Bil. a. s., 1 p. in-18. 2 »</Unicode>
            </TextEquiv>
        </TextRegion>
    </Page>
</PcGts>
