1850 2885
899 170 941 175 -
971 148 993 186 9
1027 169 1065 176 -

307 244 408 282 Voilà
426 246 520 284 donc
535 248 629 286 deux
647 249 776 297 dupes,
790 246 1134 296 indépendamment
1150 248 1194 285 de
1207 248 1255 287 M.
1278 248 1427 287 Chasles
1447 262 1454 287 :
1477 261 1525 287 un
1543 251 1707 299 employé

256 294 300 332 de
328 295 527 341 ministère,
551 310 622 348 que
653 299 722 336 l'on
748 309 792 334 ne
815 308 960 335 nomme
987 308 1062 346 pas,
1087 303 1122 336 et
1140 298 1172 335 le
1192 298 1352 347 marquis
1373 299 1520 345 Duprat.
1547 300 1592 336 Le
1613 311 1706 337 mar¬

256 345 340 393 quis
361 346 459 383 avait
479 348 537 384 été
556 347 632 398 pris
654 359 717 397 par
733 358 797 384 son
819 346 941 388 faible,
964 359 1012 384 un
1036 359 1102 396 peu
1126 359 1264 386 comme
1288 347 1333 386 M.
1358 348 1524 392 Chasles;
1561 349 1650 387 mais
1683 349 1706 387 il

257 395 345 431 était
374 396 456 443 plus
485 397 692 437 excusable,
725 396 862 434 n’étant
893 407 958 446 pas
995 402 1159 436 amateur
1191 396 1473 448 d’autographes
1501 405 1535 437 et
1556 410 1601 437 ne
1619 411 1710 437 con¬

258 444 422 482 naissant
442 445 519 483 rien
539 448 559 484 à
581 459 641 486 ces
659 446 855 485 choses-là.

306 493 434 539 Quand
463 508 553 534 nous
585 509 698 535 avons
717 508 757 534 su
789 507 859 545 que
896 496 1009 533 Lucas
1031 496 1128 534 avait
1153 497 1210 534 été
1232 497 1398 546 employé
1421 497 1506 536 chez
1540 498 1709 536 Letellier

256 548 290 581 et
316 543 403 593 qu’il
425 546 523 583 avait
545 547 721 595 fabriqué,
741 557 763 595 y
783 546 895 588 étant,
920 545 1013 583 deux
1036 545 1160 583 lettres
1176 545 1220 582 de
1238 546 1461 596 Montaigne,
1485 559 1533 584 un
1552 559 1709 596 soupçon

259 604 349 631 nous
368 606 389 631 a
409 597 570 634 traversé
592 596 731 646 l’esprit
748 608 754 633 :
780 607 824 632 ne
846 596 1022 633 serait-ce
1043 607 1104 645 pas
1126 595 1175 633 lui
1197 596 1257 644 qui
1284 597 1404 634 aurait
1425 597 1521 635 aussi
1545 600 1710 647 perpétré

259 643 309 680 les
346 644 426 681 faux
466 645 711 696 autographes
741 645 849 683 sortis
885 644 929 683 de
960 651 1054 683 celte
1078 645 1222 683 oflicine
1252 652 1285 683 et
1310 646 1399 684 dont
1419 646 1648 696 l’apparition
1671 647 1711 685 fit

257 698 335 730 tant
356 692 401 731 de
421 693 544 733 bruit?
579 696 625 734 Le
661 695 963 755 rapprochement
982 695 1045 732 des
1061 695 1163 733 dates
1183 706 1229 733 ne
1252 696 1459 745 permettait
1482 708 1543 746 pas
1560 696 1603 734 de
1627 696 1712 735 s’ar¬

257 742 353 780 rêter
376 746 396 780 à
426 750 521 782 celle
553 745 633 784 idée
664 758 670 783 :
704 743 738 783 la
770 751 880 782 vente»
909 744 974 782 des
1006 744 1248 794 autographes
1287 745 1457 784 Letellier
1493 752 1658 785 remonte
1691 749 1711 785 à

263 791 368 836 1846,
395 799 429 831 et
452 794 563 833 Lucas
586 797 679 833 n’est
699 807 791 833 venu
814 797 835 833 à
857 794 959 832 Paris
980 795 1086 843 qu’en
1108 794 1217 832 1852.

307 843 410 881 Celle
428 845 616 883 collection
648 845 833 891 Letellier,
867 856 959 882 nous
977 856 999 894 y
1019 856 1131 882 avons
1161 856 1223 882 cru
1247 845 1464 895 longtemps.
1497 846 1596 884 Nous
1628 857 1711 895 par¬

260 892 402 940 tagions
438 893 471 931 la
506 896 713 933 conviction
745 895 809 932 des
841 900 988 943 experts
1022 894 1074 932 les
1103 894 1183 944 plus
1208 894 1352 933 habiles
1378 901 1413 933 et
1448 895 1492 933 de
1526 897 1558 933 la
1592 895 1712 934 bonne

258 941 304 979 foi
342 942 375 979 la
412 943 491 991 plus
529 946 722 993 éprouvée,
758 946 922 994 appuyée
951 955 1012 981 sur
1046 944 1097 982 les
1128 943 1367 982 affirmations
1400 944 1484 982 d’un
1517 945 1712 985 archiviste

258 991 501 1042 paléographe
533 994 620 1032 dont
654 994 687 1031 la
714 994 856 1032 science
887 999 923 1032 et
957 992 1179 1032 l’honnêteté
1220 994 1359 1032 étaient
1394 995 1712 1034 universellement

257 1051 471 1080 reconnues.
498 1043 597 1081 Nous
628 1055 738 1082 avons
763 1044 879 1081 même
899 1055 1027 1090 rompu
1047 1055 1090 1081 en
1119 1043 1241 1081 faveur
1261 1044 1304 1082 de
1329 1055 1387 1082 ces
1416 1045 1535 1093 pièces
1558 1046 1714 1084 maintes

259 1090 381 1129 lances
400 1091 491 1130 dans
518 1093 733 1131 VAmateur
751 1093 1058 1141 d’autographes.
1083 1092 1133 1130 Eh
1159 1092 1255 1139 bien,
1280 1100 1383 1132 notre
1404 1094 1449 1132 foi
1474 1094 1561 1133 s’est
1585 1094 1716 1133 ébran¬

259 1141 322 1178 lée.
355 1142 510 1180 L’année
524 1142 707 1191 dernière,
729 1155 819 1181 nous
839 1155 951 1181 avons
967 1142 1110 1189 assisté,
1128 1145 1148 1181 à
1166 1143 1338 1188 Londres,
1360 1156 1429 1182 aux
1446 1145 1538 1183 deux
1556 1144 1712 1194 grandes

259 1195 386 1230 ventes
412 1191 541 1241 Young
573 1200 608 1231 et
645 1194 778 1231 Dillon.
813 1192 911 1230 Nous
933 1205 955 1242 y
975 1204 1086 1230 avons
1114 1194 1241 1231 trouvé
1260 1206 1306 1231 un
1327 1195 1464 1232 certain
1494 1193 1644 1232 nombre
1670 1195 1714 1234 de

260 1240 397 1285 lettres,
426 1241 470 1279 de
490 1244 611 1280 Diane
643 1244 685 1279 de
711 1243 884 1290 Poitiers,
920 1244 965 1280 de
997 1244 1122 1279 Marie
1157 1243 1309 1291 Stuart,
1336 1245 1517 1288 François
1539 1244 1592 1284 II.
1624 1250 1710 1289 etc.,

259 1290 319 1340 qui
359 1291 498 1330 étaient
537 1292 783 1331 évidemment
816 1293 965 1331 fausses.
1006 1292 1103 1330 C’est
1133 1304 1176 1330 en
1212 1293 1261 1331 les
1290 1299 1500 1342 comparant
1524 1305 1593 1343 que
1624 1305 1714 1333 nous

259 1351 373 1379 avons
400 1353 443 1391 pu
477 1354 568 1380 nous
587 1354 633 1381 en
653 1342 871 1381 convaincre
893 1357 900 1378 :
929 1342 1017 1380 elles
1037 1349 1100 1380 ont
1121 1354 1167 1380 un
1188 1349 1312 1392 aspect
1334 1344 1512 1381 uniforme
1533 1349 1568 1381 et
1587 1356 1634 1381 un
1658 1344 1714 1382 air

258 1390 302 1428 de
324 1393 473 1441 parenté
495 1394 557 1441 qui
579 1405 625 1430 ne
645 1397 865 1442 permettent
887 1404 951 1442 pas
967 1391 1011 1430 de
1038 1392 1090 1441 s’y
1114 1391 1341 1443 méprendre.
1383 1395 1477 1431 Sans
1509 1392 1618 1431 doute
1655 1405 1714 1432 ces

259 1440 341 1479 faux
368 1447 452 1479 sont
488 1441 675 1492 beaucoup
710 1442 828 1481 mieux
855 1443 939 1480 faits
965 1454 1035 1491 que
1057 1454 1145 1479 ceux
1177 1442 1222 1480 de
1258 1442 1371 1480 Lucas
1403 1455 1410 1480 :
1448 1443 1628 1481 l’écriture
1661 1451 1715 1482 est

260 1491 515 1539 parfaitement
537 1493 674 1534 imitée,
699 1493 803 1542 peine
821 1503 891 1541 que
907 1503 953 1530 ne
973 1491 1059 1530 s’est
1082 1503 1145 1540 pas
1173 1491 1315 1530 donnée
1341 1493 1476 1538 Lucas;
1502 1493 1550 1531 les
1571 1494 1714 1543 papiers

258 1546 342 1578 sont
357 1552 456 1578 assez
473 1540 554 1579 bien
572 1542 785 1591 appiopriés
802 1544 823 1580 à
843 1542 1021 1592 l'époque.
1047 1542 1136 1579 Mais
1157 1542 1192 1578 ni
1211 1541 1333 1580 cachet
1357 1542 1392 1580 ni
1410 1548 1518 1586 cotte,
1537 1544 1573 1580 ni
1596 1555 1712 1581 aucun

258 1589 303 1627 de
324 1602 382 1628 ces
401 1594 604 1629 caractères
633 1592 694 1641 qui
726 1591 956 1641 distinguent
983 1594 1003 1630 à
1027 1591 1204 1641 première
1223 1603 1292 1629 vue
1312 1604 1359 1630 un
1374 1592 1531 1641 original
1570 1592 1717 1642 Ajoutez

258 1641 278 1677 à
297 1640 376 1678 cela
408 1652 480 1678 une
503 1653 612 1679 encre
634 1641 714 1692 pâle
741 1648 776 1680 et
796 1639 995 1686 roussâtre,
1029 1642 1191 1690 toujours
1226 1642 1259 1679 la
1281 1641 1397 1680 même
1422 1654 1511 1690 pour
1538 1642 1587 1680 les
1611 1642 1717 1681 diffé¬

258 1697 382 1729 rentes
411 1690 535 1729 lettres
568 1692 614 1729 du
648 1691 765 1730 même
797 1690 913 1730 fonds.
948 1691 997 1729 Ce
1029 1690 1123 1729 n’est
1144 1702 1206 1739 pas
1228 1693 1248 1728 à
1271 1691 1350 1729 dire
1373 1703 1445 1741 que
1474 1698 1551 1729 tout
1576 1703 1615 1730 ce
1653 1693 1715 1741 qui

260 1739 360 1778 vient
385 1740 429 1778 de
449 1752 489 1778 ce
512 1741 614 1779 fonds
638 1747 693 1779 est
727 1741 808 1779 faux
839 1754 846 1779 :
880 1741 902 1778 il
939 1754 958 1778 a
979 1741 1027 1778 dû
1044 1752 1088 1778 en
1106 1741 1215 1778 sortir
1238 1741 1302 1779 des
1320 1741 1438 1791 pièces
1463 1741 1717 1791 parfaitement

259 1789 519 1840 authentiques
536 1803 544 1838 ;
570 1791 785 1834 seulement,
813 1791 836 1828 il
854 1791 929 1828 faut
947 1791 996 1829 les
1016 1790 1233 1839 distinguer,
1253 1797 1289 1828 et
1311 1791 1389 1829 cela
1409 1803 1454 1829 ne
1483 1792 1645 1841 pourrait
1678 1803 1717 1830 se

262 1838 351 1878 faire
368 1840 477 1890 qu’en
499 1852 543 1879 en
557 1842 768 1879 réunissant
782 1853 828 1879 un
847 1840 961 1890 grand
983 1840 1144 1886 nombre,
1165 1841 1311 1889 éparses
1330 1841 1422 1879 dans
1441 1841 1491 1879 les
1509 1841 1718 1880 collections

262 1890 530 1938 particulières,
551 1896 586 1929 et
608 1903 650 1929 en
673 1891 723 1929 les
738 1891 950 1929 examinant
968 1890 1014 1928 de
1034 1892 1127 1940 près.

259 2005 394 2042 phrases,
413 2004 485 2034 ainsi
504 2013 559 2042 que
581 2005 611 2043 je
639 2005 685 2035 l'ai
717 2005 872 2036 découvert
890 2005 993 2041 depuis
1012 2027 1019 2038 ,
1040 2004 1112 2033 dans
1138 2004 1189 2034 des
1208 2005 1325 2034 auteurs
1340 2005 1376 2034 du
1406 2007 1513 2042 temps,
1543 2007 1720 2036 notamment

259 2037 424 2074 l'Histoire
439 2043 475 2073 de
493 2047 608 2082 quatre
631 2045 703 2074 llois
720 2052 772 2082 par
791 2045 825 2075 de
844 2044 948 2074 Serres
977 2042 1084 2082 (1595).
1106 2043 1157 2073 Cet
1175 2046 1310 2080 emprunt
1329 2043 1363 2073 de
1387 2044 1460 2081 style
1490 2044 1719 2082 contemporain,

255 2091 290 2113 en
313 2083 365 2113 des
377 2083 476 2113 lettres
486 2086 637 2120 purement
653 2083 688 2113 de
704 2084 774 2113 récit
781 2087 808 2113 et
821 2083 856 2113 de
867 2084 943 2120 faits,
954 2086 981 2113 et
991 2082 1038 2119 qui
1053 2090 1088 2112 ne
1100 2082 1306 2118 comportaient
1320 2083 1407 2120 guère
1448 2081 1646 2120 ledéploiementd’un

255 2123 330 2159 style
337 2122 583 2159 caractéristique,
592 2122 705 2152 donnait
714 2130 770 2152 aux
780 2122 855 2153 deux
867 2123 961 2160 pièces
972 2129 1026 2152 une
1038 2121 1265 2151 vraisemblance
1278 2128 1334 2159 que
1342 2123 1366 2151 la
1376 2123 1591 2159 connaissance,
1604 2123 1720 2160 acquise

257 2169 311 2199 par
330 2161 399 2198 moi,
421 2161 484 2199 plus
500 2162 575 2198 tard,
593 2162 645 2192 des
662 2164 755 2192 textes
767 2162 802 2192 de
815 2163 918 2192 Serres
933 2161 1049 2199 pouvait
1062 2160 1142 2191 seule
1156 2160 1226 2190 faire
1243 2159 1392 2191 évanouir.
1416 2161 1448 2191 Je
1466 2160 1665 2199 m'empressai
1680 2161 1715 2192 de

257 2201 368 2230 donner
397 2201 605 2231 connaissance
629 2201 664 2231 de
688 2207 734 2230 ma
760 2201 933 2232 découverte
952 2202 968 2230 a
984 2201 1021 2230 M.
1052 2199 1077 2229 le
1104 2199 1223 2229 docteur
1248 2199 1355 2237 Payen,
1374 2201 1389 2229 à
1413 2201 1448 2229 M.
1469 2200 1579 2237 Duprat
1596 2204 1623 2231 et
1651 2201 1665 2230 à
1683 2209 1720 2231 un

254 2239 340 2277 jeune
360 2239 526 2276 professeur
541 2240 578 2270 du
597 2239 705 2276 collège
724 2239 758 2269 de
780 2241 900 2276 France,
919 2241 966 2277 qni
988 2247 1020 2269 se
1039 2238 1199 2277 proposait,
1225 2240 1312 2277 après
1330 2239 1411 2269 avoir
1432 2239 1481 2269 fait
1503 2247 1539 2269 un
1557 2247 1643 2270 cours
1670 2248 1721 2271 sur

257 2278 431 2316 Montaigne,
452 2279 487 2309 de
506 2279 619 2317 publier
637 2286 675 2308 un
695 2278 766 2309 livre
781 2288 833 2311 sur
848 2287 880 2310 ce
896 2279 988 2317 grand
1016 2278 1151 2308 écrivain.
1170 2277 1241 2307 Mais
1257 2278 1282 2308 le
1303 2278 1381 2316 siège
1405 2278 1440 2309 de
1466 2279 1504 2309 M.
1523 2279 1633 2317 Duprat
1653 2279 1722 2310 était

257 2317 317 2353 fait,
337 2320 365 2347 et
379 2317 396 2346 il
415 2319 509 2348 venait
529 2319 563 2348 de
582 2318 693 2356 publier
709 2318 757 2348 ses
773 2318 899 2349 Glanes.

295 2357 338 2387 En
357 2355 486 2393 résumé,
503 2357 521 2388 il
538 2357 612 2387 n'est
629 2357 703 2387 donc
719 2365 772 2395 pas
784 2359 868 2387 exact
885 2358 920 2388 de
939 2357 1000 2388 dire
1026 2364 1082 2395 que
1103 2357 1140 2386 M.
1162 2356 1255 2386 Lucas
1282 2356 1321 2386 ait
1333 2356 1395 2393 fait,
1412 2364 1445 2386 en
1463 2358 1536 2386 cette
1554 2359 1720 2394 rencontre,

257 2395 294 2426 du
313 2394 508 2433 Montaigne,
525 2404 637 2426 comme
650 2396 726 2434 jadis
741 2404 776 2426 on
797 2395 891 2427 faisait
905 2395 949 2426 du
968 2395 1250 2426 Saint-Evremont
1269 2408 1274 2424 :
1295 2394 1313 2424 il
1327 2404 1343 2425 a
1357 2396 1516 2425 seulement
1535 2395 1591 2426 mis
1609 2396 1635 2426 le
1653 2403 1720 2426 nom

257 2435 292 2465 de
307 2434 470 2471 Montaigne
488 2436 503 2465 à
522 2443 578 2465 une
603 2435 787 2473 compilation
812 2436 934 2472 adroite,
963 2436 1029 2466 faite
1056 2434 1173 2472 d’après
1187 2434 1239 2464 des
1268 2435 1504 2473 contemporains
1529 2435 1565 2465 de
1591 2435 1722 2466 l'illustra

259 2472 480 2511 Périgourdain.

298 2513 420 2552 Agréez,
434 2514 592 2551 monsieur,
609 2513 798 2551 l'expression
815 2514 850 2544 de
869 2520 915 2543 ma
931 2512 1142 2543 considération
1160 2512 1185 2542 la
1206 2512 1270 2549 plus
1292 2511 1466 2550 distinguée.

1196 2551 1342 2581 Feuillet
1361 2560 1397 2581 de
1418 2553 1564 2584 Conches.

299 2592 392 2628 Paris,
407 2592 433 2623 le
451 2592 491 2622 24
507 2592 613 2622 février
634 2590 719 2621 1870.
