1884 2836
931 207 972 213 -
1003 186 1050 222 40

352 284 545 330 Quelques
571 286 798 322 réflexions.
818 306 860 311 —
879 284 957 335 Unechosequi
1175 285 1292 322 aurait
1303 284 1349 322 dû
1364 285 1507 335 frapper
1524 284 1569 322 M.
1590 282 1753 326 Chasles,

300 334 389 371 c’est
421 346 505 383 que,
539 334 583 372 de
617 340 734 372 toutes
765 345 822 372 ces
856 334 981 372 lettres
1014 334 1059 372 de
1093 335 1208 373 Lucas
1239 346 1303 385 pas
1329 346 1399 373 une
1438 346 1483 372 ne
1519 334 1653 383 portait
1686 344 1757 370 une

299 383 446 421 adresse
478 396 520 421 ou
547 396 594 421 un
618 384 758 427 cachet,
796 385 831 421 ni
856 383 901 421 de
932 384 1089 422 feuillets
1127 384 1263 423 blancs.
1296 384 1428 431 Quand
1464 396 1510 422 on
1550 383 1598 421 lui
1635 382 1757 420 faisait

300 438 394 471 cette
421 433 614 483 objection,
653 433 675 470 il
710 433 900 484 répondait
933 446 1003 483 que
1039 434 1223 484 beaucoup
1254 434 1473 472 d’amateurs
1500 434 1636 471 étaient
1667 432 1757 470 dans

302 482 440 533 l’usage
459 482 642 522 d’enlever
657 483 708 521 les
730 483 885 521 feuillets
899 482 942 521 de
960 484 1201 533 suscriptions
1219 496 1306 534 pour
1320 484 1458 533 alléger
1473 484 1568 522 leurs
1583 481 1754 530 dossiers,

300 543 340 570 ce
362 534 422 582 qui
445 534 541 571 avait
562 533 612 570 dû
633 533 772 570 arriver
804 545 892 582 pour
919 539 1013 571 celte
1043 534 1249 572 collection.
1289 533 1381 576 Non,
1418 535 1468 572 les
1496 538 1679 571 amateurs
1712 543 1756 569 ne

302 582 460 620 lacèrent
484 595 545 631 pas
569 583 664 620 leurs
683 582 940 632 autographes,
962 583 1021 632 qui
1052 590 1286 633 empruntent
1316 595 1387 621 une
1409 582 1549 632 grande
1573 581 1689 632 partie
1711 581 1755 618 de

303 632 379 669 leur
400 633 521 670 valeur
540 635 561 670 à
597 634 674 670 leur
698 633 879 681 intégrité.
904 632 1000 670 C’est
1033 639 1112 671 tout
1133 645 1178 671 au
1201 634 1282 683 plus
1311 633 1340 670 si
1362 635 1537 683 quelques
1559 643 1649 680 gens
1668 641 1753 668 sans

300 683 388 730 goût
419 694 458 720 se
484 688 566 720 sont
602 682 711 720 livrés
733 685 753 719 à
782 693 822 720 ce
847 681 1084 724 vandalisme,
1108 691 1144 721 et
1174 694 1304 721 encore
1337 695 1399 721 sur
1432 683 1495 721 des
1532 682 1650 731 pièces
1672 692 1756 718 sans

301 732 437 770 valeur.
464 732 555 769 D’un
577 738 680 769 autre
701 732 792 773 côté,
816 732 839 768 il
860 738 915 769 est
935 731 1019 769 bien
1044 733 1117 770 vrai
1140 733 1226 782 qu’il
1247 744 1285 771 se
1305 739 1496 771 rencontre
1521 736 1675 770 souvent
1694 730 1757 769 des

302 781 427 819 lettres
446 793 532 820 sans
555 782 700 820 adresse
721 782 756 820 ni
778 781 905 819 cachet
924 788 960 819 et
979 782 1039 831 qui
1063 783 1146 819 n>n
1169 789 1247 820 sont
1275 794 1337 832 pas
1359 784 1478 820 moins
1502 782 1756 831 parfaitement

300 830 560 881 authentiques
580 844 586 869 :
610 831 698 870 c’est
717 831 869 881 qu’elles
886 837 947 869 ont
966 833 1024 869 été
1055 844 1139 870 sous
1161 832 1361 882 enveloppe
1381 845 1389 879 ;
1415 832 1507 870 mais
1529 843 1574 868 on
1607 842 1652 868 ne
1672 836 1756 879 peut

303 892 365 930 pas
388 881 567 919 admettre
589 889 660 930 que
677 887 794 918 toutes
818 881 868 919 les
889 881 1009 929 pièces
1030 881 1138 920 d’une
1159 882 1347 919 collection
1369 883 1488 919 soient
1510 881 1601 918 dans
1619 892 1659 918 ce
1679 891 1751 918 cas.

302 931 350 969 M.
386 931 533 969 Chasles
568 942 612 969 ne
644 931 790 982 pouvait
824 943 884 980 pas
920 931 1105 980 l’ignorer,
1145 932 1191 969 lui
1224 931 1284 982 qui
1319 932 1501 981 possédait
1536 931 1606 969 une
1639 931 1756 968 bonne

300 980 507 1029 collection,
538 981 774 1019 c’est-à-dire
792 982 982 1031 composée
1000 981 1045 1019 de
1065 982 1184 1030 pièces
1214 981 1503 1031 authentiques:
1534 979 1607 1019 elle.devait

304 1030 351 1067 lui
369 1030 446 1068 dire
464 1037 568 1069 autre
589 1030 696 1068 chose
717 1042 788 1080 que
807 1031 856 1068 les
879 1030 1061 1080 pastiches
1080 1031 1124 1069 de
1142 1032 1270 1070 Lucas.

350 1079 558 1130 Quelqu’un
584 1092 675 1118 nous
705 1080 816 1118 disait
848 1079 1121 1119 dernièrement
1159 1093 1229 1131 que
1258 1082 1286 1119 si
1328 1082 1398 1119 l'on
1429 1085 1571 1119 mettait
1600 1079 1756 1129 quelque

296 1130 380 1179 jour
400 1141 444 1167 en
463 1136 569 1168 vente
591 1130 624 1167 la
644 1130 832 1168 collection
855 1129 898 1168 de
921 1130 966 1168 VI.
988 1130 1138 1169 Chasles
1164 1132 1214 1179 (la
1237 1130 1360 1181 vraie),
1384 1132 1453 1169 elle
1477 1130 1587 1168 serait
1610 1130 1755 1179 frappée

300 1178 409 1217 d’une
436 1180 572 1229 grande
597 1179 779 1218 défaveur.
815 1180 863 1218 Ce
898 1180 1011 1218 serait
1049 1182 1069 1217 à
1101 1187 1187 1223 tort,
1225 1191 1286 1218 car
1321 1182 1365 1219 M.
1408 1180 1572 1223 Chasles,
1612 1178 1756 1229 jusqu’à

303 1229 469 1267 l’arrivée
490 1230 533 1268 de
552 1241 593 1268 ce
614 1229 777 1268 mauvais
804 1229 911 1278 génie
932 1229 976 1267 de
1001 1230 1129 1276 Lucas,
1154 1230 1252 1268 avait
1277 1242 1316 1268 su
1341 1231 1476 1268 choisir
1515 1241 1560 1269 en
1588 1229 1757 1267 connais¬

300 1290 396 1323 seur,
420 1285 456 1317 et
472 1280 541 1317 l’on
557 1279 634 1318 doit
648 1280 749 1317 avoir
769 1279 889 1329 pleine
902 1279 1088 1318 confiance
1106 1280 1195 1318 dans
1213 1292 1270 1318 ses
1284 1281 1484 1318 anciennes
1497 1279 1752 1329 acquisitions

301 1328 355 1365 Du
379 1335 486 1374 reste,
511 1329 562 1367 les
587 1335 770 1367 amateurs
789 1329 933 1367 sérieux
965 1341 1011 1367 ne
1032 1329 1087 1379 s’y
1109 1336 1292 1379 trompent
1312 1342 1375 1380 pas
1399 1343 1406 1368 :
1441 1342 1479 1367 ce
1504 1342 1548 1367 ne
1577 1335 1660 1369 sont
1692 1340 1755 1378 pas

301 1389 370 1416 eux
390 1379 449 1427 qui
473 1379 671 1429 prendront
695 1379 727 1416 la
748 1379 915 1429 panique.
941 1378 989 1417 Ils
1005 1386 1087 1417 sont
1107 1381 1135 1418 si
1157 1391 1222 1429 peu
1246 1380 1415 1425 alarmés,
1439 1380 1468 1418 si
1491 1391 1558 1429 peu
1579 1379 1756 1428 dégoûtés

303 1439 365 1476 par
383 1434 479 1468 celte
496 1428 634 1474 affaire,
659 1440 728 1478 que
753 1440 816 1478 pas
841 1440 890 1466 un
908 1440 953 1467 ne
972 1440 1086 1478 songe
1104 1432 1125 1466 à
1142 1441 1180 1468 se
1200 1429 1336 1467 défaire
1355 1430 1401 1468 de
1418 1442 1457 1468 sa
1474 1429 1663 1468 collection
1715 1440 1755 1465 ce

300 1478 360 1527 qui
382 1477 445 1517 fait
465 1491 535 1528 que
558 1480 607 1517 les
630 1478 743 1516 beaux
763 1484 798 1516 et
820 1478 908 1516 bons
933 1479 1177 1528 autographes
1196 1479 1417 1518 deviennent
1436 1479 1480 1518 de
1508 1480 1588 1529 plus
1610 1489 1652 1517 en
1675 1478 1755 1528 plus

301 1539 414 1567 rares.

628 1670 969 1711 COLLECTION
1002 1670 1216 1712 JOSEPH
1255 1672 1449 1713 AJAZZI-

349 1759 398 1797 La
418 1765 525 1798 vente
550 1759 594 1797 de
616 1766 711 1798 cette
741 1760 928 1798 collection
961 1760 1256 1809 d’autographes,
1297 1772 1363 1811 peu
1397 1760 1624 1803 nombreuse,
1665 1759 1756 1798 mais

297 1808 451 1857 choisie,
475 1821 564 1848 aura
584 1809 654 1847 lieu
679 1809 710 1847 le
729 1809 775 1847 29
793 1821 888 1847 mars
916 1817 1080 1853 courant,
1107 1822 1191 1848 sous
1213 1816 1315 1849 notre
1334 1810 1526 1858 direction,
1562 1812 1583 1847 à
1604 1810 1637 1847 la
1665 1810 1756 1848 salle

298 1858 484 1898 Silveslre.
509 1859 711 1898 L’amateur
731 1859 791 1910 qui
813 1859 858 1898 l’a
881 1860 1015 1900 formée
1034 1861 1124 1899 était
1147 1872 1192 1899 un
1212 1866 1354 1904 savant,
1382 1867 1511 1899 auteur
1531 1859 1618 1898 d’un
1638 1860 1753 1906 grand

299 1909 448 1948 nombre
472 1910 687 1959 d’ouvrages
720 1910 940 1948 d’érudition
976 1911 1045 1949 fort
1075 1911 1222 1949 estimés
1259 1923 1303 1950 en
1339 1911 1456 1949 Italie.
1492 1914 1516 1948 A
1550 1922 1591 1949 sa
1624 1922 1756 1961 propre

295 1960 622 2010 correspondance,
643 1960 704 2009 qui
725 1960 815 1998 était
835 1961 1100 2004 très-étendue,
1121 1967 1157 1999 et
1175 1962 1264 1999 dont
1283 1974 1374 2000 nous
1393 1962 1545 1999 n’avons
1565 1961 1755 2009 catalogué

296 2009 433 2069 qu’une
454 2009 563 2048 faible
584 2009 713 2059 partie,
738 2009 760 2047 il
793 2011 889 2048 avait
917 2011 1037 2060 ajouté
1065 2010 1239 2061 quelques
1261 2011 1379 2061 pièces
1408 2012 1670 2049 intéressantes
1692 2022 1755 2060 par

297 2065 304 2096 I
322 2061 417 2097 éclat
435 2059 498 2097 des
514 2072 629 2105 noms,
655 2066 690 2097 et
711 2066 864 2098 souvent
879 2072 944 2110 par
964 2060 998 2099 le
1015 2070 1187 2099 contenu.
1208 2061 1304 2099 Tous
1319 2072 1382 2099 nos
1400 2061 1555 2099 lecteurs
1573 2066 1684 2109 ayant
1704 2060 1752 2098 dû

295 2110 457 2147 recevoir
477 2110 509 2147 le
531 2110 730 2156 catalogue,
754 2121 844 2147 nous
869 2122 959 2148 nous
989 2117 1250 2149 contenterons
1270 2111 1436 2149 d’attirer
1466 2111 1670 2149 l’attention
1691 2122 1754 2148 sur

298 2158 347 2196 les
372 2160 546 2209 quelques
562 2159 709 2197 articles
731 2160 895 2198 suivants
914 2178 920 2193 :

344 2208 396 2247 Le
416 2210 573 2257 Trissin,
596 2221 667 2247 une
690 2209 795 2247 lettre
815 2209 1009 2260 splendide
1028 2216 1063 2248 et
1083 2210 1151 2248 fort
1170 2222 1263 2256 rare,
1287 2222 1357 2248 une
1378 2210 1476 2248 seule
1498 2215 1611 2259 ayant
1623 2220 1753 2247 encore

297 2260 401 2308 passé
419 2259 510 2296 dans
531 2260 562 2297 le
582 2270 796 2304 commerce,
818 2266 854 2298 et
872 2272 917 2299 en
939 2260 1103 2298 mauvais
1121 2262 1196 2298 étal
1216 2261 1223 2307 ;
1247 2261 1278 2297 le
1297 2260 1424 2297 Maire
1443 2261 1485 2296 de
1498 2260 1640 2308 Belges,
1647 2265 1752 2297 auto¬

294 2308 432 2357 graphe
452 2309 620 2358 précieux
640 2310 648 2356 ;
671 2308 857 2347 Théodore
875 2311 916 2347 de
934 2310 1035 2350 Bèze,
1059 2322 1129 2348 une
1149 2311 1255 2348 lettre
1277 2322 1321 2348 en
1344 2310 1512 2358 français,
1532 2310 1618 2347 d’un
1634 2309 1750 2359 grand

297 2358 428 2397 intérêt
449 2371 536 2408 pour
554 2358 731 2397 l’histoire
747 2358 791 2397 de
809 2359 842 2397 la
858 2360 1023 2398 Réforme
1042 2361 1051 2406 ;
1070 2361 1128 2397 Du
1145 2361 1487 2408 Plessis-Mornay,
1512 2372 1559 2397 un
1581 2360 1753 2397 mémoire

294 2409 519 2459 autographe
532 2420 595 2447 sur
613 2409 645 2447 le
661 2409 806 2447 divorce
822 2410 867 2447 de
886 2409 997 2448 Henri
1020 2409 1081 2458 IV,
1103 2410 1286 2459 provoqué
1308 2421 1370 2459 par
1391 2409 1440 2447 lui
1460 2410 1469 2456 ;
1489 2410 1748 2454 Subtermans,

294 2459 409 2508 grand
430 2459 572 2509 peintre
591 2458 762 2502 flamand,
786 2460 890 2498 lettre
907 2459 1096 2498 rarissime
1112 2460 1120 2507 ;
1146 2460 1309 2503 Tartini,
1333 2471 1403 2497 une
1421 2459 1525 2497 lettre
1544 2472 1588 2497 au
1611 2457 1752 2496 célèbre

296 2511 380 2569 père
400 2509 547 2547 Martini
566 2511 574 2556 ;
600 2510 760 2552 Itossini,
784 2509 875 2547 deux
898 2509 1023 2548 lettres
1040 2522 1102 2548 sur
1120 2510 1153 2547 la
1171 2516 1289 2548 statue
1312 2509 1357 2548 de
1385 2510 1540 2547 Rameau
1561 2509 1570 2554 ;
1602 2509 1751 2545 Tallien

296 2547 401 2597 lettre
420 2559 488 2597 fort
505 2560 750 2598 intéressante
768 2559 936 2598 adressée
958 2561 979 2596 à
1002 2559 1124 2598 Hoche
1142 2572 1150 2606 ;
1176 2566 1244 2598 etc.
1271 2559 1398 2597 Citons
1431 2560 1530 2597 enfin
1554 2570 1624 2596 une
1657 2558 1751 2596 suite

294 2608 338 2647 de
359 2610 516 2647 Chartes
537 2609 763 2659 historiques
783 2610 1136 2658 anglo-françaises
1143 2641 1150 2654 ,
1179 2609 1224 2647 de
1244 2609 1335 2647 1375
1357 2612 1377 2647 à
1396 2609 1507 2647 1475.
