1876 2823
887 153 929 190 -
959 153 981 190 6
1010 173 1051 182 -

246 254 279 289 la
299 252 467 290 dernière
486 251 609 293 heure,
633 249 865 288 c’est-à-dire
884 250 1127 288 l’arrestation
1151 250 1196 288 de
1216 250 1343 293 Lucas,
1381 262 1468 300 pour
1490 251 1608 299 parler
1625 250 1688 288 des

246 302 365 351 pièces
385 300 623 350 stupéfiantes
659 300 748 337 dont
783 311 875 337 nous
903 310 1039 338 venons
1072 300 1117 337 de
1146 300 1285 337 donner
1320 300 1354 337 la
1375 300 1491 338 liste?
1523 300 1574 337 Eu
1607 301 1688 337 vain

244 350 409 388 dira-t-il
431 362 502 399 que
521 361 580 387 ces
596 349 715 398 pièces
726 351 827 387 étant
842 351 1051 397 étrangères
1065 350 1086 386 à
1104 360 1161 387 ses
1181 355 1346 393 travaux,
1372 350 1395 387 il
1416 349 1552 387 n’avait
1570 361 1688 387 aucun

246 399 353 438 motif
381 400 425 437 de
462 400 514 437 les
534 399 625 437 faire
661 400 851 437 connaître
883 401 905 436 à
939 398 1157 437 l’Académie
1191 404 1226 436 et
1255 411 1299 437 au
1324 398 1456 448 public,
1493 399 1516 437 il
1555 406 1691 437 restera

245 449 393 488 évident
411 460 480 498 que
500 449 579 487 rien
602 448 728 485 n’était,
742 448 822 498 plus
840 459 968 497 propre
988 459 1059 498 que
1080 454 1173 487 celle
1191 449 1494 486 communication
1512 451 1531 486 à
1546 448 1638 498 jeter
1658 449 1691 486 la

248 499 404 537 lumière
425 509 488 536 sur
510 498 518 535 I
535 497 718 536 ensemble
742 497 786 535 de
806 498 839 535 la
866 497 1075 540 collection,
1104 497 1179 546 qui,
1205 498 1369 542 dès-lors,
1399 499 1461 536 eût
1489 499 1546 536 été
1569 498 1687 548 jugée.

251 548 328 586 Une
348 548 448 586 seule
473 549 583 590 série,
619 547 709 585 celle
726 547 788 585 des
808 547 932 584 lettres
954 547 999 584 de
1016 546 1177 592 Molière,
1196 549 1259 586 eût
1275 549 1375 586 suffit
1392 559 1480 598 pour
1500 554 1576 585 tout
1605 548 1692 585 faire

247 597 459 641 découvrir,
483 597 512 634 si
532 597 579 635 M.
605 596 754 634 Chasles
773 608 817 633 en
837 597 899 634 eût
919 596 1018 644 parlé
1039 596 1119 646 plus
1139 598 1202 635 tôt.
1252 597 1306 636 On
1332 598 1404 635 sait
1429 597 1515 647 qu’il
1542 597 1693 635 n’existe

247 646 344 685 dans
365 647 416 684 les
436 646 649 684 collections
669 657 738 695 que
757 645 821 683 des
839 647 1045 694 signatures
1060 646 1107 683 du
1131 647 1243 695 grand
1271 648 1453 696 comique,
1481 652 1516 684 et
1540 657 1603 695 pas
1623 658 1694 684 une

250 696 369 738 lettre,
397 707 459 746 pas
487 695 519 733 le
539 696 620 745 plus
650 696 741 745 petit
771 695 884 733 billet.
923 694 1019 733 C’est
1048 706 1095 732 un
1119 696 1357 734 désidératum
1384 696 1568 745 poursuivi
1606 707 1694 734 avec

248 745 383 783 ardeur
416 751 452 783 et
485 747 546 794 qui
566 746 678 784 serait
697 746 788 794 payé
808 756 851 782 au
874 744 975 792 poids
993 744 1037 782 de
1061 745 1137 782 l’or.
1173 746 1219 782 M.
1246 745 1395 784 Chasles
1412 746 1554 784 déclare
1571 757 1642 795 que
1661 746 1694 783 la

252 795 428 843 première
453 794 553 843 pièce
572 806 642 843 que
664 795 710 832 lui
735 786 755 832 à
772 793 911 831 vendue
931 794 1045 832 Lucas
1061 800 1115 832 est
1133 806 1204 832 une
1223 795 1328 833 lettre
1347 796 1392 833 de
1411 796 1572 838 Molière,
1605 795 1692 844 qu’il

249 856 271 881 a
294 846 387 895 payé
407 844 479 883 500
499 844 558 890 fr.,
579 851 614 883 et
632 844 653 882 il
673 850 799 882 trouve
815 855 885 893 que
902 843 991 881 c’est
1007 856 1107 881 assez
1126 844 1222 881 cher.
1262 845 1405 890 C’était,
1429 857 1472 882 au
1499 845 1691 888 contraire,

251 905 340 942 pour
358 894 437 932 rien
452 907 460 941 ;
486 905 549 932 car
568 894 590 932 il
612 894 697 932 s’est
715 892 831 931 vendu
854 892 898 931 de
916 893 1065 943 simples
1086 894 1290 941 signatures
1311 895 1457 944 jusqu'à
1473 893 1545 932 950
1565 894 1622 934 fr..
1659 901 1694 932 et

248 954 320 981 une
339 944 444 982 lettre
463 943 628 982 vaudrait
647 955 691 981 on
713 954 758 980 ne
773 943 843 981 sait
862 943 968 992 quoi,
993 943 1178 992 peut-être
1196 942 1307 991 5,000
1325 944 1384 988 fr.,
1404 950 1488 994 peut
1506 944 1583 982 être
1598 944 1689 993 plus.

251 993 286 1030 Si
306 993 401 1031 donc
423 993 471 1030 M.
495 992 644 1032 Chasles
663 994 726 1030 eût
742 993 806 1030 fait
830 998 909 1042 part
928 992 972 1030 de
985 994 1081 1030 suite
1095 992 1138 1030 de
1158 999 1251 1031 celte
1267 994 1458 1032 trouvaille
1483 996 1503 1031 à
1530 1004 1586 1031 ses
1607 1004 1695 1030 con¬

254 1042 366 1081 frères
407 1043 457 1080 les
488 1049 671 1081 amateurs
704 1041 1003 1091 d’autographes,
1031 1044 1051 1080 à
1086 1042 1145 1090 qui
1176 1042 1198 1079 il
1230 1044 1403 1081 montrait
1439 1050 1515 1081 tant
1538 1042 1696 1081 d’autres

252 1091 397 1136 choses,
421 1092 624 1130 l’attention
645 1104 683 1130 se
705 1092 758 1130 fût
776 1093 990 1129 concentrée
1017 1103 1079 1130 sur
1096 1102 1136 1129 ce
1153 1092 1268 1142 point,
1295 1098 1331 1130 et
1362 1094 1393 1131 le
1418 1099 1476 1143 pot
1499 1104 1567 1130 aux
1594 1103 1695 1130 roses

247 1142 311 1179 eût
329 1143 387 1180 été
404 1142 596 1180 découvert
613 1142 677 1179 dès
699 1141 731 1179 le
752 1141 874 1179 début.

303 1218 486 1256 Procédés
513 1230 557 1256 de
587 1218 763 1256 Lucas.—
778 1216 837 1255 «Il
859 1228 897 1255 se
916 1217 1109 1267 procurait,
1130 1217 1183 1255 dit
1201 1218 1233 1256 le
1248 1218 1494 1267 réquisitoire,
1512 1218 1557 1257 du
1573 1219 1697 1268 papier

251 1268 296 1305 de
343 1266 559 1306 fabrication
594 1268 770 1305 ancienne
799 1272 834 1305 et
868 1268 962 1305 usait
980 1267 1024 1305 de
1042 1267 1160 1305 divers
1180 1268 1352 1316 procédés
1372 1280 1460 1317 pour
1478 1267 1528 1307 lui
1559 1270 1698 1308 donner

251 1317 480 1367 l’apparence
500 1317 589 1367 qu’il
608 1317 729 1355 devait
745 1317 856 1354 avoir.
877 1317 1010 1355 Tantôt
1028 1316 1051 1354 il
1073 1317 1104 1355 le
1124 1318 1331 1355 noircissait
1341 1320 1361 1355 à
1376 1319 1409 1355 la
1424 1319 1541 1367 lampe
1556 1330 1599 1356 ou
1621 1321 1641 1356 à
1662 1320 1696 1356 la

251 1366 458 1412 chandelle,
481 1369 600 1405 tantôt,
623 1367 645 1404 il
669 1367 701 1404 le
721 1366 840 1404 faisait
872 1365 1033 1405 chauffer
1053 1373 1088 1404 et
1118 1367 1267 1409 roussir,
1295 1370 1411 1406 tantôt
1434 1368 1456 1405 il
1474 1368 1506 1405 le
1524 1369 1695 1418 trempait

250 1416 343 1455 dans
363 1428 435 1455 une
453 1428 519 1455 eau
540 1416 615 1454 sale
635 1419 739 1465 après
761 1416 887 1454 l’avoir
917 1416 1019 1455 écrit.
1057 1419 1087 1454 A
1121 1416 1128 1453 l
1146 1416 1229 1454 aide
1259 1416 1347 1455 d’un
1386 1417 1536 1466 procédé
1566 1418 1654 1467 qu’il
1675 1431 1697 1456 a

250 1466 369 1504 refusé
406 1466 451 1504 de
482 1466 570 1504 faire
605 1466 807 1506 connaître,
847 1466 869 1503 il
908 1466 1086 1504 modifiait
1119 1466 1154 1503 la
1187 1466 1333 1504 couleur
1357 1466 1403 1505 de
1443 1467 1574 1505 l’encre
1606 1468 1692 1517 qu’il

249 1516 459 1566 employait.
483 1519 530 1554 Sa
551 1515 763 1553 fabrication
783 1514 903 1553 s’était
919 1515 1195 1565 perfectionnée,
1214 1522 1250 1554 et
1266 1516 1318 1554 les
1334 1515 1520 1555 chimistes
1543 1516 1594 1555 les
1614 1517 1696 1567 plus

252 1565 391 1604 habiles
410 1566 455 1603 de
477 1565 695 1604 l’Académie
710 1565 854 1603 avaient
872 1567 930 1603 été
950 1565 1185 1615 impuissants
1203 1568 1223 1604 à
1243 1566 1471 1604 reconnaître
1493 1567 1527 1604 la
1548 1568 1698 1615 produc¬

252 1615 328 1653 tion
361 1617 508 1654 récente
528 1616 592 1653 des
623 1615 865 1664 autographes
904 1628 921 1648 »
945 1614 979 1652 M
1018 1615 1176 1660 Bordier,
1200 1615 1244 1653 de
1264 1627 1330 1653 son
1362 1618 1453 1659 côté,
1475 1619 1579 1665 après
1596 1617 1697 1655 avoir

250 1666 382 1714 exposé
403 1677 461 1704 ces
481 1665 565 1704 faits
583 1666 674 1703 dans
697 1666 747 1703 les
769 1664 903 1703 mêmes
923 1672 1067 1706 termes,
1090 1665 1241 1715 ajoutait
1260 1678 1266 1703 :
1287 1680 1305 1702 «
1322 1665 1422 1703 Nous
1441 1677 1552 1704 avons
1570 1669 1696 1715 essayé

251 1726 291 1752 ce
316 1715 480 1763 procédé,
506 1715 596 1752 mais
612 1727 705 1752 nous
724 1726 880 1752 sommes
903 1714 1041 1763 obligés
1070 1714 1239 1753 d’avouer
1259 1727 1328 1765 que
1345 1727 1437 1753 nous
1455 1715 1606 1753 n’avons
1631 1727 1695 1765 pas

250 1765 364 1803 réussi
401 1766 500 1803 aussi
539 1764 621 1802 bien
641 1776 711 1814 que
744 1764 805 1802 lui.
824 1777 841 1798 »
866 1764 912 1802 Le
950 1767 1122 1813 prévenu,
1158 1764 1346 1814 interpellé
1368 1776 1429 1803 sur
1460 1776 1501 1803 ce
1531 1766 1693 1815 procédé,

251 1814 388 1863 répond
409 1826 496 1852 avec
511 1826 558 1852 un
578 1814 714 1852 certain
730 1814 783 1851 air
795 1814 839 1852 de
855 1813 1093 1859 satisfaction,
1113 1825 1182 1863 que
1195 1814 1388 1852 messieurs
1408 1814 1459 1852 les
1471 1822 1615 1863 experts
1633 1822 1695 1854 ont

253 1864 421 1913 apprécié
438 1876 538 1902 assez
557 1863 638 1902 bien
661 1875 701 1901 sa
734 1864 892 1902 manière
910 1864 956 1902 de
977 1864 1076 1906 faire,
1108 1865 1198 1902 mais
1218 1864 1339 1913 ajoute
1360 1864 1469 1913 qu’on
1488 1876 1532 1902 ne
1563 1866 1698 1903 réussit

255 1925 320 1963 pas
338 1914 512 1963 toujours,
535 1921 571 1952 et
587 1913 674 1963 qu’il
698 1913 772 1950 faut
790 1919 943 1951 souvent
961 1913 1014 1963 s’y
1035 1914 1231 1963 reprendre
1249 1916 1271 1951 à
1291 1914 1471 1962 plusieurs
1491 1914 1569 1952 fois.

304 1964 354 2001 M.
377 1963 528 2001 l’avocat
547 1962 711 2013 impérial
729 1975 748 2000 a
767 1965 936 2013 rapporté
954 1975 993 2001 ce
1008 1963 1072 2000 fait
1088 1963 1303 2011 significatif
1322 1975 1329 2000 :
1357 1963 1413 2000 «Il
1435 1975 1456 2000 a
1475 1965 1532 2002 été
1548 1964 1698 2013 expulsé

254 2012 298 2050 de
323 2013 355 2050 la
370 2012 620 2062 bibliothèque
642 2012 995 2051 Sainte-Geneviève
1010 2014 1100 2050 dans
1119 2014 1181 2051 des
1195 2013 1464 2051 circonstances
1481 2024 1619 2063 graves.
1643 2013 1697 2052 Un

254 2062 474 2101 surveillant
496 2062 620 2101 l’avait
636 2063 774 2111 surpris
789 2062 880 2100 dans
894 2063 943 2101 les
962 2073 1092 2112 rayons
1107 2062 1169 2101 des
1188 2062 1352 2100 archives
1368 2076 1376 2110 ;
1402 2062 1424 2099 il
1445 2064 1536 2101 était
1553 2069 1698 2122 porteur

256 2112 344 2150 d’un
382 2113 603 2151 instrument
635 2112 939 2156 très-tranchant,
973 2112 1033 2162 qui
1066 2113 1213 2161 pouvait
1244 2112 1360 2150 servir
1392 2115 1412 2150 à
1446 2100 1615 2150 détacher
1634 2112 1697 2150 des

258 2162 426 2200 feuillets.
453 2163 508 2200 On
527 2173 682 2212 suppose
700 2162 788 2210 qu’il
805 2161 989 2200 cherchait
1008 2165 1030 2201 à
1047 2161 1216 2200 détacher
1236 2162 1286 2199 les
1299 2161 1428 2210 gardes
1442 2162 1506 2200 des
1522 2161 1697 2208 volumes,

259 2223 348 2258 pour
366 2224 405 2250 se
425 2223 592 2261 procurer
610 2212 656 2250 du
678 2212 784 2250 vieux
807 2212 940 2262 papier.
965 2228 980 2246 »
1000 2212 1055 2250 On
1072 2224 1093 2250 a
1112 2213 1211 2254 saisi,
1230 2210 1425 2255 d’ailleurs,
1443 2213 1464 2249 à
1482 2212 1557 2249 l’un
1577 2211 1621 2249 de
1641 2223 1700 2250 ses

257 2261 446 2300 domiciles
465 2261 524 2299 :1°
545 2274 591 2300 un
610 2262 724 2311 grand
746 2261 895 2300 nombre
921 2262 965 2300 de
982 2262 1107 2301 lettres
1127 2262 1186 2312 qui
1209 2261 1256 2299 lui
1272 2262 1418 2299 avaient
1441 2262 1497 2299 été
1514 2261 1700 2300 adressées

260 2323 325 2362 par
346 2311 408 2350 des
435 2323 631 2361 personnes
649 2311 860 2361 auxquelles
889 2312 911 2349 il
946 2311 1067 2350 faisait
1097 2312 1160 2350 des
1186 2311 1290 2349 offres
1317 2311 1360 2349 de
1390 2311 1508 2360 pièces
1527 2311 1698 2360 généalo¬

259 2362 388 2411 giques
407 2374 414 2408 ;
439 2362 477 2399 2°
498 2362 560 2400 des
579 2361 722 2411 papiers
740 2368 963 2400 concernant
993 2361 1144 2407 Galilée,
1174 2362 1286 2405 Bann,
1316 2360 1518 2410 Copernick
1538 2373 1546 2408 ;
1570 2361 1607 2398 3°
1625 2372 1701 2402 .une

260 2411 398 2460 grande
419 2412 587 2460 quantité
607 2410 651 2449 de
671 2411 788 2460 pièces
805 2412 1083 2461 autographiées
1104 2417 1303 2459 provenant
1330 2411 1375 2448 de
1392 2410 1634 2460 visographie,
1665 2416 1701 2448 et

262 2472 310 2498 un
339 2464 476 2499 certain
507 2461 654 2499 nombre
673 2461 717 2500 de
741 2461 947 2510 signatures
965 2462 1172 2508 fac-similé
1187 2476 1200 2504 ;
1223 2461 1260 2499 4°
1282 2461 1345 2499 des
1365 2461 1508 2511 papiers
1525 2460 1673 2498 anciens
1690 2472 1698 2506 ;

263 2510 300 2548 5°
323 2510 386 2548 des
408 2511 570 2549 volumes
588 2511 632 2549 de
652 2511 781 2550 Moréri
812 2517 848 2549 et
862 2511 910 2548 du
929 2512 1100 2548 Mercure
1129 2511 1171 2548 de
1202 2512 1345 2548 France
1356 2540 1362 2552 ,
1391 2511 1480 2548 dont
1500 2509 1552 2548 les
1572 2510 1701 2559 gardes

262 2565 345 2599 sont
364 2561 566 2599 arrachées.
