1876 2823
907 150 947 187 -
978 150 999 187 8
1028 170 1070 176 -

263 258 310 285 ne
339 252 494 295 peuvent
516 249 630 284 même
655 257 716 295 pas
735 247 881 285 exister.
909 261 926 281 »
961 246 1017 284 On
1052 259 1096 285 ne
1127 253 1213 296 peut
1236 259 1299 295 pas
1332 247 1411 285 être
1440 257 1483 284 en
1516 245 1597 284 effet
1630 246 1711 294 plus

263 296 350 335 naïf,
375 303 411 333 et
434 297 505 333 ceci
528 302 666 333 montre
688 296 942 344 parfaitement
963 308 1032 346 que
1057 297 1168 334 Lucas
1186 308 1231 334 ne
1251 296 1404 334 donnait
1425 308 1489 345 pas
1510 296 1671 344 toujours
1690 297 1710 332 à

265 346 312 383 M.
333 345 482 383 Chasles
496 357 553 383 ses
575 345 745 383 ridicules
765 346 1008 395 autographes
1027 346 1072 383 du
1095 346 1316 396 moyen-âge
1334 356 1474 383 comme
1494 344 1539 382 de
1562 344 1711 393 simples

263 395 399 443 copies.

317 445 392 482 Une
409 455 598 493 remarque
617 445 836 488 essentielle,
856 451 892 482 et
906 445 964 494 qui
984 445 1043 482 n’a
1061 456 1124 495 pas
1137 446 1195 483 été
1212 446 1309 486 faite,
1326 456 1396 494 que
1418 456 1507 481 nous
1523 443 1705 489 sachions,

262 494 353 531 dans
376 494 408 531 le
428 505 534 531 cours
549 493 613 531 des
632 493 773 536 débats,
795 495 883 532 c’est
902 495 989 544 qu’il
1013 503 1066 532 est
1089 496 1226 532 certain
1257 506 1328 544 que
1348 502 1414 544 pa^une
1527 493 1628 530 seule
1647 491 1712 528 des

265 543 386 592 pièces
404 554 603 581 reconnues
625 555 715 591 pour
733 544 850 581 vraies
867 555 930 592 par
951 544 1001 581 les
1026 550 1184 593 experts,
1207 545 1267 581 n’a
1294 550 1441 593 rapport
1474 554 1543 579 aux
1567 543 1711 578 discus¬

263 592 364 630 sions
386 599 579 631 soutenues
598 592 732 631 devant
751 593 968 631 l’Académie
982 593 1044 631 des
1057 594 1231 632 sciences.
1252 594 1334 631 MM.
1353 592 1502 632 Bordier
1515 597 1552 630 et
1565 590 1713 629 MabiIle

264 649 329 680 ont
348 643 396 681 dû
414 643 642 680 reconnaître
660 654 718 681 ces
736 643 853 692 pièces
869 654 911 680 au
935 643 1088 690 premier
1106 655 1196 693 coup
1214 643 1325 685 d’œil,
1344 649 1378 680 et
1397 643 1447 680 les
1465 644 1611 690 séparer
1630 652 1713 677 sans

267 691 458 730 hésitation
480 692 525 729 de
549 692 581 729 la
600 692 791 730 collection
815 692 1045 741 fantastique.

315 759 457 795 Autres
473 768 583 795 dupes
604 769 646 795 de
670 758 794 796 Lucas.
804 758 961 795 —Cette
977 758 1145 806 question
1164 763 1218 795 est
1227 757 1408 806 peut-être
1417 757 1451 795 la
1461 757 1543 806 plus
1562 767 1682 804 grave,
1695 759 1716 793 à

265 812 371 845 notre
386 807 485 856 point
550 814 631 850 devue,
654 807 699 844 du
720 808 845 845 moins.
863 807 908 844 Le
919 807 1108 845 président
1116 813 1226 857 ayant
1237 806 1416 845 demandé
1425 810 1443 844 à
1453 807 1501 844 M.
1513 806 1556 843 B.
1570 805 1717 843 Bordier

263 857 293 895 si
317 856 349 893 le
369 858 525 904 prévenu
548 868 569 894 a
588 857 705 894 vendu
728 859 749 894 à
767 857 925 894 d’autres
945 857 1031 906 qu'à
1052 857 1095 894 M.
1122 857 1281 895 Chasles,
1312 856 1333 893 il
1354 867 1375 893 a
1396 855 1556 904 répondu
1583 867 1591 892 :
1620 870 1633 887 «
1660 854 1715 892 On

267 907 336 943 m'a
355 906 428 943 cité
450 905 543 943 deux
566 907 748 956 exemples
799 906 847 945 M.
869 907 901 944 le
919 907 1080 955 marquis
1100 907 1234 955 Duprat
1250 911 1286 943 et
1305 918 1352 944 un
1370 906 1535 955 employé
1552 905 1596 942 de
1614 905 1649 953 je
1670 916 1714 941 ne

265 955 339 993 sais
359 955 439 1004 plus
458 955 539 1004 quel
562 956 760 994 ministère.
790 971 804 989 »

317 1005 363 1041 Le
384 1004 587 1049 défenseur,
611 1011 787 1043 revenant
816 1017 877 1043 sur
902 1006 951 1043 les
971 1004 1053 1044 faits
1075 1005 1137 1055 qui
1165 1016 1203 1043 se
1222 1005 1407 1053 passaient
1431 1004 1577 1053 lorsque
1607 1005 1718 1040 Lucas

266 1054 356 1093 était
372 1065 501 1092 encore
521 1055 603 1091 chez
619 1055 667 1093 M.
693 1054 871 1099 Letellier,
894 1061 1044 1093 raconte
1065 1071 1080 1089 «
1095 1061 1289 1096 comment,
1306 1054 1437 1092 cédant
1453 1065 1521 1091 aux
1541 1052 1718 1090 sollicita¬

268 1103 364 1141 tions
387 1103 474 1141 d’un
507 1104 613 1141 vieux
646 1104 817 1154 marquis,
856 1105 1002 1142 entiché
1029 1104 1073 1142 de
1104 1104 1282 1148 noblesse,
1319 1104 1431 1142 Lucas
1464 1103 1631 1151 fabriqua
1655 1102 1720 1140 des

267 1152 392 1190 lettres
410 1153 454 1190 de
480 1153 702 1203 Montaigne,
725 1166 794 1203 que
811 1154 856 1192 M.
882 1154 1037 1192 Feuillet
1058 1154 1102 1192 de
1120 1154 1282 1191 Couches
1306 1165 1327 1190 a
1345 1154 1503 1191 insérées
1528 1152 1621 1190 dans
1653 1163 1718 1188 son

267 1202 451 1240 troisième
471 1204 613 1240 volume
632 1203 695 1240 des
714 1204 906 1240 Causeries
924 1204 1013 1240 d'un
1035 1205 1205 1247 curieux,
1230 1214 1269 1241 se
1288 1209 1499 1240 contentant
1515 1203 1561 1239 de
1581 1212 1719 1239 remar¬

266 1263 355 1299 quer
373 1263 444 1300 que
466 1252 497 1289 le
526 1252 620 1301 style
639 1252 685 1290 de
706 1253 913 1301 Montaigne
940 1253 1029 1291 était
1052 1265 1099 1290 un
1133 1265 1198 1301 peu
1234 1252 1378 1301 négligé
1411 1252 1504 1290 dans
1533 1263 1593 1289 ces
1625 1251 1716 1288 deux

266 1300 394 1339 lettres
412 1301 578 1340 inédites.
604 1315 621 1336 »
647 1301 713 1351 (1).

310 1429 352 1473 (1)
377 1428 428 1463 M.
449 1427 624 1462 Feuillet
642 1427 851 1472 répondait
870 1438 941 1472 par
960 1427 999 1461 la
1017 1427 1135 1462 lettre
1156 1428 1352 1470 suivante,
1379 1427 1532 1463 insérée
1560 1428 1656 1464 dans
1685 1429 1721 1464 la

267 1474 399 1508 Gazette
417 1473 471 1506 des
493 1473 689 1509 Tribunaux
708 1471 760 1506 du
779 1474 821 1507 26
840 1471 989 1506 février
1011 1483 1018 1506 :

540 1539 696 1575 Monsieur,

308 1595 384 1623 Dans
403 1594 427 1623 le
442 1597 556 1631 compte
571 1601 626 1631 que
638 1593 708 1624 rend
728 1593 753 1624 la
767 1593 896 1624 Gazelle
914 1593 965 1623 des
986 1593 1175 1623 Tribunaux
1192 1594 1228 1624 de
1245 1601 1277 1623 ce
1293 1593 1371 1631 jour,
1403 1594 1437 1623 de
1466 1594 1490 1623 la
1521 1594 1668 1631 plaidoirie
1689 1596 1724 1626 de

266 1632 391 1662 l'avocat
410 1633 445 1662 de
466 1633 503 1663 M.
525 1634 628 1667 Lucas,
645 1632 804 1662 condamné
821 1639 932 1662 comme
946 1635 1033 1670 ayant
1045 1633 1137 1662 vendu
1154 1633 1188 1662 de
1207 1633 1273 1662 faux
1296 1633 1489 1670 autographes
1509 1633 1525 1662 à
1547 1633 1561 1662 l
1568 1634 1725 1664 honorable

267 1671 459 1702 académicien
479 1672 515 1701 M.
535 1672 667 1705 Chasles,
685 1679 756 1701 vous
769 1671 956 1707 reproduisez
974 1678 1028 1700 une
1043 1671 1164 1701 allusion
1183 1671 1249 1708 qu'a
1265 1671 1330 1701 faite
1344 1672 1469 1702 l’avocat
1483 1672 1539 1701 aux
1555 1672 1724 1703 Causeries

267 1709 345 1739 d’un
362 1713 510 1743 curieux,
530 1711 566 1740 où
583 1710 632 1748 j’ai
648 1710 782 1748 imprimé
800 1711 874 1740 deux
888 1710 985 1739 lettres
999 1710 1034 1739 de
1055 1711 1224 1746 Montaigne,
1240 1718 1295 1747 que
1312 1711 1349 1739 M.
1367 1712 1458 1740 Lucas
1482 1711 1523 1740 dit
1537 1711 1722 1747 aujourd’hui

268 1748 348 1778 avoir
365 1748 528 1785 fabriquées
546 1751 581 1779 de
598 1757 630 1779 sa
648 1750 786 1784 minerve,
803 1751 831 1779 et
845 1749 972 1779 vendues
989 1750 1005 1778 k
1022 1749 1058 1779 M.
1078 1750 1102 1778 le
1117 1750 1245 1786 marquis
1261 1750 1381 1786 Duprat.
1404 1749 1455 1779 J'ai
1482 1757 1517 1779 eu
1539 1750 1604 1780 effet
1629 1750 1725 1788 publié

266 1788 341 1817 deux
358 1788 456 1818 lettres
472 1788 507 1817 de
528 1787 690 1826 Montaigne
705 1788 752 1825 qui
772 1788 925 1817 m’avaient
944 1787 989 1817 été
1007 1787 1242 1824 communiquées
1260 1796 1312 1826 par
1329 1789 1366 1818 M.
1389 1789 1413 1817 le
1433 1789 1564 1825 marquis
1589 1790 1698 1827 Duprat
1716 1799 1724 1826 ;

270 1826 342 1855 mais
357 1826 385 1864 je
398 1834 443 1856 me
455 1826 515 1856 suis
522 1826 586 1856 bien
601 1827 690 1863 gardé
703 1828 737 1856 de
749 1827 790 1856 les
804 1833 949 1857 annoncer
959 1833 1069 1856 comme
1085 1826 1213 1863 publiées
1227 1835 1278 1856 sur
1289 1827 1340 1857 des
1352 1827 1503 1864 originaux
1517 1829 1722 1868 autographes.

268 1865 322 1894 J’ai
341 1866 381 1894 dit
394 1873 449 1902 que
462 1865 490 1902 je
507 1867 549 1895 les
565 1866 687 1895 donnais
699 1873 750 1895 sur
765 1866 816 1904 des
828 1866 877 1904 fac
896 1865 1011 1897 simile,
1029 1872 1061 1894 ce
1074 1865 1120 1901 qui
1141 1867 1184 1894 est
1201 1865 1264 1895 bien
1289 1865 1432 1897 différent.
1458 1867 1515 1895 Sur
1531 1874 1563 1897 ce
1581 1867 1671 1904 point,
1693 1868 1723 1905 je

267 1904 369 1933 n'étais
383 1912 437 1942 pas
451 1904 469 1935 d
482 1905 582 1934 accord
596 1912 666 1934 avec
683 1905 707 1934 le
726 1904 799 1941 loyal
814 1904 951 1941 marquis,
972 1903 1019 1947 qui
1039 1905 1079 1933 les
1095 1912 1109 1933 a
1127 1903 1254 1940 publiées
1273 1905 1385 1942 depuis,
1403 1908 1419 1935 a
1436 1913 1468 1935 ce
1480 1905 1557 1940 titre,
1580 1907 1652 1935 dans
1672 1914 1724 1936 son

268 1944 340 1972 livre
353 1943 403 1973 des
417 1943 531 1973 Glanes
550 1946 576 1972 el
595 1943 742 1983 Regains.
757 1943 909 1980 L’organe,
923 1944 946 1972 si
961 1942 1115 1979 distingué,
1128 1944 1163 1972 de
1177 1943 1214 1973 M.
1237 1944 1329 1973 Lucas
1345 1952 1360 1973 a
1377 1944 1417 1973 dit
1433 1952 1469 1973 au
1487 1944 1625 1973 Tribunal
1640 1945 1724 1982 qu’en

271 1981 399 2018 publiant
410 1981 451 2011 les
466 1982 573 2014 lettres,
586 1982 614 2019 je
634 1990 678 2011 me
690 1981 750 2012 suis
765 1981 862 2011 borne
876 1982 895 2011 à
915 1977 1106 2018 remarquée
1124 1989 1184 2019 que
1203 1981 1229 2012 le
1245 1981 1324 2020 style
1341 1982 1377 2012 de
1390 1983 1570 2020 Montaigne
1587 1983 1666 2013 était
1682 1992 1725 2013 un

269 2028 329 2058 peu
343 2020 463 2059 néglige
481 2020 564 2050 dans
584 2023 626 2051 les
647 2020 733 2051 deux
756 2020 869 2050 lettres.
893 2020 933 2050 Ce
953 2020 1051 2049 n’était,
1070 2028 1123 2057 pas
1141 2023 1203 2050 tout
1221 2021 1291 2051 dire.
1317 2022 1357 2050 Eu
1381 2022 1422 2051 les
1448 2024 1595 2056 recevant,
1621 2022 1725 2060 j’avais

269 2059 319 2088 fait
337 2059 474 2089 observer
490 2060 505 2088 k
524 2060 561 2090 M.
578 2060 687 2097 Duprat
704 2067 759 2097 que
771 2067 803 2089 ce
817 2059 885 2096 qu’il
904 2059 981 2089 avait
995 2060 1055 2096 pris
1068 2061 1155 2096 jusqu
1168 2060 1201 2089 ici
1223 2067 1295 2098 pour
1308 2060 1360 2090 des
1372 2060 1523 2098 originaux
1535 2061 1605 2091 était
1617 2063 1678 2091 tout
1690 2070 1724 2092 au

271 2099 335 2134 plus
351 2098 402 2137 des
414 2098 463 2137 fac
478 2097 591 2131 simile,
608 2101 636 2128 et
651 2106 755 2128 encore
767 2098 819 2137 des
834 2098 884 2137 fac
902 2097 1005 2128 simile
1019 2098 1116 2128 fautifs
1134 2102 1161 2128 et
1179 2102 1225 2135 qui
1243 2099 1401 2129 décelaient
1421 2108 1475 2129 une
1489 2100 1564 2129 main
1578 2100 1721 2137 inexpéri¬

270 2138 392 2167 mentée.
407 2137 477 2166 Mais
492 2137 508 2166 il
527 2136 702 2167 m’affirmait
715 2138 796 2167 avoir
813 2138 914 2167 trouvé
930 2145 978 2167 ces
996 2137 1090 2175 pièces
1109 2138 1181 2167 dans
1194 2137 1314 2169 l’ancien
1334 2139 1488 2169 cartulaire
1510 2139 1545 2168 de,
1560 2147 1594 2169 sa
1608 2139 1725 2177 famille,

270 2182 285 2204 a
305 2175 342 2204 lui
357 2175 493 2205 transmis
512 2183 563 2213 par
575 2184 627 2206 son
643 2177 720 2214 père.
743 2177 780 2205 Sa
797 2175 956 2205 conviction
976 2184 1010 2206 en
1029 2183 1061 2206 ce
1074 2184 1141 2206 sens
1159 2176 1229 2207 était
1241 2176 1265 2206 si
1282 2178 1383 2211 ferme,
1404 2185 1471 2214 que,
1489 2177 1635 2215 plusieurs
1654 2179 1727 2209 mois

269 2215 356 2251 après
374 2222 419 2244 ma
437 2214 621 2252 publication,
643 2216 709 2245 laite
734 2215 894 2252 cependant
911 2223 981 2245 avec
1006 2214 1150 2248 réserves,
1182 2215 1200 2245 il
1226 2216 1401 2254 reproduisit
1428 2217 1470 2246 les
1495 2217 1595 2247 lettres
1612 2225 1724 2248 comme

270 2253 432 2288 originales.

306 2290 453 2322 J’hésitais
469 2292 616 2330 beaucoup
636 2293 652 2322 a
665 2293 707 2322 les
720 2295 821 2322 mettre
835 2300 870 2322 au
881 2293 960 2330 jour,
980 2293 1107 2331 lorsque,
1120 2293 1249 2324 consulté
1267 2301 1321 2331 par
1338 2294 1394 2324 moi
1408 2295 1423 2323 k
1443 2302 1475 2324 ce
1494 2294 1579 2332 sujet,
1590 2294 1725 2325 l’homme

270 2330 294 2359 le
315 2330 379 2367 plus
397 2330 559 2369 compétent
580 2339 613 2361 en
635 2332 752 2361 matière
772 2332 806 2361 de
822 2331 989 2361 documents
1009 2333 1044 2361 de
1071 2333 1244 2369 Montaigne,
1263 2334 1291 2362 M
1323 2333 1348 2362 le
1368 2334 1486 2363 docteur
1505 2333 1614 2371 Payen,
1641 2334 1726 2372 opina

267 2369 335 2405 qu’il
355 2370 401 2406 n’y
422 2371 498 2399 avait
513 2378 566 2407 pas
591 2371 626 2400 de
645 2370 739 2400 motifs
755 2370 903 2400 suffisants
920 2379 993 2408 pour
1011 2370 1175 2403 s’abstenir,
1209 2372 1324 2401 attendu
1347 2371 1414 2409 qu’il
1445 2381 1476 2402 se
1497 2373 1613 2409 pouvait
1639 2373 1725 2410 qu’au

269 2408 348 2441 fond,
372 2409 494 2446 quelque
513 2409 553 2439 fût
574 2409 741 2447 l’étrangeté
757 2409 951 2447 d’apparence
967 2413 992 2439 et
1012 2410 1048 2439 de
1068 2411 1158 2440 forme
1176 2409 1213 2448 du
1231 2411 1279 2448 fac
1297 2410 1412 2447 simile,
1429 2411 1454 2441 le
1472 2414 1549 2441 texte
1571 2412 1611 2441 fût
1629 2415 1724 2443 exact.

269 2446 314 2480 Et,
336 2449 371 2477 de
390 2448 450 2485 fajt,
468 2450 491 2478 le
506 2448 723 2485 mystificateur,
736 2448 885 2486 beaucoup
901 2449 963 2486 plus
978 2448 1094 2479 instruit
1110 2457 1162 2486 par
1176 2449 1202 2478 la
1220 2450 1327 2480 lecture
1340 2449 1426 2487 qu’on
1445 2458 1480 2480 ne
1496 2451 1533 2480 l’a
1546 2450 1725 2488 représenté,

270 2484 377 2515 n'avait
394 2486 439 2517 été
457 2487 490 2516 ici
510 2494 565 2524 que
594 2487 731 2525 plagiaire
751 2500 757 2516 :
780 2488 798 2517 il
817 2487 893 2517 avait
910 2487 967 2526 agi,
994 2496 1029 2518 en
1060 2491 1133 2518 cette
1150 2488 1357 2526 circonstance,
1375 2497 1486 2519 comme
1507 2497 1578 2527 pour
1605 2498 1652 2520 ses
1670 2491 1726 2520 soi-

270 2525 397 2555 disantes
415 2525 514 2556 lettres
532 2527 567 2555 de
587 2527 697 2563 Pascal,
716 2527 764 2564 qui
779 2530 828 2556 ont
843 2527 865 2557 si
886 2527 1048 2566 longtemps
1069 2529 1135 2557 tenu
1165 2534 1198 2557 en
1217 2527 1288 2557 éveil
1319 2535 1374 2558 une
1391 2528 1499 2566 grande
1520 2529 1674 2560 Académie
1698 2532 1727 2559 et

270 2564 338 2593 saisi
352 2572 390 2594 un
406 2565 456 2594 des
472 2566 579 2600 grands
596 2565 702 2602 esprits
719 2566 754 2596 de
771 2573 803 2596 ce
829 2568 934 2603 temps,
955 2567 992 2597 M.
1012 2566 1116 2596 Thiers
1129 2575 1137 2603 ;
1158 2566 1176 2596 il
1195 2566 1272 2597 avait
1287 2567 1376 2605 copié
1402 2570 1465 2597 mot
1491 2575 1575 2606 pour
1600 2570 1663 2598 mot
1684 2569 1725 2598 les
