1424 2245
611 75 120 27 - 4 -

90 150 1163 41 état de conservation adressé à Ménage et d’autant plus précieux

90 205 1166 40 qu’il porte sa signature; généralement les lettres qui passent

90 259 1164 38 dans les ventes ne sont qu’autographes. — Marie Stuart,

89 311 1164 40 autographe rarissime, au sujet de la bataille de Saint-Quentin.

89 365 1167 41 — Une lettre autographe signée de Jacques Amyot, termine

89 419 1167 39 dignement cette série des plus remarquables. Les lettres

89 473 1168 38 seulement signées de lui ne sont pas introuvables, mais les

89 526 1167 39 lettres autographes signées, voilà ce qui n’existe dans aucune

88 579 1168 39 des collections françaises, même les plus riches. Ce desideratum

88 633 1168 40 sera disputé avec d’autant plus d’ardeur que la lettre est belle

87 688 366 46 et très-intéressante.

403 780 533 38 BIBLIOGRAPHIE.

126 864 1130 40 M. le baron Kervyn de Lettenhove, de Bruges, vient de

86 918 1172 41 publier une notice de près de 200 pages sur les autographes

86 971 1171 40 légués par M. le baron de Stassart, à l’Académie royale de

86 1025 1172 39 Belgique. Cette collection, peu connue des amateurs, renferme

86 1078 1173 39 des pièces remarquables au point de vue historique, depuis

86 1131 1173 39 le XIIe siècle jusqu’à nos jours. M. Kervyn de Lettenhove a

85 1184 1174 40 analysé et même publié in-extenso, avec commentaires, les

85 1237 1174 40 pièces les plus intéressantes, classées par ordre chronologique

87 1290 1171 40 et parmi lesquelles on remarque les noms suivants: Agnès Sorel,

87 1343 1171 40 Jacques Cœur, le chevalier Guillaume Hugonet, Bayard, Luther,

89 1397 1171 40 Zwingle, Charles IX, Marie Stuart, l’amiral de Coligny, Louis Ier

90 1451 679 38 de Condé, Racine, Boileau, etc., etc.

125 1537 1104 63 AUTOGRAPHES A PRIX MARQUÉS

373 1614 610 28 MAISON Gabriel CHARAVAY

93 1664 1168 37 Dirigée par Eugène CHARAVAY Fils, expert en autographes,

439 1717 477 31 8, QUAI DU LOUVRE, A PARIS.

94 1788 1169 32 Abréviations : L. a. s., lettre autographe et signée; Acad, fr., Académie

185 1818 983 34 française; Sousc., compliment terminant la lettre; P., page.

133 1895 1129 37 1 Aiguillon (M.-M. de Vignerod du Pont-Courlay, duchesse d’),

166 1930 1098 37 dame de Combalet, nièce de Richelieu, fort maltraitée par

165 1966 1097 38 Tallemant des Réaux, et dont Fléchier prononça l’oraison

168 1995 1094 43 funèbre. — Pièce si g., 1674, 2 p. in-f. sceau. 5 »

200 2039 451 30 Sur la généralité de Pontoise.
