<?xml version="1.0" encoding="utf-8"?>
<alto xmlns="http://www.loc.gov/standards/alto/ns-v4#" xmlns:xsi="http://www.w3.org/2001/XMLSchema-instance" xsi:schemaLocation="http://www.loc.gov/standards/alto/ns-v4# https://gitlab.inria.fr/scripta/escriptorium/-/raw/develop/app/escriptorium/static/alto-4-1-baselines.xsd">
<Description>
<MeasurementUnit>pixel</MeasurementUnit><sourceImageInformation><fileName>1880_02_RDA_N060-2.png</fileName></sourceImageInformation>
<OCRProcessing ID="IdOcr">
<ocrProcessingStep>
<processingDateTime>2020-10-31T11:41:09.613+01:00</processingDateTime>
<processingSoftware>
<softwareCreator>READ COOP</softwareCreator>
<softwareName>Transkribus</softwareName>
</processingSoftware>
</ocrProcessingStep>
</OCRProcessing>
</Description>
<Layout>
<Page HEIGHT="2245" ID="Page1" PHYSICAL_IMG_NR="1" WIDTH="1432">
<TopMargin HEIGHT="41" HPOS="0" VPOS="0" WIDTH="1432"/>
<LeftMargin HEIGHT="2002" HPOS="0" VPOS="41" WIDTH="42"/>
<RightMargin HEIGHT="2002" HPOS="1393" VPOS="41" WIDTH="39"/>
<BottomMargin HEIGHT="202" HPOS="0" VPOS="2043" WIDTH="1432"/>
<PrintSpace HEIGHT="2002" HPOS="42" VPOS="41" WIDTH="1351">
<TextBlock HEIGHT="30" HPOS="576" ID="r_1_1" VPOS="46" WIDTH="123">
<Shape>
<Polygon POINTS="576 46 699 46 699 76 576 76"/>
</Shape>
<TextLine BASELINE="577 75 698 75" HEIGHT="28" HPOS="577" ID="tl_1" VPOS="47" WIDTH="121">
<String CONTENT="- 2 -" HEIGHT="28" HPOS="577" ID="string_tl_1" VPOS="47" WIDTH="121"/>
</TextLine>
</TextBlock>
<TextBlock HEIGHT="842" HPOS="49" ID="r_2_1" VPOS="120" WIDTH="1175">
<Shape>
<Polygon POINTS="49 120 1224 120 1224 962 49 962"/>
</Shape>
<TextLine BASELINE="93 161 1221 161" HEIGHT="40" HPOS="93" ID="tl_2" VPOS="121" WIDTH="1128">
<String CONTENT="Les femmes célèbres : cette série ne comprend que des" HEIGHT="40" HPOS="93" ID="string_tl_2" VPOS="121" WIDTH="1128"/>
</TextLine>
<TextLine BASELINE="54 214 1221 214" HEIGHT="38" HPOS="54" ID="tl_3" VPOS="176" WIDTH="1167">
<String CONTENT="pièces d’une haute valeur, soit par l’éclat des noms, soit par" HEIGHT="38" HPOS="54" ID="string_tl_3" VPOS="176" WIDTH="1167"/>
</TextLine>
<TextLine BASELINE="53 267 1221 267" HEIGHT="38" HPOS="53" ID="tl_4" VPOS="229" WIDTH="1168">
<String CONTENT="l’intérêt du contenu, telles que les lettres de Mme de Sévigné et de" HEIGHT="38" HPOS="53" ID="string_tl_4" VPOS="229" WIDTH="1168"/>
</TextLine>
<TextLine BASELINE="52 321 1217 321" HEIGHT="39" HPOS="52" ID="tl_5" VPOS="282" WIDTH="1165">
<String CONTENT="Marie Stuart, dont nous parlerons à la fin de cette notice; puis :" HEIGHT="39" HPOS="52" ID="string_tl_5" VPOS="282" WIDTH="1165"/>
</TextLine>
<TextLine BASELINE="52 375 1221 375" HEIGHT="39" HPOS="52" ID="tl_6" VPOS="336" WIDTH="1169">
<String CONTENT="viennent la comtesse de Soissons ; Elisabeth de Nassau, mère de" HEIGHT="39" HPOS="52" ID="string_tl_6" VPOS="336" WIDTH="1169"/>
</TextLine>
<TextLine BASELINE="51 427 1220 427" HEIGHT="38" HPOS="51" ID="tl_7" VPOS="389" WIDTH="1169">
<String CONTENT="Turenne ; Françoise de Vendôme, écrivant de son château" HEIGHT="38" HPOS="51" ID="string_tl_7" VPOS="389" WIDTH="1169"/>
</TextLine>
<TextLine BASELINE="52 482 1221 482" HEIGHT="39" HPOS="52" ID="tl_8" VPOS="443" WIDTH="1169">
<String CONTENT="d’Anet, où elle était exilée ; la princesse de Fondé, mère du" HEIGHT="39" HPOS="52" ID="string_tl_8" VPOS="443" WIDTH="1169"/>
</TextLine>
<TextLine BASELINE="50 535 1221 535" HEIGHT="39" HPOS="50" ID="tl_9" VPOS="496" WIDTH="1171">
<String CONTENT="Grand Fondé; la duchesse de La Trémoille ; la marquise de" HEIGHT="39" HPOS="50" ID="string_tl_9" VPOS="496" WIDTH="1171"/>
</TextLine>
<TextLine BASELINE="52 589 1222 589" HEIGHT="40" HPOS="52" ID="tl_10" VPOS="549" WIDTH="1170">
<String CONTENT="Montespan et Mme de Maintenon, maîtresses de Louis XIV, la" HEIGHT="40" HPOS="52" ID="string_tl_10" VPOS="549" WIDTH="1170"/>
</TextLine>
<TextLine BASELINE="52 642 1221 642" HEIGHT="39" HPOS="52" ID="tl_11" VPOS="603" WIDTH="1169">
<String CONTENT="lettre de cette dernière, d’une importance capitale, est adressée à" HEIGHT="39" HPOS="52" ID="string_tl_11" VPOS="603" WIDTH="1169"/>
</TextLine>
<TextLine BASELINE="50 695 1221 695" HEIGHT="39" HPOS="50" ID="tl_12" VPOS="656" WIDTH="1171">
<String CONTENT="Racine à propos de sa tragédie d'Esther; Mme Du Barry, Mme Du" HEIGHT="39" HPOS="50" ID="string_tl_12" VPOS="656" WIDTH="1171"/>
</TextLine>
<TextLine BASELINE="51 749 1222 749" HEIGHT="40" HPOS="51" ID="tl_13" VPOS="709" WIDTH="1171">
<String CONTENT="Chastelet, parlant du voyage de Voltaire au camp de Philips-" HEIGHT="40" HPOS="51" ID="string_tl_13" VPOS="709" WIDTH="1171"/>
</TextLine>
<TextLine BASELINE="50 802 1223 802" HEIGHT="39" HPOS="50" ID="tl_14" VPOS="763" WIDTH="1173">
<String CONTENT="bourg; Mme de Staël, autorisant son éditeur à faire une seconde" HEIGHT="39" HPOS="50" ID="string_tl_14" VPOS="763" WIDTH="1173"/>
</TextLine>
<TextLine BASELINE="50 856 1223 856" HEIGHT="40" HPOS="50" ID="tl_15" VPOS="816" WIDTH="1173">
<String CONTENT="édition de Delphine; Mme Tallien, demandant à emprunter deux" HEIGHT="40" HPOS="50" ID="string_tl_15" VPOS="816" WIDTH="1173"/>
</TextLine>
<TextLine BASELINE="50 909 1223 909" HEIGHT="39" HPOS="50" ID="tl_16" VPOS="870" WIDTH="1173">
<String CONTENT="cents louis au banquier Perregaux; Mme Récamier, la comtesse" HEIGHT="39" HPOS="50" ID="string_tl_16" VPOS="870" WIDTH="1173"/>
</TextLine>
<TextLine BASELINE="50 961 1176 961" HEIGHT="38" HPOS="50" ID="tl_17" VPOS="923" WIDTH="1126">
<String CONTENT="de la Torre, félicitant Jules Favre de la défense d’Orsini, etc." HEIGHT="38" HPOS="50" ID="string_tl_17" VPOS="923" WIDTH="1126"/>
</TextLine>
</TextBlock>
<TextBlock HEIGHT="513" HPOS="47" ID="r_2_2" VPOS="1007" WIDTH="1182">
<Shape>
<Polygon POINTS="47 1007 1229 1007 1229 1520 47 1520"/>
</Shape>
<TextLine BASELINE="88 1046 1221 1046" HEIGHT="38" HPOS="88" ID="tl_18" VPOS="1008" WIDTH="1133">
<String CONTENT="Parmi les autographes de souverains, on remarque :" HEIGHT="38" HPOS="88" ID="string_tl_18" VPOS="1008" WIDTH="1133"/>
</TextLine>
<TextLine BASELINE="50 1099 1221 1099" HEIGHT="38" HPOS="50" ID="tl_19" VPOS="1061" WIDTH="1171">
<String CONTENT="Fharles VII, François Ier, superbe lettre à Charles-Quint ;" HEIGHT="38" HPOS="50" ID="string_tl_19" VPOS="1061" WIDTH="1171"/>
</TextLine>
<TextLine BASELINE="51 1152 1223 1152" HEIGHT="38" HPOS="51" ID="tl_20" VPOS="1114" WIDTH="1172">
<String CONTENT="Louis XIII, lettre à Marie de Médicis, et document historique" HEIGHT="38" HPOS="51" ID="string_tl_20" VPOS="1114" WIDTH="1172"/>
</TextLine>
<TextLine BASELINE="49 1206 1222 1206" HEIGHT="39" HPOS="49" ID="tl_21" VPOS="1167" WIDTH="1173">
<String CONTENT="sur le prince de Fondé. — Louise de Savoie, Anne d’Autriche," HEIGHT="39" HPOS="49" ID="string_tl_21" VPOS="1167" WIDTH="1173"/>
</TextLine>
<TextLine BASELINE="51 1259 1222 1259" HEIGHT="38" HPOS="51" ID="tl_22" VPOS="1221" WIDTH="1171">
<String CONTENT="Elisabeth Farnèse, Marie Leczinska, enfin Marie-Thérèse qui," HEIGHT="38" HPOS="51" ID="string_tl_22" VPOS="1221" WIDTH="1171"/>
</TextLine>
<TextLine BASELINE="49 1312 1224 1312" HEIGHT="38" HPOS="49" ID="tl_23" VPOS="1274" WIDTH="1175">
<String CONTENT="sur le point de mettre au monde Marie-Antoinette, demande" HEIGHT="38" HPOS="49" ID="string_tl_23" VPOS="1274" WIDTH="1175"/>
</TextLine>
<TextLine BASELINE="48 1366 1225 1366" HEIGHT="39" HPOS="48" ID="tl_24" VPOS="1327" WIDTH="1177">
<String CONTENT="à l’un de ses ministres 100,000 florins pour « pouvoir accoucher" HEIGHT="39" HPOS="48" ID="string_tl_24" VPOS="1327" WIDTH="1177"/>
</TextLine>
<TextLine BASELINE="53 1421 1223 1421" HEIGHT="40" HPOS="53" ID="tl_25" VPOS="1381" WIDTH="1170">
<String CONTENT="tranquillement ». — Après les monarques, nous ajouterons :" HEIGHT="40" HPOS="53" ID="string_tl_25" VPOS="1381" WIDTH="1170"/>
</TextLine>
<TextLine BASELINE="56 1472 1228 1472" HEIGHT="38" HPOS="56" ID="tl_26" VPOS="1434" WIDTH="1172">
<String CONTENT="Louis Ier de Guise, dit le Cardinal des Bouteilles, et Richelieu, le" HEIGHT="38" HPOS="56" ID="string_tl_26" VPOS="1434" WIDTH="1172"/>
</TextLine>
<TextLine BASELINE="55 1519 633 1519" HEIGHT="31" HPOS="55" ID="tl_27" VPOS="1488" WIDTH="578">
<String CONTENT="célèbre ministre de Louis XIII." HEIGHT="31" HPOS="55" ID="string_tl_27" VPOS="1488" WIDTH="578"/>
</TextLine>
</TextBlock>
<TextBlock HEIGHT="467" HPOS="57" ID="r_2_3" VPOS="1571" WIDTH="1176">
<Shape>
<Polygon POINTS="57 1571 1233 1571 1233 2038 57 2038"/>
</Shape>
<TextLine BASELINE="96 1610 1226 1610" HEIGHT="38" HPOS="96" ID="tl_28" VPOS="1572" WIDTH="1130">
<String CONTENT="Les maréchaux de France et les guerriers sont peu nombreux," HEIGHT="38" HPOS="96" ID="string_tl_28" VPOS="1572" WIDTH="1130"/>
</TextLine>
<TextLine BASELINE="58 1663 1225 1663" HEIGHT="39" HPOS="58" ID="tl_29" VPOS="1624" WIDTH="1167">
<String CONTENT="mais choisis : le duc de Biron, à propos de la prise de Dijon ;" HEIGHT="39" HPOS="58" ID="string_tl_29" VPOS="1624" WIDTH="1167"/>
</TextLine>
<TextLine BASELINE="59 1717 1229 1717" HEIGHT="39" HPOS="59" ID="tl_30" VPOS="1678" WIDTH="1170">
<String CONTENT="le duc Henri de Montpensier; le duc d’Epernon; Cinq-Mars, le" HEIGHT="39" HPOS="59" ID="string_tl_30" VPOS="1678" WIDTH="1170"/>
</TextLine>
<TextLine BASELINE="59 1769 1230 1769" HEIGHT="38" HPOS="59" ID="tl_31" VPOS="1731" WIDTH="1171">
<String CONTENT="célèbre favori de Louis XIII, précieuse lettre, et le duc de" HEIGHT="38" HPOS="59" ID="string_tl_31" VPOS="1731" WIDTH="1171"/>
</TextLine>
<TextLine BASELINE="61 1823 1228 1823" HEIGHT="38" HPOS="61" ID="tl_32" VPOS="1785" WIDTH="1167">
<String CONTENT="Bouillon, son complice ; Saint-Preuil, surnommé la Tête-de-Fer," HEIGHT="38" HPOS="61" ID="string_tl_32" VPOS="1785" WIDTH="1167"/>
</TextLine>
<TextLine BASELINE="62 1878 1231 1878" HEIGHT="40" HPOS="62" ID="tl_33" VPOS="1838" WIDTH="1169">
<String CONTENT="une des victimes de Richelieu, autographe de toute rareté; le" HEIGHT="40" HPOS="62" ID="string_tl_33" VPOS="1838" WIDTH="1169"/>
</TextLine>
<TextLine BASELINE="64 1930 1232 1930" HEIGHT="38" HPOS="64" ID="tl_34" VPOS="1892" WIDTH="1168">
<String CONTENT="Grand Fondé, Turenne, Roquelaure, d’Artaignan et La Tour" HEIGHT="38" HPOS="64" ID="string_tl_34" VPOS="1892" WIDTH="1168"/>
</TextLine>
<TextLine BASELINE="65 1984 1230 1984" HEIGHT="39" HPOS="65" ID="tl_35" VPOS="1945" WIDTH="1165">
<String CONTENT="d’Auvergne. — A leur suite viennent les marins illustres :" HEIGHT="39" HPOS="65" ID="string_tl_35" VPOS="1945" WIDTH="1165"/>
</TextLine>
<TextLine BASELINE="67 2037 1226 2037" HEIGHT="39" HPOS="67" ID="tl_36" VPOS="1998" WIDTH="1159">
<String CONTENT="l'amiral de Coligny, Laperouse, Bruix, Nelson et Duchaffault." HEIGHT="39" HPOS="67" ID="string_tl_36" VPOS="1998" WIDTH="1159"/>
</TextLine>
</TextBlock>
<GraphicalElement HEIGHT="168" HPOS="1385" ID="r_3" VPOS="1254" WIDTH="8"/>
</PrintSpace>
</Page>
</Layout>
</alto>