1432 2245
634 81 139 35 - 16 -

119 156 1170 32 185 RAYNAL (l’abbé Guil.-Th.), célèbre écrivain philosophe, né à Saint-

180 186 1108 33 Géniez. — Fragment autog. de son Histoire de l'établissement des

180 219 1108 32 Européens dans les Deux-Indes, 13 p. à mi-marge, grand in-f. 4 »

119 249 1169 33 186 RODAT, député de l’Aveyron. — L. a. s.; Rodez, an XII, 1 p. in-4. 2 »

120 280 1165 34 187 SECONDS (J.-L.), député de l’Aveyron. — Pièce aut. sig., 1789, 1 p.

183 312 1106 29 1/2 in-4. 2 »

120 344 1169 32 188 SERIEYS (Ant.), littérateur et bibliographe, né dans l’Aveyron. —

182 375 1108 32 L. a. s., à M. Peuchet, 1817, 1 p. in-4. 3 »

215 407 676 26 Relative à son ouvrage sur le Règne de Louis XVIl.

122 432 1168 33 189 SOLIGNAC, général, né à Milhau. — L. a. s., 1819, 1 p. in-4. 2 »

121 462 1171 34 190 TAURIN (Louis de), gouverneur de Saint-Affrique. — Pièce sig.; 1717,

184 494 1106 27 in-8. 2 »

122 527 1168 31 191 TEDENAT (P.), mathématicien, membre de plusieurs sociétés savantes,

185 557 1103 33 né à Saint-Géniez. — L. a. s.; Saint-Géniez, an IV, 1 p. 1/2 in-4.

184 590 1107 24 Curieuse. 3 »

123 620 1170 33 192 TOUROUVRE (A.-J. de), évêque de Rodez. — L. a. s. à M. de Saint-

183 651 1110 32 Julien; Rodez, 1725, 4 p. in-4. Curieuse. 3 »

124 682 1168 33 193 VAUCELLE (le comte de), général français, né dans l’Aveyron. — L. a.

184 713 1108 33 s., Saint-Rémy. 1818, 2 p. in-f. 2 »

125 745 1169 33 194 VAYSSE de VILLIERS (R.-J.-E.), littérateur et poète, né à Rodez.—

185 776 1110 33 L. a. s., 1821, 1 p. in-4. 2 »

124 809 1171 32 195 VERGNET, député de l’Aveyron. — L. a. s.; 1843, 1 p. in 4. 2 »

123 839 1208 34 196 VESAURO (J.), député de l'Aveyron. — L. a. s.; 1825; 1 p. in-4. 2 » -

124 871 1168 32 197 VIALA (S.), général français, né à Rodez. — L. a. s.; 1867, 3 p. in-f.

186 902 1107 26 Curieuse. 3 »

128 933 1169 33 198 DOCUMENTS, 143 lettres ou pièces du XVIe au XIXe siècle. — Curieux

186 965 1110 26 document manuscrit de 1587 sur une sédition des habitants de la ville

183 996 1114 32 de Milhau, sous le gouvernement de M. de Chastillon; quit. sig. des

188 1027 1110 32 gouverneurs des différentes villes et places-fortes de l’Aveyron, sous

189 1059 1109 31 Henri IV, Louis XIII et Louis XIV ; dossier intéressant sur la Révolu¬

190 1090 1108 32 tion; nombreuses pièces émanant ou concernant le clergé, la noblesse, etc.;

187 1121 1112 32 lettres adressées à Napoléon III, à l’occasion de son avènement ou de

186 1152 1112 32 divers attentats contre sa personne, etc., etc. 75 »

306 1236 819 48 CABINET D’AUTOGRAPHES

445 1314 538 31 MAISON Gabriel CHARAVAY

199 1375 1030 36 Dirigée par Eugène CHARAVAY FILS

291 1431 846 27 (Ancienne Maison Charon, puis Aug. Laverdet, fondée en 1838)

492 1480 450 35 8, quai du Louvre, 8

162 1569 1140 31 Collection considérable d’Autographes des célébrités de tous genres : sou¬

130 1600 1171 31 verains, hommes d’Etat, littérateurs, savants, peintres, dessinateurs, graveurs,

132 1630 1172 32 musiciens, acteurs et autres artistes; nombreux cartons de pièces relatives

130 1663 740 31 aux provinces de France et aux familles nobles.

163 1707 879 32 Grand choix d’Autographes pour l’illustration des livres.

164 1750 1139 33 L’authenticité des Autographes est garantie, sans condition de temps,

133 1783 559 25 c’est-à-dire d’une manière absolue.

165 1827 1139 32 Achat de collections d’Autographes, au comptant; rédaction de cata¬

134 1858 1170 32 logues, ventes à l’amiable ou aux enchères pour le compte des possesseurs.

167 1902 1140 33 Publication du Nobiliaire français, ou Catalogue par ordre alphabé¬

135 1933 1171 33 tique d’une importante collection de pièces manuscrites émanées des

134 1965 1172 32 familles nobles de France, ou les concernant. Les trois livraisons parues,

135 1996 1152 33 de A à CHA, seront envoyées à toutes les personnes qui en feront la demande.

303 2050 840 27 Rouen. — Imprimerie J. LECERF, rue des Bons-Enfants, 46-48.
