1432 2245
604 116 122 28 - 8 -

99 192 1151 36 45 Klaproth (H.-J. de), savant orientaliste allemand. — L. a. s.,

153 228 1097 38 en français, à M. Pillet, 1817, 1 p. in-4. 3 »

191 263 712 32 Relative à l’acquisition d’un ouvrage chinois.

100 294 1150 37 46 Kniaziewicz (Ch.), brave général polonais, compagnon de

154 330 1097 39 Kosciusko. — L. a. s., en français, à M. Prudhomme, 1832,

155 360 1095 42 1 p. 1/2 in-4. Rure. 5 »

102 401 1148 37 47 Komaroff (le colonel A.), savant russe très-distingué. — L. a.

153 437 1098 38 s., en français, à l’abbé Moigno; Paris, 1869, 1 p. 1/2 in-8. 3 »

101 467 1151 43 48 Kourakin (le prince Alexandre B.), homme d’Etat russe,

155 508 1097 39 favori de Paul 1er. — Let. sig., en français, avec un post¬

152 538 1100 42 script. de 10 lig. aut., 1796, 1 p. in-4. 3 »

101 579 1152 37 49 Kourakin (le prince Alexis B.), frère du précédent, homme

155 615 1097 37 d’Etat russe. — Billet aut. sig., en français, à M. Monférand,

156 645 1096 41 1 p. in-8. 2 »

100 686 1153 36 50 Labanoff (le prince Alex.), célèbre général et écrivain russe,

154 721 1095 40 historien de Marie Stuart. — L. a. s., en français, 1835, 1 p.

155 752 1098 34 in-4. 3 »

101 792 1153 37 51 Ladislas IV, roi de Pologne, célèbre par ses succès contre les

155 828 1098 44 Russes, époux de Marie de Gonzague. — L. sig., en latin, au

157 856 1097 44 cardinal de Montalte; Varsovie, 1645, 1 p. in-f. 8 »

103 904 1154 36 52 Lafayette, illustre général. — L. a. sig. de ses initiales à

157 939 1096 37 M. Masclet; Washington, 13 août 1825, 1 p. 1/4 in-4. Un peu

159 975 1096 36 fatiguée. 15 »

190 1010 1066 32 Tres-curieuse lettre sur le voyage qu'il lit en Amérique, de 1824 à

162 1042 1095 32 1825. « C’est avec de bien tendres regrets que je quitterai cette terre

160 1073 1097 32 américaine, le bon, grand et heureux peuple des Etats-Unis auquel je

161 1105 1096 31 suis amalgamé depuis près d’un demi-siècle, et qui vient encore de me

161 1136 1096 31 combler de ses bontés. J'y ai vu les miracles de l'indépendance, de la

160 1167 1096 32 liberté, égalité et self government; le problème des institutions répu¬

161 1198 1095 32 caines a été résolu ici sur une grande échelle et jamais expérience

160 1229 1096 32 n'a si bien réussi. » Il comptait retourner comme il était venu, sur un

161 1261 1096 32 paquebot-poste, mais le peuple et le gouvernement en ont disposé

160 1292 1097 32 autrement. On a donné le nom de Brandywine à une superbe frégate

159 1323 642 31 qui est chargée de le ramener en France.

105 1358 1152 37 53 La Roncière (Emile-Clément de), fils du général, condamné

160 1394 1097 44 pour tentative de viol. — L. a. s. aux officiers et élèves de

159 1429 1097 38 l’école de Saumur; Paris, mai 1836, 3 p. pet. in-4. 10 »

191 1465 743 32 Très-curieuse lettre toute relative à son procès.

105 1501 1152 37 54 Lassalle (A.-Ch.-L. de), le plus brillant général de cavalerie

159 1536 1099 38 des guerres de la République et de l’Empire, né à Metz, tué à

158 1571 1099 38 la bataille de Wagram. — L. a. s. au général Dugua; 1 p.

159 1607 1098 29 in-f. 10 »

190 1642 1069 34 Superbe lettre sur la campagne d'Egypte. Il profite du départ du

158 1674 1101 32 général Desaix pour lui donner des nouvelles. Desaix lui laisse

159 1706 1100 32 le commandement de la colonne qui doit poursuivre Mourad-Bey, et

160 1737 1099 32 qui se compose de 400 hommes de cavalerie, 4 pièces de canon et

158 1768 1100 33 100 dromadaires. Le général Boyer a, dans une petite affaire, tué 10

159 1800 467 28 mameloucks et 40 arabes, etc.

104 1834 1154 38 55 Laube (Henri), romancier et poète allemand, né en 1806. —

158 1863 1100 44 L. a. s.; Vienne, 26 avr. 1872, 1 p. in-8. 4 »

104 1906 1156 42 56 Lebrun (Mme Vigée), célèbre femme peintre. — Let. aut. à

158 1941 1100 38 Mlle d’Emar, 1816, 2 p. in-8. Charmante épître. 3 »

104 1982 1154 37 57 Le Gat (Cl.-Nic.), savant médecin et physiologiste du

158 2011 1096 41 XVIIIe siècle. — L. a. s. à Valmont de Bomare; Rouen, 12 déc.

161 2053 1097 36 1760, 1 p. in-4. Cachet à ses armes. Rare. 5 »

190 2088 1068 28 Il lui annonce sa nomination comme membre de l’Académie de Rouen.
