2922 5050
223 449 150 68 226

1291 455 300 58 MANUEL

217 607 2446 104 lité quelconque, les champs. Cels. Med. 1. Sanum opor¬

213 729 2450 100 tet... modo ruri esse, modo in urbe, sæpiusque in agro.

211 853 2448 104 Il faut, pour se porter bien, vivre tantôt à la campagne,

211 975 1574 100 tantôt à la ville, surtout aux champs.

313 1097 2354 108 2. Rusticus, ἀγροίκος, celui qui habite le village ; agres¬

217 1215 2448 108 tis, ἄγριος, celui qui a grandi aux champs, en sauvage,

211 1333 2464 110 comme ferus : le terme est cependant plus doux, car ferus

219 1459 2452 104 exprime directement la sauvagerie comme faisant le fond

219 1585 2456 106 du caractère, et agrestis en rappelle seulement l’idée par

221 1709 1716 102 la désignation du séjour ou de l’origine.

319 1833 2356 102 3. Transportant ces termes aux qualités de l’esprit,

219 1953 2462 104 rusticus désigne plutôt la grossièreté intellectuelle; agres¬

225 2077 2454 100 tis, la grossièreté morale. Rusticus s’entend, comme

221 2197 2448 104 champêtre, de la timidité et de la simplicité; il se rap¬

223 2321 2462 102 proche dans le bon sens de l’innocence et dans le mau¬

217 2445 2460 102 vais de la gaucherie ; agrestis marque, comme rustique,

223 2567 2460 100 l’effronterie et la bassesse ; il ne se prend jamais en bonne

225 2689 2456 102 part, il confine à la feritas. Le rusticus (opposé urbanus)

225 2811 2462 104 ne blesse que les conventions du savoir-vivre ; Vagrestis

223 2933 2458 104 (opposé humanus) blesse les lois naturelles de la décence.

329 3055 2358 104 4. Quand Cicéron veut adoucir encore l’idée exprimée

229 3181 2458 102 par rusticus et prévenir toute équivoque, il emploie de

231 3305 2456 102 préférence rusticanus. Rusticus désigne alors le paysan

229 3429 2460 100 qui naît, vit et meurt au village; rusticanus, le citadin que

233 3547 2456 104 les circonstances y relèguent. On peut ranger parmi ces

235 3673 2458 104 derniers leà provinciaux, municipes, en qualité de rustico¬

231 3795 508 80 rum similes.

1417 4039 74 114 S

331 4285 2368 104 Sabulo. Harena. Sabura. Sabulo, et dans Pline sabu¬

239 4401 2456 114 lum, le sable considéré comme une espèce de terre légère;

241 4513 2456 124 harena, arena, comme une terre sèche, pierreuse, comme
