2922 4988
281 355 152 68 216

1361 363 304 58 MANUEL

273 513 2448 98 tous les regards tournés vers Décius. Nep. Dat. 5. Qui

275 635 2446 100 illum unum pluris quam se omnes fieri videbant. Quo facto

273 757 2454 100 cuncti ad eum opprimendum consenserunt. Les courti¬

279 879 2446 102 sans voyaient qu’à lui seul il les effaçait tous auprès du

277 997 2452 108 roi. Ils entrèrent tous tant qu’ils étaient dans une conspi¬

277 1121 1180 100 ration qui devait l’accabler.

377 1243 2350 108 6. Totus, solidus et integer s’appliquent à un tout pri¬

279 1369 2446 102 mitif qui ne vient que par extraordinaire à se diviser en

277 1491 2454 102 parties, comme ὅλος ; omnis, universus et cunctus, à des

279 1613 2454 108 individus primitivement isolés qui ne forment un tout que

279 1737 1480 106 par leur réunion, πᾶς, σύμπας, ἅπας.

381 1861 2348 102 Quotidie. In singulos dies. Quotidie s’entend de ce qui

283 1983 2456 104 revient tous les jours ; in singulos dies, de ce qui va tous

287 2103 2454 104 les jours en augmentant. Cic. Att. V, 7. Quotidie vel potius

287 2227 2450 104 in singulos dies breviores litteras ad te mitto. Les lettres

289 2353 2450 104 que je t’envoie deviennent plus courtes tous les jours ou

289 2475 960 102 plutôt de jour en jour.

1470 2838 92 116 R

291 3161 1956 90 Rabies, v. Amens. Radiare, v. Lucere.

391 3319 2352 82 Rami. Ramalia. Virga. Termes. Turio. Surculus. Sar¬

291 3441 2454 80 mentum. Stolo. Virgultum. Fruticetum, 1. Rami et ra¬

291 3563 2458 98 malia, les branches de l’arbre : rami, les branches vivantes

293 3687 2446 98 et vertes, θαλλοί; ramalia, les branches mortes et sèches.

303 3811 2448 104 Virga, termes, turio, surculus, talea, sarmentum et stolo ne

289 3933 2452 106 se disent que des rameaux : virga et les termes rares de

293 4059 2460 108 termes olivæ et turio lauri, simples rameaux sans idée ac¬

293 4181 2460 104 cessoire, κλάδος, κλών, κλῆμα; surculus et talea, rameaux

293 4301 2466 102 considérés comme des membres et des rejetons de l’arbre

301 4417 2458 112 qui servent à la propagation en qualité de greffes et de

1137 4767 592 122 Digitized by Google
