3013 5045
1057 401 920 58 DE SYNONYMIE LATINE.

2585 393 144 68 121

291 551 2452 100 m’arrivait un de ces accidents auxquels la pauvre huma¬

295 673 2454 104 nité est sujette. Comparez avec Tusc. II, 27, 65. Græci

297 795 2454 84 morbos tolerantes et humane ferunt. Contre des maladies

295 917 2452 100 à supporter les Grecs sont forts, ils sont hommes, et Qu.

293 1041 2460 100 Fr. II, 1. Fecit humaniter Licinius, quod ad me misso se¬

295 1159 2454 106 natu vesperi venit. C’est un aimable homme que Licinius ;

297 1283 2298 106 il est venu chez moi le soir après la clôture du sénat.

299 1451 1992 94 Humare, V. Sepelire. Humerus, V. Armus.

305 1563 1886 90 Humidus, v. Udus. Humus, v. Tellus.

1361 1903 360 114 I — J

301 2163 712 92 Jacere, v. Cubare.

407 2323 2368 80 Jactatio. Gloriatio. Ostentatio. Venditatio. Jactatio

315 2443 2464 106 et gloriatio, défauts qui ont leur origine dans la vanité et

307 2569 2470 102 la suffisance : jactatio, défaut du fat qui se donne de grands

313 2691 2458 106 airs, qui fait étalage de ses avantages et de ses mérites,

315 2815 2464 106 qui les fait ressortir par ses paroles et ses gestes, avec une

307 2939 2470 102 idée accessoire d’étourderie; gloriatio, défaut du fanfaron

313 3061 2464 100 qui publie hautement ses avantages ou ses mérites, avec

317 3183 2464 106 une idée accessoire d’impertinence. L'ostentatio et la ven¬

313 3305 2470 104 ditatio ont leur origine dans un calcul habile de l’effet

317 3429 2462 102 qu’on peut tirer d’une fausseté : l’ostentation, ostentatio,

321 3549 2458 108 cherche à déguiser sous des apparences brillantes une

319 3675 2466 104 pauvreté réelle; la représentation, venditatio, veut pa¬

317 3799 2464 80 raître en faisant valoir outre mesure certains avan¬

321 3937 248 84 tages.

313 4087 2004 94 Jactura, v. Mittere et Dam¬ Jaculum, v. Missile,

425 4227 194 48 num.

321 4311 1998 90 Janua, v. Ostium. Icere, v. Verberare.

441 4469 2350 102 Idoneus. Aptus. Idoneus, qui a ce qu’il faut pour être

2453 4611 36 52 6

1885 4821 596 120 Digitized by Google
