2922 4991
1031 389 930 58 DB SYNONYMIE LATINE.

2563 377 156 70 213

1438 674 100 144 Q

365 961 2346 88 Quærere. Scrutari. Rimari. Investigare. Indagare.

263 1079 2458 102 1. Quærere, chercher, en général, on éprouve le désir ou

257 1201 2462 102 le besoih de trouver ; scrutari, rimari, investigare et inda¬

259 1325 2462 102 gare ajoutent à ce sens une idée accessoire de peine et

261 1451 552 78 de difficulté.

359 1571 2358 96 2. Scrutari et rimari, se mettre à la recherche d’un ob¬

247 1691 2474 102 jet caché : scrutari, en fouillant de tous les côtés, on s’in¬

263 1815 2458 102 téresse à la découverte, on se passionne ; rimari, en creu¬

261 1939 2456 100 sant pour déterrer, la découverte exige des efforts et de

257 2057 2460 106 la sagacité. Investigare et indagare, se mettre à la recher¬

261 2183 2458 104 che d’un objet éloigné : investigare, à la façon du chas¬

257 2307 2458 102 seur qui suit en connaissance de cause la piste ou la trace

255 2427 2450 102 visible du gibier; indagare, à la façon du limier qui suit

255 2547 2456 106 l’odeur guidé par son instinct. Curt. IX, 40, 14. Famem

259 2675 2454 102 sentire coeperunt, radices palmarum ubique rimantes. Iis

259 2797 2454 100 éprouvèrent les atteintes de la faim et ils cherchaient par¬

257 2921 2458 102 tout, pour les déterrer, des racines de palmiste. Compa¬

261 3043 2448 102 rez avec IX, 9, 5. Scrutati omnia tuguria tandem latentes

257 3161 2454 106 reperere. À force de fouiller toutes les cabanes, ils fini¬

255 3291 2446 98 rent par les trouver dans leur cachette. Tac. Ann. VI, 3.

263 3413 2448 80 Rimans secreta omnium. Déterrant les secrets de tout le

255 3535 2452 102 monde. Et XII, 52. Quasi finem principis per Chaldæos

251 3659 2456 98 scrutaretur. Furius Scribonianus est exilé sous prétexte

255 3781 2458 102 qu’il avait eu la curiosité de s’adresser aux Chaldéens pour

257 3901 2450 106 découvrir quand et comment l’empereur mourrait. Il n’y

253 4027 1454 100 avait pas d’obstacles à surmonter.

255 4191 1790 92 Quæstus, v. Lucrum. Quare, v. Cur.

257 4307 444 90 Que, v. Et.

365 4459 2340 96 Questus. Quiritatio. Querimonia. Querela. Questus et
