3013 5001
205 435 152 70 158

1279 449 304 56 MANUEL

199 595 2464 102 pirent du dégoût ; oletum, excréments de l’homme; merda,

203 719 566 82 des animaux.

203 911 588 86 Lux, v. Lumen.

301 1085 2366 102 Luxus. Luxuria. Luxus, usage ou étalage du luxe, par¬

203 1209 2462 100 fois même objet de luxe; luxuria met toujours l’homme

205 1331 2464 102 en jeu ; c’est une disposition, une inclination, un penchant

203 1453 2466 100 au luxe. Sen. Ir. I, 41. Animis delicias, luxum, opes igno¬

205 1575 2462 104 rantibus. Ces âmes auxquelles les jouissances, le luxe, les

205 1697 2468 104 richesses sont inconnues. Et un peu plus loin : Opinionem

209 1821 2464 104 luxuriæ segnitiæque. Les lenteurs de Scipion le firent

209 1943 2452 104 soupçonner d’aimer le luxe et le repos. Sall. Cat. 13.

207 2065 2466 100 Romani famem aut sitim... luxu ante capere, c’est-à-dire

211 2185 2458 108 par un raffinement que le luxe avait introduit. Comparez

209 2309 2452 106 avec Jug. 90 (ou 85 1, vers la fin du discours de Marius).

209 2435 2452 104 Luxuria atque ignavia, pessimae artes, luxuria, c’est-à-

213 2557 1036 102 dire la manie du plaisir.

213 2747 834 86 Lymphatus, v. Amens.

207 2853 1876 90 Macellum, v. Laniena. Macer, v. Exilis.

207 2965 1960 88 Maceria, v. Murus. Macula, v. Vitium.

209 3077 2008 90 Madidus, v. Udus. Magister, v. Doctor.

213 3191 938 88 Magnopere, v. Perquam.

307 3363 2350 82 Magnus. Grandis. Amplus. Ingens. Immanis. Vastus.

213 3485 2460 104 1. Magnus, grandis et amplus expriment une grandeur con¬

213 3609 2454 102 venable ; ingens, immanis et vastus, une grandeur exces¬

217 3729 2450 104 sive. Sen. Ir. I, 16, 26. Nec enim magnitudo ista est, sed

217 3855 2446 100 immanitas. Ce n’est pas le langage d’un grand homme,

217 3977 1060 80 c’est celui d’un monstre.

313 4097 2346 102 2. Magnus exprime la grandeur sans idée accessoire,

215 4219 2454 104 par opposition à parvus, comme μέγας; grandis, avec une

357 4515 1922 72 Dans la collection Lemaire et la collection Panckoucke.

1887 4777 592 122 Digitized by Google
