2922 5010
205 399 158 70 284

1275 409 306 60 MANUEL

197 557 2462 106 plaga, d’un instrument quelconque, contusion ; ulcus,

203 679 2454 102 plaie ouverte ou ulcère, abcès crevés, etc. ; et cicatrix,

203 801 2458 104 cicatrice qui remplace la blessure après la guérison. Suet.

203 923 2460 106 Vit. 40. Verbera et plagas, sæpe vulnera, nonnunquam

201 1045 2466 102 necem repræsentantes adversantibus. La moindre résis¬

199 1171 2468 100 tance valait aux gens des coups et des contusions, souvent

201 1293 1492 106 des blessures, quelquefois la mort.

299 1415 2358 104 2. Vulneratus, blessé en général; saucius, mis hors

201 1539 2460 102 de combat par une blessure, c’est le terme propre pour

201 1659 2456 102 les blessés à la bataille. Cic. Verr. I, 27. Servi nonnulli

201 1783 2456 100 vulnerantur, ipse Rubrius sauciatur. Plusieurs esclaves

201 1907 2008 96 sont blessés, Rubrius est mis hors de combat.

205 2097 686 90 Vultus, v. Facies.

1137 4785 592 122 Digitized by Google
