2947 4922
307 301 152 68 122

1377 313 302 58 MANUEL

301 461 2460 102 employé à quelque chose; aptus, pour le faire, F. A.

297 583 2462 102 Wolf. En d’autres termes, l'idoneus est propre à un em¬

293 703 2462 106 ploi par des qualités quelconques et par le concours des

293 827 2454 108 circonstances, ἐπιτήδειος ; l'aptus, par sa valeur personnelle,

289 951 2456 100 par sa capacité, ίχανός. L’idoneus est inactif par lui-même ;

285 1075 2460 100 on se sert de lui pour atteindre un but, parce qu’il est un

285 1193 2458 106 instrument commode; l'aptus entre de lui-même dans

283 1319 2456 108 une affaire, parce qu’il a les dispositions nécessaires pour

275 1445 322 78 réussir.

281 1631 810 94 Ignarus, v. Cognitio.

369 1809 2358 82 Ignavia. Inertia. Segnitia. Desidia. Socordia. Pigri¬

269 1931 2458 102 tia. 1. Ignavia, opposé à industria, l’amour du désœu¬

267 2055 2464 100 vrement considéré comme une dérogation à la loi du de¬

265 2179 2460 102 voir, en ce sens qu’on n’est homme, qu’on ne se distingue

263 2301 2462 102 du vulgaire, qu’on ne vaut par soi-même que si on est

259 2421 2464 106 doué du goût de l’action; inertia, le même amour envi¬

257 2543 2460 106 sagé comme une infraction à la loi du travail, en ce sens

253 2671 2462 100 que l’homme ne devient un membre utile, plus ou moins

253 2793 2462 106 estimable de la société, que par son activité pratique. L’oi¬

253 2917 2460 100 siveté, ignavia, est entée sur le naturel; l’action lui ré¬

249 3039 2460 102 pugne; la fainéantise, inertia, est affaire d’habitude et de

245 3163 2464 100 caractère; elle ne se soucie point de travailler. Un mé¬

245 3285 2458 104 chant esclave est un fainéant, iners; un noble qui vit sans

237 3409 1300 102 rien faire est un oisif, ignavus.

337 3531 2360 104 2. Segnitia, desidia, socordia et pigritia, défauts divers

239 3655 2460 104 d’un tempérament trop tranquille. La nonchalance, se¬

233 3779 2458 102 gnitia, attend qu’on l’excite, qu’on la contraigne, qu’on

237 3901 2452 100 la prenne corps à corps avant de renoncer au repos; elle

233 4021 2454 106 a pour opposé promptus. L’indifférence, desidia, se croise

233 4141 2444 102 les bras et attend que les choses se fassent d'elles-mêmes.

231 4263 2442 108 L’apathie, socordia, est incapable de prendre à quoi que

231 4383 2446 110 ce soit un vif intérêt et néglige ses devoirs faute d’y son-

1137 4697 592 122 Digitized by Google
