2900 4920
937 385 936 62 DE SYNONYMIE LATINE.

2525 375 152 72 259

201 537 2486 108 comme σπαργᾶν, σφριγᾶν; tumere, contient l’idée du néant

203 661 2484 100 et du vide déguisés sous l’enflure, comme οἰδᾶν. On appelle

201 781 2486 102 les voiles turgida lorsque le vent qui les gonfle est consi¬

201 903 2490 100 déré comme un corps réel, capable en effet de les rem¬

205 1025 2488 104 plir, et tumida, lorsqu’on ne veut voir dans le môme vent

205 1147 2488 106 que de l’air, un air qui n’est rien et qui paraît seulement

213 1271 802 100 remplir les voiles.

207 1437 1892 94 Turio, v. Rami. Turpis, v. Teter.

309 1593 2374 102 Tutus. Securus. Incuriosus. 1. Tutus se rapporte à la

213 1715 2474 104 réalité de la chose et s’entend de celui qui est en sûreté,

215 1839 2480 108 comme ἀσφαλής; securus se rapporte à la persuasion de

217 1961 2470 102 l’esprit et s’entend de celui qui se croit en sûreté. Au sens

217 2081 2480 104 réfléchi, tutus arrive à exprimer l’idée de prévoyance, et

217 2205 2470 100 securus celle d’imprévoyance par euphémisme. Sen.

219 2327 2474 100 Ep. 97. Tuta scelera esse possunt, secura non possunt.

223 2447 2474 104 Le crime peut être en sûreté, mais il ne possède jamais

227 2571 2472 104 la sécurité. Cependant,comme il n’existe point de substan¬

229 2695 2466 102 tif tiré de tutus, securitas se prend aussi par catachrèse

235 2815 974 80 dans le sens de sûreté.

337 2937 2364 104 2. Securus, securitas expriment l’absence d’inquiétude

237 3061 2454 96 et de soucis comme un état de l’âme, c’est la sécurité,

239 3183 2452 104 ἀμέριμνος, par opposition à sollicitus; incuriosus, incuria,

243 3305 2456 102 expriment le manque de soin et d’attention, au point de

243 3425 2458 106 vue pratique, comme insouciant, ὀλίγωρος, par opposition

243 3547 2462 104 à cura. Sen. Ep. 100. Fabianus non erat negligens in ora¬

243 3669 2458 100 tione, sed securus. Il y avait dans les discours de Fabianus

245 3791 2252 100 un air je ne dis pas de négligence, mais d’assurance.

1423 4049 98 114 U

259 4289 756 92 Uber, v. Fœcundus.

357 4449 2348 90 Udus. Uvidus. Humidus. Aquosus. Madidus. 1. Uvidum
