1101 2361
231 476 792 52 Commissaire général : <b>Mac Constantinescu</b>

233 527 792 44 Professeur à l’Institut des Beaux-Arts de Bucarest.

775 89 316 58 <b>ROUMANIE</b>

197 660 830 52 Il est rare qu’une œuvre collective se présente

142 702 886 50 de manière unitaire. Pourtant, dans le cas du

143 744 886 56 groupe formé par le peintre monumentaliste

145 785 885 52 Ion Stendl, l’artiste décoratrice Theodora Moi¬

144 826 887 53 sescu et son jeune élève Radu Stoica, l’unité

144 869 885 48 a été effectivement réalisée. Ils ont créé un

144 911 886 54 complexe d’objets picturaux et sculpturaux, qui

145 953 887 52 enveloppent le spectateur dans une ambiance

145 994 889 54 spatiale et psychique dont le diapason affectif

146 1036 887 51 est escompté avec précision. Ils ont donné vie

146 1078 888 46 au thème ancestral des Quatre éléments, une vie

148 1119 889 51 plastique, picturale, architectonique et scéno¬

147 1161 887 50 graphique. Le paysan roumain, dans l’idée qu’il

147 1204 890 46 se fait de la vie, établit une similitude, jamais

148 1245 890 47 démentie, entre les éléments qui composent

151 1287 887 44 l’univers — la terre, l’air, l’eau, le feu — et

152 1329 887 46 la mystérieuse création de l’homme. Le groupe

151 1369 888 47 Stendl a fait revivre ce mythe fondé sur une

151 1411 889 48 profonde et magnifique expérience collective de

153 1453 887 45 l'humanité, fruit de ses traditions occultes, que

155 1494 885 46 l’imagination de chaque peuple colore à sa

154 1536 888 46 manière spécifique dans le cadre de sa propre

155 1577 885 46 mythologie. A ces questions éternelles, Ion Stendl

154 1619 891 46 et ses collaborateurs répondent à l’aide de sym¬

156 1659 888 48 boles spatiaux. Et ces symboles rappellent de

156 1701 888 47 manière troublante certains objets rustiques en

158 1742 887 48 bois, qu’ils soient d’usage utilitaire ou qu’ils

157 1783 889 48 soient simplement héraldiques, comme le sont

160 1824 886 49 les croix de bois entaillé, plantées au bord des

160 1868 888 48 routes ou aux carrefours, ou les objets apotro¬

160 1907 889 50 païques des bergeries de montagne qui éloignent

161 1948 886 47 les mauvais génies et amènent le calme et la

161 1997 75 36 paix.

215 2068 836 47 Ainsi le langage abstrait et celui du surréa¬

164 2108 889 44 lisme viennent se mêler à la narration fantas¬

163 2149 890 50 tique des artisans populaires. De même, chez

166 2190 887 53 Dimitrie Gavrilean, les coutumes du Nouvel An,

1011 2285 43 35 111
