<?xml version="1.0" encoding="UTF-8"?>
<alto xmlns:xsi="http://www.w3.org/2001/XMLSchema-instance"
      xmlns="http://www.loc.gov/standards/alto/ns-v2#"
      xmlns:page="http://schema.primaresearch.org/PAGE/gts/pagecontent/2013-07-15"
      xsi:schemaLocation="http://www.loc.gov/standards/alto/ns-v2# http://www.loc.gov/standards/alto/alto.xsd">
   <Description>
      <MeasurementUnit>pixel</MeasurementUnit>
      <OCRProcessing ID="IdOcr">
         <ocrProcessingStep>
            <processingDateTime>2020-11-01T15:13:58.263+01:00</processingDateTime>
            <processingSoftware>
               <softwareCreator>READ COOP</softwareCreator>
               <softwareName>Transkribus</softwareName>
            </processingSoftware>
         </ocrProcessingStep>
      </OCRProcessing>
   </Description>
   <Layout>
      <Page ID="Page1" PHYSICAL_IMG_NR="1" HEIGHT="2361" WIDTH="1101">
         <TopMargin HEIGHT="51" WIDTH="1101" VPOS="0" HPOS="0"/>
         <LeftMargin HEIGHT="2310" WIDTH="68" VPOS="51" HPOS="0"/>
         <RightMargin HEIGHT="2310" WIDTH="1" VPOS="51" HPOS="1100"/>
         <BottomMargin HEIGHT="0" WIDTH="1101" VPOS="2361" HPOS="0"/>
         <PrintSpace HEIGHT="2310" WIDTH="1032" VPOS="51" HPOS="68">
            <TextBlock ID="r_1_1" HEIGHT="100" WIDTH="723" VPOS="471" HPOS="241">
               <Shape>
                  <Polygon POINTS="241,471 964,471 964,571 241,571"/>
               </Shape>
               <TextLine ID="tl_1"
                         BASELINE="522"
                         HEIGHT="50"
                         WIDTH="721"
                         VPOS="472"
                         HPOS="242">
                  <String ID="string_tl_1"
                          HEIGHT="50"
                          WIDTH="721"
                          VPOS="472"
                          HPOS="242"
                          CONTENT="Commissaire général :&lt;b&gt; Kristian Romare&lt;/b&gt;"/>
               </TextLine>
               <TextLine ID="tl_2"
                         BASELINE="570"
                         HEIGHT="36"
                         WIDTH="208"
                         VPOS="534"
                         HPOS="244">
                  <String ID="string_tl_2"
                          HEIGHT="36"
                          WIDTH="208"
                          VPOS="534"
                          HPOS="244"
                          CONTENT="Critique d’art."/>
               </TextLine>
            </TextBlock>
            <TextBlock ID="r_2_1" HEIGHT="801" WIDTH="896" VPOS="956" HPOS="159">
               <Shape>
                  <Polygon POINTS="159,956 1055,956 1055,1757 159,1757"/>
               </Shape>
               <TextLine ID="tl_3"
                         BASELINE="1010"
                         HEIGHT="53"
                         WIDTH="827"
                         VPOS="957"
                         HPOS="212">
                  <String ID="string_tl_3"
                          HEIGHT="53"
                          WIDTH="827"
                          VPOS="957"
                          HPOS="212"
                          CONTENT="La participation suédoise à la Biennale de"/>
               </TextLine>
               <TextLine ID="tl_4"
                         BASELINE="1049"
                         HEIGHT="50"
                         WIDTH="877"
                         VPOS="999"
                         HPOS="161">
                  <String ID="string_tl_4"
                          HEIGHT="50"
                          WIDTH="877"
                          VPOS="999"
                          HPOS="161"
                          CONTENT="Paris a été organisée par le Comité national"/>
               </TextLine>
               <TextLine ID="tl_5"
                         BASELINE="1094"
                         HEIGHT="52"
                         WIDTH="882"
                         VPOS="1042"
                         HPOS="160">
                  <String ID="string_tl_5"
                          HEIGHT="52"
                          WIDTH="882"
                          VPOS="1042"
                          HPOS="160"
                          CONTENT="pour les expositions d'art moderne à l’étranger"/>
               </TextLine>
               <TextLine ID="tl_6"
                         BASELINE="1127"
                         HEIGHT="42"
                         WIDTH="881"
                         VPOS="1085"
                         HPOS="161">
                  <String ID="string_tl_6"
                          HEIGHT="42"
                          WIDTH="881"
                          VPOS="1085"
                          HPOS="161"
                          CONTENT="et la sélection en a été confiée à Kristian Romare,"/>
               </TextLine>
               <TextLine ID="tl_7"
                         BASELINE="1175"
                         HEIGHT="50"
                         WIDTH="882"
                         VPOS="1125"
                         HPOS="161">
                  <String ID="string_tl_7"
                          HEIGHT="50"
                          WIDTH="882"
                          VPOS="1125"
                          HPOS="161"
                          CONTENT="critique d'art. En présentant un des collectifs"/>
               </TextLine>
               <TextLine ID="tl_8"
                         BASELINE="1216"
                         HEIGHT="47"
                         WIDTH="882"
                         VPOS="1169"
                         HPOS="161">
                  <String ID="string_tl_8"
                          HEIGHT="47"
                          WIDTH="882"
                          VPOS="1169"
                          HPOS="161"
                          CONTENT="artistiques les plus représentatifs, le groupe"/>
               </TextLine>
               <TextLine ID="tl_9"
                         BASELINE="1257"
                         HEIGHT="46"
                         WIDTH="883"
                         VPOS="1211"
                         HPOS="164">
                  <String ID="string_tl_9"
                          HEIGHT="46"
                          WIDTH="883"
                          VPOS="1211"
                          HPOS="164"
                          CONTENT="Puss, les responsables ont voulu souligner une"/>
               </TextLine>
               <TextLine ID="tl_10"
                         BASELINE="1299"
                         HEIGHT="47"
                         WIDTH="885"
                         VPOS="1252"
                         HPOS="163">
                  <String ID="string_tl_10"
                          HEIGHT="47"
                          WIDTH="885"
                          VPOS="1252"
                          HPOS="163"
                          CONTENT="tendance parmi les jeunes en Suède vers le"/>
               </TextLine>
               <TextLine ID="tl_11"
                         BASELINE="1340"
                         HEIGHT="46"
                         WIDTH="885"
                         VPOS="1294"
                         HPOS="164">
                  <String ID="string_tl_11"
                          HEIGHT="46"
                          WIDTH="885"
                          VPOS="1294"
                          HPOS="164"
                          CONTENT="travail d’équipe. Il ne s’agit plus, cependant,"/>
               </TextLine>
               <TextLine ID="tl_12"
                         BASELINE="1382"
                         HEIGHT="46"
                         WIDTH="884"
                         VPOS="1336"
                         HPOS="166">
                  <String ID="string_tl_12"
                          HEIGHT="46"
                          WIDTH="884"
                          VPOS="1336"
                          HPOS="166"
                          CONTENT="d’une intégration de l’art et de l’architecture"/>
               </TextLine>
               <TextLine ID="tl_13"
                         BASELINE="1423"
                         HEIGHT="46"
                         WIDTH="884"
                         VPOS="1377"
                         HPOS="166">
                  <String ID="string_tl_13"
                          HEIGHT="46"
                          WIDTH="884"
                          VPOS="1377"
                          HPOS="166"
                          CONTENT="ou d’une synthèse de l'art et de la technique,"/>
               </TextLine>
               <TextLine ID="tl_14"
                         BASELINE="1459"
                         HEIGHT="40"
                         WIDTH="883"
                         VPOS="1419"
                         HPOS="168">
                  <String ID="string_tl_14"
                          HEIGHT="40"
                          WIDTH="883"
                          VPOS="1419"
                          HPOS="168"
                          CONTENT="mais d’une démarche fondée sur des raisons"/>
               </TextLine>
               <TextLine ID="tl_15"
                         BASELINE="1507"
                         HEIGHT="46"
                         WIDTH="883"
                         VPOS="1461"
                         HPOS="169">
                  <String ID="string_tl_15"
                          HEIGHT="46"
                          WIDTH="883"
                          VPOS="1461"
                          HPOS="169"
                          CONTENT="idéologiques. A partir d’une critique du rôle"/>
               </TextLine>
               <TextLine ID="tl_16"
                         BASELINE="1547"
                         HEIGHT="44"
                         WIDTH="885"
                         VPOS="1503"
                         HPOS="169">
                  <String ID="string_tl_16"
                          HEIGHT="44"
                          WIDTH="885"
                          VPOS="1503"
                          HPOS="169"
                          CONTENT="de l'artiste individuel, ces jeunes se sont orien¬"/>
               </TextLine>
               <TextLine ID="tl_17"
                         BASELINE="1589"
                         HEIGHT="43"
                         WIDTH="883"
                         VPOS="1546"
                         HPOS="169">
                  <String ID="string_tl_17"
                          HEIGHT="43"
                          WIDTH="883"
                          VPOS="1546"
                          HPOS="169"
                          CONTENT="tés vers une activité sur l’opinion publique,"/>
               </TextLine>
               <TextLine ID="tl_18"
                         BASELINE="1632"
                         HEIGHT="44"
                         WIDTH="879"
                         VPOS="1588"
                         HPOS="169">
                  <String ID="string_tl_18"
                          HEIGHT="44"
                          WIDTH="879"
                          VPOS="1588"
                          HPOS="169"
                          CONTENT="les collectifs se composant souvent de « laïques »"/>
               </TextLine>
               <TextLine ID="tl_19"
                         BASELINE="1672"
                         HEIGHT="42"
                         WIDTH="884"
                         VPOS="1630"
                         HPOS="168">
                  <String ID="string_tl_19"
                          HEIGHT="42"
                          WIDTH="884"
                          VPOS="1630"
                          HPOS="168"
                          CONTENT="et d’artistes travaillant ensemble. Le groupe de"/>
               </TextLine>
               <TextLine ID="tl_20"
                         BASELINE="1715"
                         HEIGHT="43"
                         WIDTH="880"
                         VPOS="1672"
                         HPOS="172">
                  <String ID="string_tl_20"
                          HEIGHT="43"
                          WIDTH="880"
                          VPOS="1672"
                          HPOS="172"
                          CONTENT="Puss a trouvé la formule la plus traditionnelle"/>
               </TextLine>
               <TextLine ID="tl_21"
                         BASELINE="1756"
                         HEIGHT="40"
                         WIDTH="621"
                         VPOS="1716"
                         HPOS="172">
                  <String ID="string_tl_21"
                          HEIGHT="40"
                          WIDTH="621"
                          VPOS="1716"
                          HPOS="172"
                          CONTENT="du collectif, celle d’une rédaction."/>
               </TextLine>
            </TextBlock>
            <TextBlock ID="region_1591965486158_473"
                       HEIGHT="59"
                       WIDTH="192"
                       VPOS="74"
                       HPOS="902">
               <Shape>
                  <Polygon POINTS="902,74 902,133 1094,133 1094,74"/>
               </Shape>
               <TextLine ID="line_1591965486307_476"
                         BASELINE="133"
                         HEIGHT="59"
                         WIDTH="192"
                         VPOS="74"
                         HPOS="902">
                  <String ID="string_line_1591965486307_476"
                          HEIGHT="59"
                          WIDTH="192"
                          VPOS="74"
                          HPOS="902"
                          CONTENT="&lt;b&gt;SUEDE&lt;/b&gt;"/>
               </TextLine>
            </TextBlock>
            <TextBlock ID="r_2_2" HEIGHT="460" WIDTH="887" VPOS="1776" HPOS="174">
               <Shape>
                  <Polygon POINTS="174,1776 1061,1776 1061,2236 174,2236"/>
               </Shape>
               <TextLine ID="tl_22"
                         BASELINE="1819"
                         HEIGHT="42"
                         WIDTH="827"
                         VPOS="1777"
                         HPOS="226">
                  <String ID="string_tl_22"
                          HEIGHT="42"
                          WIDTH="827"
                          VPOS="1777"
                          HPOS="226"
                          CONTENT="Hors du travail rédactionnel, Lars Hillersberg,"/>
               </TextLine>
               <TextLine ID="tl_23"
                         BASELINE="1862"
                         HEIGHT="44"
                         WIDTH="879"
                         VPOS="1818"
                         HPOS="175">
                  <String ID="string_tl_23"
                          HEIGHT="44"
                          WIDTH="879"
                          VPOS="1818"
                          HPOS="175"
                          CONTENT="Ulf Rahmberg et Lena Svedberg ont participé à"/>
               </TextLine>
               <TextLine ID="tl_24"
                         BASELINE="1904"
                         HEIGHT="44"
                         WIDTH="880"
                         VPOS="1860"
                         HPOS="176">
                  <String ID="string_tl_24"
                          HEIGHT="44"
                          WIDTH="880"
                          VPOS="1860"
                          HPOS="176"
                          CONTENT="l’exposition politique du parc d’attractions"/>
               </TextLine>
               <TextLine ID="tl_25"
                         BASELINE="1945"
                         HEIGHT="43"
                         WIDTH="881"
                         VPOS="1902"
                         HPOS="177">
                  <String ID="string_tl_25"
                          HEIGHT="43"
                          WIDTH="881"
                          VPOS="1902"
                          HPOS="177"
                          CONTENT="« Moment de plaisir » de RiksutstälIningar, expo¬"/>
               </TextLine>
               <TextLine ID="tl_26"
                         BASELINE="1987"
                         HEIGHT="44"
                         WIDTH="882"
                         VPOS="1943"
                         HPOS="176">
                  <String ID="string_tl_26"
                          HEIGHT="44"
                          WIDTH="882"
                          VPOS="1943"
                          HPOS="176"
                          CONTENT="sition nationale qui tourne en Suède. Lena Sved¬"/>
               </TextLine>
               <TextLine ID="tl_27"
                         BASELINE="2029"
                         HEIGHT="45"
                         WIDTH="881"
                         VPOS="1984"
                         HPOS="177">
                  <String ID="string_tl_27"
                          HEIGHT="45"
                          WIDTH="881"
                          VPOS="1984"
                          HPOS="177"
                          CONTENT="berg, responsable du groupe à la Sixième Bien¬"/>
               </TextLine>
               <TextLine ID="tl_28"
                         BASELINE="2070"
                         HEIGHT="44"
                         WIDTH="878"
                         VPOS="2026"
                         HPOS="178">
                  <String ID="string_tl_28"
                          HEIGHT="44"
                          WIDTH="878"
                          VPOS="2026"
                          HPOS="178"
                          CONTENT="nale, a exposé avec « Les Vilains » à Lund en"/>
               </TextLine>
               <TextLine ID="tl_29"
                         BASELINE="2112"
                         HEIGHT="46"
                         WIDTH="880"
                         VPOS="2066"
                         HPOS="180">
                  <String ID="string_tl_29"
                          HEIGHT="46"
                          WIDTH="880"
                          VPOS="2066"
                          HPOS="180"
                          CONTENT="1968 et à « Underground » en 1969. Anders Peter¬"/>
               </TextLine>
               <TextLine ID="tl_30"
                         BASELINE="2156"
                         HEIGHT="47"
                         WIDTH="880"
                         VPOS="2109"
                         HPOS="179">
                  <String ID="string_tl_30"
                          HEIGHT="47"
                          WIDTH="880"
                          VPOS="2109"
                          HPOS="179"
                          CONTENT="sen, photographe, a collaboré en 1969 à l’expo¬"/>
               </TextLine>
               <TextLine ID="tl_31"
                         BASELINE="2197"
                         HEIGHT="48"
                         WIDTH="879"
                         VPOS="2149"
                         HPOS="179">
                  <String ID="string_tl_31"
                          HEIGHT="48"
                          WIDTH="879"
                          VPOS="2149"
                          HPOS="179"
                          CONTENT="sition sociologique « La ville renvoyée » au Musée"/>
               </TextLine>
               <TextLine ID="tl_32"
                         BASELINE="2235"
                         HEIGHT="41"
                         WIDTH="437"
                         VPOS="2194"
                         HPOS="182">
                  <String ID="string_tl_32"
                          HEIGHT="41"
                          WIDTH="437"
                          VPOS="2194"
                          HPOS="182"
                          CONTENT="municipal de Stockholm."/>
               </TextLine>
            </TextBlock>
            <TextBlock ID="region_1591965464578_462"
                       HEIGHT="51"
                       WIDTH="50"
                       VPOS="2275"
                       HPOS="1018">
               <Shape>
                  <Polygon POINTS="1018,2275 1018,2326 1068,2326 1068,2275"/>
               </Shape>
               <TextLine ID="line_1591965464729_465"
                         BASELINE="2326"
                         HEIGHT="51"
                         WIDTH="50"
                         VPOS="2275"
                         HPOS="1018">
                  <String ID="string_line_1591965464729_465"
                          HEIGHT="51"
                          WIDTH="50"
                          VPOS="2275"
                          HPOS="1018"
                          CONTENT="115"/>
               </TextLine>
            </TextBlock>
         </PrintSpace>
      </Page>
   </Layout>
</alto>
