1876 2836
969 181 1012 186 —
1039 163 1082 197 lo¬

336 256 396 289 ue
419 256 586 290 Roscoe
605 255 753 301 (Guil.),
767 255 961 291 historien
976 256 1022 291 de
1042 256 1219 291 Laurent
1238 256 1284 291 de
1304 256 1471 295 Médiciset
1542 257 1588 292 de
1608 256 1711 293 LéonX.

420 320 462 325 —
491 300 534 335 L.
555 312 588 336 a.
617 311 647 336 8.
668 311 716 335 au
745 301 900 346 peintre
920 301 1052 343 Bossi;
1071 301 1295 347 Liverpool,
1325 303 1419 345 1822,
1438 304 1459 337 3
1479 312 1514 347 p.
1535 302 1631 337 in-4.
1653 302 1779 346 Léger

424 345 759 391 raccommodage.
1678 348 1716 380 10
1763 359 1779 378 »

463 390 577 420 Lettre
593 390 731 421 relative
746 391 766 421 à
788 399 843 421 ses
860 390 1087 422 illustrations
1107 392 1148 421 de
1167 392 1199 421 la
1217 390 1271 421 vie
1284 390 1327 421 de
1345 390 1507 421 Laurent
1522 390 1565 421 de
1584 390 1742 421 Médicis.

337 430 396 463 117
423 431 669 464 Saint-Just
688 430 1038 474 (Louis-Antoine),
1060 430 1096 465 le
1116 430 1268 465 célébré
1290 430 1609 466 conventionnel.
1625 450 1666 455 —
1680 430 1723 465 L.
1745 440 1778 464 a.

423 484 453 509 s.
480 474 502 508 à
525 474 577 509 M.
600 474 733 516 Garat,
754 474 908 509 notaire
929 475 1040 520 royal
1068 485 1116 510 au
1150 474 1340 520 bailliage
1361 475 1407 510 de
1427 474 1576 520 Coucy;
1609 474 1782 520 (octobre

427 519 534 562 1790),
555 520 576 553 2
596 529 631 563 p.
653 519 744 554 in-8.
765 522 862 554 Rare.
1676 521 1719 554 40
1766 532 1782 551 »

338 564 397 598 118
423 564 612 608 Sédaine
632 563 781 608 (M.-J.),
802 566 947 598 auteur
965 563 1212 610 dramatique
1242 563 1428 610 original,
1452 574 1504 598 un
1534 564 1601 600 des
1629 568 1783 599 restau-

422 611 578 643 rateurs
606 608 652 643 de
683 607 1061 654 l’üpéra-Comique,
1092 609 1138 644 de
1166 609 1311 645 l’Acad.
1344 609 1394 645 fr.
1414 628 1455 634 —
1474 608 1517 643 L.
1547 620 1581 645 a.
1611 619 1657 653 s.,
1690 610 1785 651 1784,

422 655 487 695 3/4
506 654 552 687 de
574 663 610 698 p.
632 653 718 688 in-f.
1681 655 1720 688 10
1769 666 1786 684 »

338 698 398 731 119
424 699 590 733 Tencin
621 697 773 740 (Cl.-Al.
802 697 882 748 de),
917 698 1058 732 femme
1090 697 1243 733 célèbre
1275 699 1327 734 du
1358 704 1471 734 xvm®
1507 698 1646 740 siècle,
1679 698 1784 732 aussi

422 753 574 777 connue
595 753 665 788 par
684 753 744 778 ses
764 743 963 788 intrigues
983 742 1196 787 politiques
1217 754 1290 789 que
1312 754 1381 788 par
1399 754 1459 778 ses
1480 743 1672 778 relations
1692 752 1785 776 avec

424 787 480 822 les
500 798 595 832 gens
615 787 661 821 de
682 787 820 823 lettres
840 792 881 822 et
896 798 957 822 ses
977 798 1183 832 ouvrages,
1200 791 1345 824 auteur
1364 788 1431 824 des
1444 790 1613 824 Mémoires
1631 789 1675 821 du
1688 791 1787 821 comte

422 833 462 865 de
480 833 696 876 Comminçfcs,du
768 835 853 876 siège
871 833 910 866 de
930 833 1040 867 Calais
1045 859 1054 875 ,
1069 833 1143 871 etc.—L.
1251 844 1282 868 a.
1301 844 1331 869 s.
1348 844 1397 868 au
1419 833 1597 868 cardinal
1617 832 1784 876 Fleury;

422 878 464 911 22
483 887 587 911 mars
611 879 704 918 1738,
724 878 745 911 4
764 887 800 922 p.
821 878 913 912 in-4.
934 880 1033 912 Rare.
1678 878 1722 911 35
1769 889 1785 908 »

462 920 654 960 Singulière
672 922 778 960 épitre
803 930 864 960 par
888 922 1034 961 laquelle
1049 922 1112 952 elle
1135 930 1332 953 commence
1351 923 1371 952 à
1395 921 1547 953 déclarer
1565 931 1609 952 au
1634 920 1785 952 cardinal

424 960 506 999 qu’il
524 957 556 991 la
573 960 720 1000 prendra
743 970 828 1000 pour
852 970 919 992 une
935 962 1024 992 folle.
1042 960 1093 991 En
1115 961 1203 997 effet,
1226 963 1289 992 elle
1299 962 1345 992 lui
1366 962 1477 992 donne
1495 963 1528 992 la
1542 962 1668 992 recette
1687 960 1786 991 d’une

424 1008 488 1030 eau
504 1000 546 1030 de
563 1000 734 1031 rhubarbe
754 1000 813 1040 qui
835 1000 883 1030 lui
903 1009 923 1030 a
944 1001 1183 1039 parfaitement
1205 1001 1317 1032 réussi
1340 1001 1360 1031 à
1384 1001 1458 1036 elle,
1485 1003 1518 1031 et
1545 1001 1608 1031 elle
1632 1000 1789 1037 l’engage

425 1038 447 1069 à
472 1048 514 1069 en
533 1048 680 1077 essayer.
704 1039 766 1070 Lui
782 1040 943 1079 préparer
965 1041 1053 1070 cette
1072 1048 1135 1070 eau
1163 1040 1267 1071 serait
1289 1048 1375 1079 pour
1399 1040 1462 1072 elle
1479 1041 1512 1071 la
1531 1041 1608 1079 plus
1630 1038 1790 1077 agréable

427 1078 632 1117 occupation
655 1079 696 1109 de
715 1088 753 1109 sa
771 1080 836 1109 vie.

339 1118 401 1151 120
424 1118 598 1152 Trissin
633 1118 642 1162 (
659 1118 892 1163 J.-Georges
928 1118 1127 1160 Trissino,
1165 1118 1225 1154 dit
1259 1119 1349 1164 le),
1387 1119 1500 1164 poète
1537 1118 1699 1153 illustre
1737 1117 1788 1151 du

424 1171 507 1197 xvi'
542 1163 675 1205 siècle,
705 1173 757 1197 un
789 1163 856 1198 des
884 1163 1119 1208 principaux
1149 1166 1444 1199 restaurateurs
1472 1164 1539 1198 des
1571 1163 1712 1198 lettres
1740 1172 1789 1196 en

424 1206 600 1242 Italie.—
614 1207 656 1242 L.
679 1218 713 1242 a.
734 1219 763 1242 s.
784 1208 806 1242 à
824 1218 865 1243 sa
884 1208 1044 1242 cousine
1064 1207 1237 1243 Isabetta
1256 1209 1435 1244 Trissina
1453 1208 1492 1243 di
1513 1208 1576 1243 Pii
1594 1220 1602 1252 ;
1624 1207 1790 1251 Sarego,

429 1253 466 1285 18
485 1262 545 1287 av.
571 1253 664 1294 1522,
690 1254 699 1286 1
725 1262 760 1297 p.
781 1252 872 1288 in-f.
893 1252 1016 1288 Trace
1036 1252 1082 1287 de
1103 1253 1253 1288 cachet.
1683 1254 1727 1287 30
1773 1265 1790 1282 »

466 1296 687 1335 Autographe
705 1306 781 1328 rare
803 1299 837 1327 et
857 1297 1027 1336 précieux,
1050 1298 1138 1328 mais
1155 1299 1490 1328 malheureusement
1513 1297 1616 1337 piqué
1641 1296 1790 1327 d’humi¬

428 1335 508 1366 dité.
528 1336 699 1375 Quelques
724 1338 813 1367 mots
829 1339 1018 1376 manquent
1044 1338 1064 1367 à
1085 1337 1117 1367 la
1141 1337 1188 1367 lin
1206 1338 1266 1368 des
1291 1337 1370 1368 neuf
1393 1337 1579 1377 premières
1598 1337 1720 1374 lignes.
1739 1334 1791 1366 On

426 1376 506 1413 peut
526 1376 639 1406 suivre
662 1376 864 1407 néanmoins
884 1376 914 1406 le
932 1376 967 1406 fil
981 1377 1026 1407 du
1046 1378 1148 1406 texte.
1162 1377 1190 1407 Il
1209 1377 1303 1407 vient
1317 1377 1377 1407 des
1391 1377 1547 1407 archives
1566 1376 1627 1407 des
1647 1376 1791 1406 descen¬

426 1414 528 1444 dants
549 1415 593 1445 du
615 1414 757 1449 Trissin,
778 1415 836 1454 qui
857 1424 898 1445 ne
918 1416 1137 1454 possédaient
1151 1424 1217 1455 que
1238 1418 1327 1446 cette
1340 1416 1451 1446 lettre.

844 1506 1291 1547 CABINET

378 1582 1762 1690 D’AUTOGRAPHES

1045 1711 1092 1735 DE

694 1754 939 1801 Gabriel
992 1754 1448 1802 CHARAVAY

994 1831 1146 1856 EXPERT

523 1871 751 1949 (AICIE1E
775 1871 925 1937 MAISON
949 1871 1121 1945 MU
1145 1873 1235 1937 POE
1261 1871 1353 1939 AI.
1379 1873 1611 1947 LAVERDET)

787 1962 928 2008 Quai
957 1963 1032 2000 du
1063 1964 1294 2009 Louvre,
1326 1965 1357 2002 8

444 2079 670 2117 Collection
703 2079 992 2117 considérable
1023 2078 1352 2128 d’Autographes
1386 2080 1460 2117 des
1491 2080 1710 2119 célébrités
1746 2081 1796 2118 de

345 2133 435 2168 tous
456 2140 606 2177 genres
628 2141 635 2165 :
658 2131 917 2177 souverains,
944 2130 1135 2167 hommes
1157 2130 1303 2177 d'Etat,
1325 2130 1590 2179 littérateurs,
1611 2134 1796 2178 savants,

342 2181 539 2228 peintres,
559 2180 858 2228 dessinateurs,
889 2191 1103 2228 graveurs,
1131 2181 1372 2227 musiciens,
1395 2183 1558 2219 acteurs
1591 2184 1630 2219 et
1659 2185 1798 2220 autres

342 2232 508 2268 artistes
524 2242 532 2278 ;
560 2230 790 2268 nombreux
816 2234 982 2268 cartons
1009 2230 1059 2268 de
1084 2231 1223 2279 pièces
1253 2231 1448 2270 relatives
1473 2243 1553 2269 aux
1578 2233 1799 2280 provinces

345 2281 395 2319 de
421 2282 578 2319 France
598 2283 637 2318 et
659 2292 738 2318 aux
756 2281 939 2319 familles
964 2281 1123 2319 nobles.

445 2330 585 2370 Grand
601 2331 722 2369 choix
736 2331 1067 2379 d'Autographes
1087 2343 1191 2380 pour
1209 2332 1487 2370 l’illustration
1504 2333 1578 2371 des
1598 2332 1739 2371 livres.

444 2381 758 2420 L’authenticité
792 2382 866 2419 des
886 2383 1176 2430 Autographes
1195 2385 1257 2420 est
1294 2384 1493 2431 garantie,
1525 2393 1624 2421 sans
1648 2381 1797 2420 condi¬

344 2433 434 2470 tion
455 2432 504 2469 de
520 2435 665 2481 temps,
693 2432 961 2470 c’est-à-dire
985 2432 1109 2469 d'une
1131 2432 1318 2469 manière
1338 2433 1517 2472 absolue.

444 2482 577 2521 Achat
602 2482 652 2520 de
675 2482 916 2521 collections
936 2483 1281 2535 d’Apkrgr^piiçs,
1304 2496 1358 2520 au
1383 2486 1595 2534 comptant
1608 2496 1625 2529 ;
1647 2482 1797 2521 rédac¬

345 2534 430 2571 tion
456 2534 506 2571 de
528 2533 779 2580 catalogues,
808 2520 1266 2581 ventes/C/’l’âniiable
1284 2545 1338 2574 ou
1367 2545 1447 2573 aux
1472 2535 1674 2573 enchères
1693 2543 1799 2581 pour

346 2584 384 2622 le
407 2586 571 2632 compte
594 2583 667 2620 des
686 2571 970 2636 possesseur/,

749 2647 936 2684 Imprimer^
947 2651 978 2679 J,
997 2650 1217 2685 LEGERE,rue
1229 2646 1521 2684 des,Bobs-Enlants,
1538 2651 1580 2677 40.

567 2651 682 2679 Rouen.

1338 2768 1342 2773 ■
