1876 2823
958 132 999 137 —
1029 114 1066 147 14
1091 133 1132 137 —

341 207 379 241 91
407 208 621 252 Knowles
641 206 774 252 (J.-S.),
800 206 952 242 célèbre
982 208 1126 242 auteur
1156 206 1420 253 dramatique,
1440 207 1476 242 le
1495 207 1773 242 restaurateur

410 252 460 286 du
481 252 634 287 théâtre
658 251 825 297 anglais.
845 272 887 277 —
906 252 948 287 L.
981 263 1016 287 a.
1049 262 1079 287 s.
1112 262 1161 287 au
1193 252 1347 288 colonel
1377 252 1507 297 Hone;
1539 251 1770 289 Baltimore,

414 299 508 338 1838,
533 299 544 331 1
567 307 603 342 p.
624 297 720 339 in-4,
740 296 889 332 cachet.
1687 298 1708 331 4
1755 309 1772 326 »

342 346 386 380 92
410 347 533 391 Kock
550 347 660 391 (Paul
681 346 754 391 de),
775 347 811 381 le
831 346 1054 381 romancier
1073 346 1291 392 populaire.—L.
1400 357 1433 382 a.
1449 357 1478 382 s.
1533 346 1583 382 àM.
1600 345 1771 388 Olivier;

410 392 533 436 (1843),
569 393 629 435 1/2
664 402 701 437 p.
739 391 831 427 in-8.
868 391 1102 437 Spirituelle
1140 391 1281 437 épitre,
1317 391 1440 427 écrite
1471 402 1519 426 en
1553 389 1772 435 baragouin

409 435 562 472 italien.
1689 437 1710 469 4
1756 448 1773 465 »

343 486 386 519 93
409 486 471 520 La
490 487 712 530 Chaussée
732 486 899 530 (Nivelle
920 485 995 529 de),
1017 497 1070 520 un
1089 485 1156 521 des
1177 486 1383 521 meilleurs
1414 486 1547 531 poètes
1572 484 1773 530 comiques

409 530 459 564 du
480 540 579 565 xvm
583 537 595 553 e
615 531 747 573 siècle,
770 530 815 565 de
837 530 982 566 l’Acad.
1003 531 1052 566 t'r.
1073 551 1115 555 —
1135 531 1175 566 L.
1197 542 1231 566 a.
1253 542 1298 574 s.,
1324 534 1333 565 1
1359 541 1394 576 p.
1416 532 1511 565 in-8.
1664 531 1707 564 23
1755 543 1771 559 »

451 574 656 606 Charmante
676 576 784 614 épitre
808 575 966 607 adressée
986 575 1006 605 à
1024 585 1071 605 un
1089 575 1292 611 littérateur,
1316 576 1440 615 auquel
1468 575 1533 606 M"“
1562 574 1772 611 d’Ange

411 614 483 643 doit
515 615 645 646 donner
665 615 739 646 avis
758 623 823 655 que
841 615 871 644 la
890 614 1036 645 sublime
1068 617 1187 653 troupe
1216 616 1262 654 (la
1286 614 1446 646 Comédie
1476 613 1658 651 française)
1685 613 1730 643 lui
1754 623 1774 643 a

410 654 555 686 accordé
573 663 628 684 ses
647 655 782 685 entrées
800 662 882 684 avec
901 655 979 684 tous
997 654 1048 684 les
1063 654 1399 693 applaudissements
1417 654 1595 693 possibles.

342 699 385 731 94
410 698 656 742 Lafayette,
683 698 868 733 l’illustre
889 698 1062 743 général.
1083 719 1124 723 —
1143 699 1185 733 L.
1207 709 1241 733 a.
1263 709 1293 734 s.
1315 699 1337 733 à
1355 698 1407 733 M.
1429 698 1608 742 Masclet,
1637 699 1774 734 consul

410 742 432 776 à
451 742 569 784 Nice;
595 745 632 778 13
651 743 728 777 mai
753 745 848 785 1833,
873 745 882 777 1
908 753 943 788 p.
964 742 1061 779 in-4.
1672 746 1710 778 10
1758 756 1774 776 »

450 792 704 823 Très-curieuse
732 793 832 823 lettre
861 793 1036 832 politique,
1069 793 1173 823 écrite
1207 802 1254 824 un
1288 802 1331 824 an
1366 794 1470 823 avant
1491 802 1529 823 sa
1550 794 1652 824 mort.
1674 794 1776 824 Alors

411 832 497 862 dans
517 833 547 862 le
568 832 657 871 parti
674 832 886 871 républicain
905 833 939 862 et
958 841 1000 862 en
1020 832 1130 870 pleine
1146 832 1340 871 opposition
1357 840 1440 863 avec
1453 833 1484 862 le
1494 835 1774 870 gouvernement,

412 871 433 900 il
454 880 473 900 a
492 872 545 901 été
562 871 676 911 obligé
696 872 738 902 de
756 871 840 902 faire
866 871 974 901 valoir
1000 871 1124 910 auprès
1151 872 1192 901 de
1217 872 1261 901 M.
1291 872 1332 902 de
1361 871 1509 909 Broglie,
1542 872 1708 907 ministre,
1743 873 1776 903 la

410 909 602 941 dissidence
616 910 808 950 d’opinions
826 911 886 949 qui
904 910 1012 941 existe
1041 912 1137 941 entre
1161 911 1208 940 lui
1239 912 1273 941 et
1302 910 1344 940 M.
1368 910 1519 945 Masclet,
1541 920 1603 943 son
1622 912 1774 950 protégé.

413 960 426 978 «
450 949 516 980 J’ai
534 951 645 979 môme
664 949 716 981 été
738 950 850 986 obligé
870 949 1036 988 d’ajouter
1055 959 1098 980 en
1116 950 1217 985 riant,
1249 950 1351 985 dit-il,
1383 959 1447 989 que
1481 958 1566 988 pour
1599 953 1723 981 mettre
1756 952 1774 980 à

411 988 504 1019 l'aise
519 998 556 1019 sa
580 988 744 1028 politique
760 989 801 1019 de
815 988 905 1027 juste
922 988 1051 1024 milieu,
1068 988 1100 1027 je
1116 989 1232 1019 devais
1257 998 1300 1020 en
1325 988 1526 1020 conscience
1544 990 1592 1020 lui
1613 989 1686 1020 dire
1709 999 1775 1029 que

412 1035 497 1058 vous
516 1028 601 1059 étiez
626 1028 804 1067 beaucoup
834 1029 910 1066 plus
938 1029 979 1058 de
1010 1036 1049 1058 sa
1081 1036 1214 1059 nuance
1246 1037 1312 1067 que
1337 1029 1379 1059 de
1410 1030 1441 1058 la
1469 1028 1618 1059 mienne.
1646 1039 1660 1058 »
1697 1029 1724 1060 Il
1756 1037 1775 1059 a

412 1068 550 1106 rappelé
579 1067 671 1097 aussi
701 1067 841 1099 l’amitié
873 1076 938 1106 que
968 1069 1001 1098 la
1027 1067 1224 1098 belle-mère
1245 1069 1286 1097 de
1315 1067 1359 1098 M.
1392 1068 1433 1098 de
1462 1068 1609 1105 Broglie,
1639 1068 1706 1098 M™°
1735 1069 1776 1099 de

412 1107 512 1141 Staël,
536 1115 556 1136 a
574 1115 660 1145 pour
671 1106 714 1136 M.
734 1106 883 1141 Masclet,
905 1107 987 1137 dont
1005 1115 1049 1137 on
1067 1109 1148 1137 veut
1166 1107 1297 1138 donner
1315 1107 1347 1137 la
1364 1106 1460 1145 place
1479 1108 1499 1137 à
1516 1116 1563 1138 un
1582 1109 1691 1142 autre,
1711 1110 1776 1138 etc.

346 1153 389 1186 95
413 1153 678 1195 Lamennais
698 1151 845 1196 (F.-de),
866 1151 1025 1187 illustre
1044 1151 1220 1186 écrivain
1243 1151 1430 1201 français.
1450 1172 1493 1177 —
1511 1152 1554 1187 L.
1577 1163 1612 1188 a.
1632 1163 1662 1187 s.
1683 1153 1705 1186 à
1725 1163 1777 1187 un

408 1195 669 1241 journaliste;
689 1199 710 1231 9
729 1198 827 1241 sept.
852 1198 947 1239 1824,
972 1198 981 1230 1
1008 1206 1042 1241 p.
1064 1189 1155 1231 in-8.
1691 1199 1712 1231 6
1759 1211 1776 1228 »

452 1240 606 1271 Relative
625 1250 668 1271 au
686 1241 944 1279 compte-rendu
961 1241 1002 1271 de
1018 1250 1072 1271 ses
1087 1241 1176 1272 deux
1205 1240 1360 1272 derniers
1385 1241 1542 1281 volumes
1571 1241 1627 1281 [de
1647 1242 1778 1272 l’Essai

413 1289 479 1310 sur
502 1279 787 1325 VIndifférence).
813 1279 840 1310 Il
867 1279 953 1310 tient
969 1278 1124 1311 d’autant
1141 1281 1218 1320 plus
1240 1281 1260 1310 à
1278 1288 1315 1310 ce
1338 1282 1609 1319 compte-rendu,
1634 1281 1716 1321 qu’il
1736 1289 1777 1311 ne

414 1327 490 1349 sera
509 1320 755 1350 certainement
772 1327 836 1359 pas
852 1320 1007 1350 annoncé
1026 1321 1111 1350 dans
1130 1320 1179 1350 les
1197 1319 1327 1350 Débats
1345 1319 1379 1350 ni
1401 1320 1487 1351 dans
1505 1320 1538 1351 la
1559 1320 1718 1352 Gazette.

346 1366 390 1398 96
413 1365 614 1407 Laprade
634 1363 783 1407 (Victor
802 1364 875 1408 de),
898 1364 1025 1408 poète,
1045 1364 1092 1398 de
1113 1364 1256 1399 l’Acad.
1277 1364 1326 1400 tr.
1347 1385 1389 1389 —
1408 1364 1451 1400 L.
1473 1375 1507 1400 a.
1534 1375 1564 1401 s.
1591 1376 1640 1401 au
1665 1365 1777 1411 poète

413 1409 585 1451 Autran;
607 1407 732 1453 Lyon,
756 1410 849 1448 1842,
870 1410 892 1442 2
911 1419 946 1453 p.
970 1410 1032 1451 1/2
1050 1409 1141 1451 in-8,
1164 1409 1313 1444 cachet.
1693 1413 1714 1445 5
1761 1423 1777 1441 »

453 1458 542 1489 Jolie
573 1459 606 1489 et
641 1458 867 1490 intéressante
899 1459 1019 1497 épitre.
1041 1458 1068 1489 Il
1091 1459 1138 1489 lui
1166 1460 1339 1497 témoigne
1361 1468 1424 1490 son
1454 1460 1659 1491 admiration
1694 1469 1780 1499 pour

414 1506 468 1528 ses
486 1497 629 1536 poésies,
654 1500 687 1528 et
704 1498 814 1529 désire
832 1498 1009 1537 beaucoup
1026 1498 1107 1537 qu’il
1128 1499 1240 1530 donne
1257 1508 1302 1529 au
1319 1500 1433 1538 public
1452 1508 1490 1529 sa
1510 1499 1604 1538 pièce
1623 1500 1630 1530 :
1648 1500 1779 1530 Plume

414 1537 561 1567 blanche
582 1538 614 1567 et
637 1537 766 1568 Plume
785 1537 900 1568 noire.
921 1537 1036 1573 Quant
1052 1538 1071 1567 à
1086 1538 1144 1573 lui,
1162 1538 1184 1568 il
1200 1547 1237 1569 se
1253 1547 1398 1577 propose
1420 1540 1461 1570 de
1482 1539 1616 1577 publier
1644 1539 1778 1570 bientôt

416 1584 465 1606 un
479 1577 615 1606 volume
634 1577 675 1607 de
693 1585 749 1607 ses
767 1578 916 1616 poèmes.

348 1624 388 1657 97
415 1623 477 1656 La
496 1622 728 1665 Trémoille
759 1621 945 1666 (Georges
963 1621 1015 1656 III
1034 1621 1107 1666 de),
1136 1622 1325 1667 seigneur
1347 1622 1393 1657 de
1419 1622 1615 1666 Jonvelle,
1648 1623 1778 1658 cham¬

416 1665 545 1700 bellan
567 1666 612 1700 de
634 1666 751 1701 Louis
772 1666 844 1701 XII
864 1671 904 1701 et
923 1666 968 1700 de
990 1666 1177 1714 François
1209 1670 1220 1701 1
1227 1673 1253 1688 er
1259 1694 1268 1709 ,
1298 1666 1706 1712 lieutenant-général
1731 1668 1778 1702 de

414 1711 666 1755 Bourgogne,
698 1710 909 1745 défenseur
938 1710 984 1745 de
1016 1710 1134 1756 Dijon
1165 1714 1301 1747 contre
1327 1712 1384 1747 les
1410 1712 1577 1748 Suisses.
1597 1732 1640 1737 —
1661 1713 1778 1747 Pièce

415 1755 446 1791 si
453 1765 510 1800 g.;
530 1755 660 1801 Dijon,
685 1758 724 1791 13
742 1765 831 1790 nov.
856 1757 949 1798 1525,
970 1757 1099 1790 traces
1118 1756 1164 1790 de
1185 1767 1315 1792 sceau.
1677 1760 1716 1792 15
1762 1771 1779 1789 »

457 1805 556 1837 Pièce
581 1806 770 1845 historique
787 1805 926 1836 relative
944 1807 964 1836 à
983 1806 1016 1836 la
1034 1807 1268 1838 construction
1287 1809 1321 1837 et
1336 1807 1531 1847 réparation
1550 1807 1610 1838 des
1629 1808 1728 1838 villes
1748 1809 1782 1838 et

418 1845 587 1877 châteaux
605 1846 650 1877 du
668 1854 753 1884 pays
772 1846 812 1876 de
832 1846 1048 1883 Bourgogne.

350 1892 392 1925 98
416 1890 594 1932 Lekain,
628 1890 784 1925 illustre
815 1889 1022 1935 tragédien
1054 1889 1237 1939 français.
1258 1911 1300 1915 —
1319 1889 1435 1925 Pièce
1467 1893 1562 1931 aut.,
1584 1893 1606 1926 2
1625 1902 1661 1937 p.
1688 1891 1776 1928 in-f.

417 1938 642 1970 Intéressante.
1672 1939 1712 1971 10
1759 1951 1776 1968 »

460 1979 651 2010 Réflexions
669 1979 838 2010 soumises
866 1987 927 2018 par
954 1978 1083 2009 Lekain
1099 1979 1119 2009 à
1142 1979 1290 2011 Voltaire
1316 1987 1376 2010 sur
1402 1980 1452 2010 les
1472 1988 1640 2020 coupures
1655 1982 1675 2012 à
1692 1981 1775 2012 faire

417 2021 438 2051 à
454 2020 486 2050 la
504 2018 656 2057 tragédie
673 2018 695 2049 d
698 2018 840 2049 ’Alzire.

351 2067 394 2100 99
418 2063 639 2107 Lemierre
669 2062 824 2107 (A.-M.),
857 2062 968 2108 poète
1000 2062 1168 2106 célèbre,
1199 2063 1245 2098 de
1278 2063 1422 2099 l’Acad.
1454 2064 1503 2100 fr.
1524 2084 1565 2090 —
1584 2065 1626 2100 L.
1648 2075 1682 2100 a.
1704 2076 1733 2101 s.
1755 2065 1777 2100 à

419 2109 544 2145 l’abbé
564 2109 609 2143 de
630 2108 875 2147 Villeneuve,
900 2109 995 2150 1786,
1019 2110 1029 2142 1
1054 2118 1089 2152 p.
1110 2108 1216 2151 in-4.,
1238 2108 1388 2144 cachet.
1407 2112 1504 2144 Rare.
1672 2112 1711 2145 12
1758 2124 1774 2141 »

457 2154 611 2186 Relative
628 2154 649 2184 à
667 2161 732 2183 une
749 2153 871 2183 séance
889 2152 931 2182 de
948 2151 1157 2184 l’Académie
1173 2153 1353 2191 française.

334 2202 395 2235 100
418 2200 555 2243 Linné
574 2198 680 2243 (Ch.),
712 2198 747 2233 le
778 2197 901 2243 grand
932 2198 1141 2234 botaniste.
1161 2218 1203 2223 —
1229 2198 1269 2233 L.
1292 2209 1325 2233 a.
1347 2209 1376 2233 s.
1398 2209 1447 2233 en
1467 2199 1567 2242 tète,
1589 2210 1637 2234 en
1659 2200 1775 2243 latin,

420 2256 468 2280 au
485 2243 679 2279 botaniste
694 2244 907 2288 Sauvages,
922 2243 944 2277 à
956 2243 1213 2288 Montpellier
1225 2255 1233 2288 ;
1249 2243 1493 2288 Stockholm,
1508 2246 1551 2279 20
1563 2247 1662 2290 sept.
1681 2246 1777 2288 1740,

420 2293 441 2326 3
459 2300 494 2335 p.
516 2289 568 2334 pl.
589 2288 685 2331 in-4,
705 2287 842 2323 cachet
860 2287 1005 2322 camée.
1675 2291 1718 2325 35
1766 2303 1782 2320 »

460 2340 672 2379 Importante
693 2339 791 2368 lettre
812 2337 1027 2377 scientifique
1057 2339 1196 2369 relative
1223 2339 1244 2369 à
1265 2347 1322 2369 ses
1343 2346 1513 2377 ouvrages
1539 2342 1572 2370 et
1590 2340 1609 2370 à
1633 2348 1719 2370 ceux
1740 2340 1782 2370 de

420 2380 604 2417 Sauvages.
632 2378 659 2407 Il
683 2379 735 2408 est
761 2377 982 2417 très-inquiet
1003 2377 1044 2407 de
1064 2386 1106 2408 ne
1127 2378 1277 2409 recevoir
1299 2386 1431 2409 aucune
1452 2380 1607 2409 nouvelle
1628 2380 1669 2410 de
1698 2379 1783 2409 Ber¬

421 2420 505 2449 nard
518 2419 559 2448 de
573 2417 722 2451 Jussieu,
742 2417 867 2456 auquel
884 2417 908 2446 il
928 2425 948 2446 a
969 2417 1055 2447 écrit
1075 2417 1155 2457 cinq
1175 2417 1239 2448 fois
1252 2417 1374 2457 depuis
1390 2425 1452 2448 son
1468 2419 1583 2449 retour
1598 2426 1641 2449 en
1658 2418 1782 2448 Suède.

421 2460 481 2489 Ses
500 2459 616 2488 lettres
637 2459 715 2487 sont
732 2457 860 2487 restées
878 2464 960 2486 sans
978 2456 1134 2495 réponse.
1154 2457 1286 2496 (Linné,
1308 2457 1328 2486 à
1343 2464 1406 2486 son
1424 2465 1554 2495 voyage
1573 2459 1593 2488 à
1610 2457 1718 2492 Paris,
1741 2465 1781 2487 en

422 2497 505 2531 1738,
528 2497 621 2527 avait
638 2496 690 2526 ôté
706 2503 786 2532 reçu
804 2503 885 2526 avec
903 2494 1103 2527 distinction
1122 2503 1185 2534 par
1202 2495 1356 2526 Bernard
1378 2496 1420 2526 de
1437 2497 1606 2534 Jussieu.)

337 2545 391 2578 101
420 2543 548 2578 Louis
566 2542 677 2583 XIV,
699 2540 757 2575 roi
778 2542 823 2575 de
844 2540 1007 2575 France.
1028 2561 1070 2565 —
1090 2540 1206 2575 Pièce
1227 2543 1322 2583 aut.,
1350 2543 1360 2574 1
1385 2552 1420 2586 p.
1446 2543 1506 2585 1/2
1525 2542 1617 2577 in-8.
1695 2543 1716 2575 6
1764 2554 1780 2572 »

459 2586 584 2618 Ordres
602 2594 687 2624 pour
704 2586 764 2616 des
782 2585 930 2622 grandes
951 2594 1168 2617 manœuvres
1186 2586 1312 2617 autour
1328 2586 1369 2617 de
1388 2586 1608 2626 Compiègne.
