1876 2823
922 142 962 175 —
991 142 1029 175 12
1053 160 1094 165 —

304 238 347 273 67
371 238 618 278 Boucherat
634 236 791 278 (Louis),
812 235 963 271 célèbre
983 235 1209 271 chancelier
1228 237 1274 272 de
1296 236 1459 272 France.
1480 256 1521 262 —
1542 236 1582 271 L.
1604 247 1637 271 a.
1659 247 1688 272 s.
1710 237 1732 271 à

371 281 564 325 Mazarin;
584 281 747 323 Nantes,
766 284 786 315 8
805 282 880 315 oct.
905 283 998 322 1657,
1018 283 1039 315 2
1059 291 1095 326 p.
1117 280 1214 316 in-4.
1629 283 1666 316 18
1713 294 1729 312 »

413 331 504 362 Belle
524 333 621 363 lettre
640 331 779 362 relative
795 339 862 361 aux
882 331 1016 362 affaires
1028 331 1069 363 de
1086 331 1226 367 Nantes,
1244 333 1289 363 où
1303 332 1505 363 commande
1518 332 1547 362 le
1560 331 1731 363 maréchal

374 371 415 401 de
434 371 466 401 la
482 371 684 409 Meilleraye.

308 417 351 452 68
374 417 581 461 Bourbon
611 416 785 461 (Charles
822 415 869 457 II,
902 415 1076 451 cardinal
1115 415 1189 460 de),
1221 415 1464 461 archevêque
1501 416 1547 451 de
1577 416 1731 457 Rouen,

376 461 571 505 proclamé
591 461 650 496 roi
671 461 717 496 de
738 460 888 495 France
909 470 978 505 par
997 460 1036 495 la
1054 460 1178 506 Ligue
1199 471 1289 496 sous
1310 461 1345 496 le
1365 471 1454 495 nom
1475 461 1521 497 de
1541 462 1673 497 Charles
1693 463 1731 495 X.

423 504 460 541 —L.
482 505 569 550 sig.,
592 516 684 540 avec
707 505 745 540 la
764 504 972 550 souscript.
994 507 1091 548 aut.,
1112 516 1160 539 au
1181 505 1378 540 maréchal
1473 505 1734 542 Saint-Maur-

375 549 603 593 les-Fossés,
633 553 674 585 27
702 549 797 595 juil.
831 551 925 592 1580,
963 552 973 584 1
1009 560 1045 594 p.
1077 549 1182 594 in-f.,
1213 552 1341 585 traces
1369 549 1415 585 de
1446 550 1595 585 cachet.
1624 549 1734 585 Belle

376 593 498 639 pièce.
517 598 614 630 Rare.
1628 596 1670 629 30
1717 607 1732 625 «

309 646 352 680 69
375 645 754 688 Boyer-Fonfrède
796 644 938 689 (J.-B.),
977 655 1029 679 un
1072 644 1139 680 des
1181 644 1268 690 plus
1304 644 1477 680 célèbres
1514 644 1733 690 girondins,

376 688 553 735 décapité
573 691 595 724 à
619 692 659 724 27
686 700 768 724 ans.
788 709 830 714 —
849 689 964 724 Pièce
984 689 1075 735 sig.;
1100 692 1139 724 12
1164 700 1224 725 av.
1257 691 1352 732 1793,
1376 692 1388 724 1
1417 700 1452 735 p.
1473 689 1579 733 in-f.,
1604 699 1733 725 sceau.

380 737 473 769 Rare.
1649 736 1670 768 6
1719 746 1733 764 »

418 784 647 819 Nomination,
668 793 729 824 par
747 785 778 815 la
796 784 1017 819 Convention,
1040 785 1081 815 de
1101 785 1321 823 Despinassy,
1341 784 1529 816 Roubeaud
1547 786 1582 815 et
1600 785 1734 818 Barras,

379 832 511 855 comme
528 825 783 863 représentants
802 833 869 854 aux
889 824 1021 855 armées
1039 824 1085 854 du
1104 824 1184 855 Var.

309 869 354 904 70
377 869 599 912 Bretagne
623 868 719 912 (Don
740 868 894 912 gratuit
918 867 990 912 de).—Arrêt
1178 867 1317 902 relatif
1338 879 1386 903 au
1408 868 1484 903 don
1511 867 1665 913 gratuit
1690 867 1736 902 de

378 913 590 963 Bretagne,
619 912 781 948 accordé
810 924 858 948 au
889 913 946 948 roi
976 923 1046 958 par
1074 913 1130 947 les
1149 913 1249 947 états
1278 912 1323 947 de
1344 915 1446 948 cette
1477 912 1660 958 province
1689 923 1736 947 en

379 957 474 999 1651,
489 957 600 1003 signé
620 960 690 1003 par
708 959 841 1000 Séquier
856 957 1005 1003 (Pierre
1021 957 1098 999 III),
1113 958 1195 991 Mole
1209 957 1426 1002 (Mathieu),
1440 960 1597 1001 Foucquet
1610 957 1736 1002 (Nie.),

378 1004 522 1041 Servien,
543 1005 632 1043 etc.,
658 1004 753 1045 1653,
772 1004 793 1037 2
813 1013 848 1047 p.
873 1004 933 1046 1/2
952 1002 1038 1037 in-f.
1060 1002 1176 1037 Pièce
1198 1002 1476 1037 intéressante.
1634 1003 1672 1037 15
1719 1015 1735 1033 »

311 1053 350 1087 71
379 1053 577 1097 Campan
590 1052 640 1097 (M
645 1059 681 1074 me
685 1053 707 1097 ),
723 1052 884 1087 lectrice
902 1052 947 1087 de
962 1051 1356 1095 Marie-Antoinette,
1371 1052 1674 1088 surintendante
1690 1051 1737 1086 de

379 1097 417 1132 la
437 1097 584 1132 maison
610 1097 814 1132 d’Ecouen.
835 1118 877 1122 —
898 1097 939 1132 L.
960 1108 993 1132 a.
1014 1108 1059 1141 s.;
1087 1097 1258 1140 Ecouen,
1284 1099 1378 1139 1814,
1402 1100 1413 1132 1
1440 1108 1475 1143 p.
1498 1097 1621 1142 grand
1641 1098 1737 1131 in-8.

380 1141 483 1177 Jolie
504 1141 626 1187 pièce.
1653 1143 1674 1175 4
1721 1156 1738 1173 ><

311 1193 356 1227 72
381 1193 618 1237 Constable
637 1192 775 1237 (John),
797 1192 832 1228 le
854 1191 976 1243 grand
997 1191 1152 1237 peintre
1173 1192 1397 1237 paysagiste
1418 1191 1581 1239 anglais.—
1641 1191 1681 1227 L.
1704 1202 1738 1226 a.

380 1247 410 1271 s.
432 1237 453 1271 à
471 1237 518 1272 R.
538 1237 740 1280 Balmano,
765 1240 774 1272 1
800 1248 834 1282 p.
857 1240 953 1272 in-8.
975 1236 1125 1272 cachet.
1144 1239 1243 1271 Rare.
1655 1239 1675 1270 8
1722 1251 1739 1268 »

315 1288 357 1323 73
381 1288 530 1332 Cottin
549 1287 598 1332 (M
604 1294 641 1310 me
645 1290 667 1332 ),
688 1287 932 1323 romancière
953 1286 1121 1330 célèbre,
1142 1288 1287 1322 auteur
1305 1287 1351 1322 de
1372 1289 1536 1325 Malvina.—
1589 1287 1632 1322 L.
1655 1297 1688 1322 a.
1709 1298 1740 1322 s.

383 1334 404 1366 à
424 1331 463 1367 la
480 1332 688 1377 citoyenne
708 1333 879 1379 Bigand;
901 1335 943 1368 30
965 1332 1065 1375 flor.,
1090 1334 1102 1366 1
1126 1342 1161 1377 p.
1188 1332 1279 1367 in-4.
1654 1334 1675 1366 7
1724 1346 1741 1363 »

316 1386 360 1419 74
384 1386 563 1430 Courier
571 1386 717 1431 (P.-L.),
726 1386 762 1421 le
772 1385 954 1420 mordant
962 1384 1261 1430 pamphlétaire.—L.
1367 1395 1400 1420 a.
1414 1395 1443 1420 s.
1456 1385 1524 1421 àM
1528 1390 1565 1407 m0
1575 1384 1741 1428 Soehne,

388 1431 482 1473 1824,
506 1432 516 1464 1
540 1441 574 1475 p.
597 1430 687 1466 in-4.
1639 1432 1678 1465 18
1724 1443 1741 1461 »

317 1481 361 1516 75
383 1480 628 1526 Delavigne
648 1480 855 1526 (Casimir),
870 1480 1042 1515 l’auteur
1061 1479 1128 1515 des
1147 1481 1394 1518 Messéniennes,
1415 1479 1460 1514 de
1482 1479 1625 1515 l’Acad.
1647 1480 1742 1515 fr.—

384 1525 427 1559 L.
448 1535 482 1560 a.
503 1536 532 1560 s.
553 1536 575 1559 a
592 1525 644 1561 M.
665 1526 813 1570 Becqx;
829 1525 920 1571 juin
944 1526 1038 1567 1814,
1054 1526 1075 1559 3
1096 1535 1130 1570 p.
1152 1523 1243 1559 in-8.
1265 1524 1396 1560 Petite
1417 1524 1626 1560 déchirure
1647 1525 1743 1560 dans

386 1569 424 1603 la
442 1569 647 1615 signature
667 1581 737 1616 par
755 1571 794 1605 la
812 1572 978 1615 rupture
998 1569 1049 1604 du
1071 1569 1220 1605 cachet.
1637 1572 1676 1605 10
1724 1584 1742 1602 »

426 1619 678 1652 Très-curieuse
705 1621 822 1659 épitre.
846 1621 873 1651 Il
892 1619 1059 1659 plaisante
1086 1629 1144 1650 sur
1164 1620 1334 1654 Pontoise,
1364 1628 1422 1650 sur
1441 1628 1497 1651 ses
1524 1621 1692 1659 remparts
1711 1623 1747 1651 et

388 1668 447 1689 sur
470 1668 517 1689 un
543 1660 635 1698 siège
653 1660 860 1691 mémorable
879 1659 999 1699 qu’elle
1018 1668 1038 1690 a
1062 1661 1207 1690 soutenu
1227 1668 1270 1689 au
1290 1662 1442 1689 moment
1467 1660 1509 1690 de
1529 1659 1666 1691 l’entrée
1685 1661 1745 1691 des

389 1699 495 1729 alliés.
521 1699 853 1730 Malheureusement
880 1699 929 1729 les
955 1698 1123 1738 journaux
1145 1700 1204 1729 ont
1231 1698 1283 1729 été
1310 1698 1451 1737 remplis
1480 1699 1521 1729 de
1553 1708 1609 1730 ces
1630 1698 1743 1733 récits,

390 1750 404 1766 «
423 1737 581 1777 jusqu’au
599 1740 751 1769 moment
774 1739 818 1770 où
837 1746 898 1769 nos
917 1738 1004 1769 bons
1022 1737 1110 1769 amis
1136 1738 1186 1768 les
1206 1737 1361 1768 ennemis
1381 1739 1459 1768 sont
1474 1738 1588 1769 entrés
1607 1739 1693 1769 dans
1713 1739 1746 1769 la

391 1776 534 1816 capitale
553 1786 596 1808 au
618 1786 680 1808 son
698 1779 743 1809 du
766 1778 931 1813 tambour,
955 1778 987 1808 le
1006 1777 1106 1808 sabre
1125 1786 1168 1807 au
1187 1776 1292 1815 poing
1314 1778 1347 1808 et
1368 1777 1398 1807 le
1413 1777 1497 1815 petit
1517 1777 1593 1808 brin
1610 1777 1746 1808 d’herbe

390 1825 449 1846 sur
475 1816 506 1846 le
533 1817 685 1856 chapeau
712 1826 753 1848 en
778 1816 928 1847 manière
956 1817 997 1847 de
1015 1816 1151 1847 laurier.
1172 1816 1304 1846 Pauvre
1330 1816 1577 1855 malheureuse,
1606 1819 1643 1847 tu
1661 1817 1746 1847 étais

391 1858 517 1890 acteur,
538 1856 651 1887 tandis
667 1865 732 1895 que
747 1858 841 1888 toute
859 1855 1015 1894 l’Europe
1032 1855 1114 1886 était
1132 1864 1176 1885 au
1195 1855 1364 1894 spectacle
1378 1855 1425 1886 !...
1448 1865 1462 1885 »

323 1908 367 1941 76
389 1906 668 1951 Desmoulins
695 1906 902 1951 (Camille),
929 1904 1235 1940 conventionnel
1266 1907 1306 1940 et
1336 1905 1548 1950 publiciste
1577 1905 1745 1949 célèbre,

392 1950 496 1985 l’une
533 1951 599 1985 des
628 1951 776 1996 figures
811 1950 868 1986 les
900 1950 986 1995 plus
1023 1949 1319 2002 sympathiques
1351 1949 1396 1984 de
1433 1950 1472 1985 la
1505 1950 1747 1986 Révolution

394 1995 601 2044 française.
620 2015 662 2020 —
683 1996 724 2030 L.
750 2006 784 2030 a.
812 2005 842 2030 s.
869 1995 891 2029 à
915 2005 982 2030 son
1008 1995 1114 2040 père,
1134 1993 1359 2029 lieutenant
1383 1995 1542 2040 général
1567 1995 1589 2030 à
1613 1995 1746 2039 Guise,

394 2042 414 2074 4
434 2039 516 2076 déc.
539 2042 635 2083 1789,
654 2041 718 2078 3/4
738 2040 783 2075 de
804 2050 840 2085 p.
862 2039 953 2074 in-4.
974 2039 1119 2074 Cachet
1138 2039 1160 2073 à
1177 2049 1246 2073 son
1266 2038 1417 2075 chiffre.
1436 2042 1533 2075 Rare.
1623 2042 1683 2075 125
1729 2054 1746 2073 »

434 2091 460 2120 Il
476 2090 524 2121 lui
541 2090 659 2121 envoie
674 2091 705 2121 le
723 2090 734 2120 1
740 2097 763 2109 er
781 2091 921 2121 numéro
935 2090 976 2120 de
993 2097 1056 2120 son
1074 2088 1206 2128 journal
1226 2087 1292 2126 (leu
1306 2087 1537 2120 Révolutions
1552 2089 1594 2120 de
1608 2088 1746 2121 France

393 2133 427 2161 et
454 2128 496 2160 de
520 2129 709 2168 Brabant),
734 2138 815 2160 avec
842 2129 860 2159 2
891 2130 1100 2174 prospectus,
1135 2129 1169 2158 et
1193 2128 1223 2158 le
1249 2127 1321 2167 prie
1351 2128 1392 2159 de
1421 2129 1468 2159 lui
1496 2137 1657 2168 procurer
1687 2130 1747 2160 des

395 2170 545 2200 abonnés
565 2170 650 2199 dans
667 2170 699 2199 le
716 2178 812 2209 pays.
831 2179 845 2198 «
865 2169 918 2199 Me
933 2168 1022 2199 voilà
1035 2167 1246 2207 journaliste,
1264 2166 1363 2202 dit-il,
1379 2170 1411 2198 et
1428 2168 1615 2199 déterminé
1630 2169 1650 2199 à
1668 2178 1749 2200 user

395 2209 602 2247 amplement
620 2209 661 2239 de
682 2209 714 2239 la
734 2208 852 2239 liberté
872 2209 914 2239 de
935 2208 968 2238 la
989 2215 1116 2246 presse.
1140 2217 1154 2235 »
1176 2207 1203 2237 Il
1227 2206 1370 2237 termine
1391 2207 1479 2238 ainsi
1502 2215 1509 2237 :
1533 2219 1547 2237 «
1572 2208 1749 2239 Deviniez-

395 2256 480 2280 vous
498 2257 562 2287 que
579 2248 611 2286 je
629 2248 736 2278 serais
754 2257 799 2278 un
817 2247 964 2278 Romain
980 2247 1094 2285 quand
1110 2254 1196 2277 vous
1213 2254 1267 2276 me
1285 2246 1449 2285 baptisiez
1467 2247 1593 2278 Lucius
1612 2247 1749 2287 Simpli-

396 2288 469 2318 cius
490 2287 661 2322 Camilius,
680 2289 714 2318 et
732 2287 1059 2326 prophétisiez-vous
1072 2287 1087 2317 2
1109 2296 1123 2315 »

328 2341 371 2373 77
394 2338 651 2382 Despréaux
664 2336 884 2382 (L.-Félix),
899 2336 1163 2379 compositeur
1178 2337 1219 2371 et
1232 2334 1405 2370 écrivain
1421 2346 1489 2371 sur
1502 2337 1540 2372 la
1554 2337 1750 2384 musique,

397 2384 621 2430 professeur
648 2393 696 2417 au
725 2381 1037 2418 Conservatoire.
1057 2400 1098 2407 —
1116 2381 1160 2416 L.
1189 2391 1223 2416 a.
1252 2391 1297 2424 s.,
1329 2382 1423 2424 1810,
1456 2384 1467 2416 1
1499 2392 1534 2427 p.
1565 2384 1625 2426 1/2
1652 2383 1749 2419 in-4.

398 2427 536 2464 Notice
556 2437 625 2462 sur
643 2437 703 2462 ses
722 2437 915 2472 ouvrages
934 2426 1151 2461 musicaux.
1668 2429 1690 2462 4
1736 2442 1753 2459 »

330 2486 374 2520 78
396 2483 530 2529 Duels
548 2482 685 2529 (J.-F.),
706 2483 818 2529 poète
837 2482 1035 2528 tragique,
1056 2481 1102 2517 de
1122 2481 1266 2517 l’Acad.
1288 2480 1337 2516 fr.
1356 2501 1398 2506 —
1416 2481 1532 2517 (Pièce
1557 2485 1655 2527 aut.,
1674 2485 1696 2518 4
1714 2494 1752 2529 p.

399 2529 485 2564 in-f.
1666 2530 1687 2563 5
1734 2543 1751 2561 »

437 2578 577 2610 Journal
597 2579 638 2610 de
657 2588 711 2610 ses
732 2579 898 2618 dépenses
916 2579 950 2609 et
967 2578 1008 2609 de
1026 2586 1080 2609 ses
1098 2577 1260 2609 relations
1280 2576 1429 2613 intimes,
1448 2577 1492 2608 du
1513 2579 1531 2609 9
1550 2579 1632 2609 août
1650 2588 1694 2610 au
1717 2579 1750 2611 13

400 2619 591 2658 septembre
610 2617 693 2655 1813,
710 2619 894 2651 document
912 2617 1051 2650 curieux
1069 2626 1154 2657 pour
1170 2618 1203 2648 la
1216 2616 1414 2655 biographie
1432 2616 1475 2648 de
1497 2617 1616 2649 Duels.
