1850 2885
814 145 855 178 —
879 145 900 178 3
923 164 964 169 —

168 241 253 278 rois
278 241 377 278 dont
397 240 458 278 les
476 241 625 288 règnes
650 242 719 277 ont
746 241 809 278 été
829 240 1053 278 successifs
1074 252 1081 278 :
1108 240 1234 278 Henri
1255 241 1321 288 IV,
1344 241 1469 279 Louis
1502 242 1611 289 XIII,

171 291 296 327 Louis
321 292 411 328 XIV
447 293 486 328 et
520 292 645 328 Louis
673 290 759 328 XV.
798 290 993 327 Madame
1024 290 1073 327 de
1104 290 1370 339 Maintenons
1400 291 1498 339 qu’il
1525 291 1613 330 faut

169 351 319 389 ranger
344 343 367 379 à
391 344 496 389 part,
527 340 775 390 puisqu’elle
792 352 816 377 a
835 342 898 379 été
931 341 1083 379 femme
1118 341 1300 388 légitime
1337 342 1387 379 de
1419 341 1481 379 roi
1515 353 1614 380 sans

172 395 308 438 porter
327 391 364 428 le
383 392 476 429 titre
508 391 559 428 de
591 392 717 429 reine.
743 393 822 428 Les
840 392 978 429 reines
998 391 1049 429 de
1068 391 1108 428 la
1126 392 1240 429 main
1265 391 1424 439 gauche
1446 392 1454 429 :
1478 392 1615 429 Diane

171 441 220 478 de
250 441 452 487 Poitiers,
496 441 705 479 Gabrielle
744 441 974 491 d’Esirêes,
1016 441 1232 479 Charlotte
1269 442 1338 479 des
1362 442 1538 480 Essarts
1575 446 1614 481 et

174 492 253 528 M'"°
292 491 341 528 de
380 492 689 529 Chateauroux.
731 491 871 529 Marie
907 492 955 529 de
991 492 1199 529 Lorraine
1205 523 1212 539 ,
1253 493 1368 531 reine
1403 493 1613 541 d’Ecosse,

173 543 285 580 mère
327 543 377 579 de
419 543 549 580 Marie
589 542 743 589 Stuart;
788 542 1181 579 Henriette-Marie
1212 542 1260 579 de
1293 543 1454 580 France
1459 574 1467 590 ,
1504 544 1618 580 reine

174 592 471 641 d’Angleterre,
497 593 649 630 femme
669 592 719 630 de
739 592 907 630 Charles
926 594 955 631 I“
959 598 968 610 r
977 594 985 641 ;
1011 593 1228 630 Christine
1234 624 1241 639 ,
1263 593 1377 631 reine
1397 593 1447 631 de
1467 593 1616 640 Suède,

175 643 258 680 dite
281 644 318 679 la
338 643 510 691 grande;
534 643 897 687 Marie-Thérèse,
926 643 1188 691 impératrice
1208 644 1506 691 d’Allemagne,
1528 654 1621 681 sur¬

177 694 368 731 nommée
390 694 504 731 aussi
524 693 561 731 la
582 692 752 741 grande,
788 693 895 731 mais
927 695 1133 741 peut-être
1152 705 1251 732 avec
1270 694 1366 742 plus
1386 694 1436 731 de
1456 694 1615 733 raison.

227 749 413 787 D’autres
445 759 566 787 noms
599 749 887 787 retentissants
911 751 1005 787 sont
1028 760 1130 787 ceux
1150 749 1200 787 de
1223 749 1622 787 Catherine-Marie

177 798 226 835 de
251 799 541 849 Montpensier
546 830 554 846 ,
582 799 814 847 l’intrépide
838 799 1043 847 ligueuse;
1075 799 1125 837 de
1153 800 1206 836 M
1205 807 1233 818 m
1267 800 1316 836 de
1350 799 1624 849 Longueville

179 852 218 887 et
241 849 291 887 de
321 850 360 887 la
388 849 544 897 grande
579 849 889 886 Mademoiselle
895 881 903 897 ,
931 850 992 887 les
1015 850 1210 888 héroïnes
1233 850 1283 888 de
1303 851 1342 887 la
1365 850 1544 899 Fronde;
1573 850 1624 888 de

179 899 233 937 M
232 906 250 918 m
251 906 262 918 °
290 899 339 937 de
369 900 614 948 Chevreuse,
649 900 737 937 leur
762 900 881 937 aînée
911 899 1016 938 dans
1041 900 1080 938 la
1103 900 1282 939 carrière
1306 900 1525 949 politique;
1552 900 1626 938 des

181 950 288 988 deux
315 951 549 1000 Gonzague,
577 952 709 998 Anne,
734 950 773 988 la
792 950 991 997 Palatine,
1018 953 1057 988 et
1081 951 1408 998 Marie-Louise,
1436 951 1550 989 reine
1575 950 1625 988 de

183 1001 378 1048 Pologne.

235 1052 292 1088 La
327 1051 443 1089 lettre
490 1051 615 1089 écrite
656 1050 730 1098 par
769 1050 883 1087 Julie
917 1049 1185 1100 d’Angennes
1224 1054 1263 1089 et
1303 1062 1379 1089 son
1416 1051 1522 1088 mari
1567 1054 1629 1089 est

180 1110 237 1137 un
261 1101 349 1139 vrai
369 1102 482 1148 bijou
501 1100 848 1149 autographique;
869 1101 930 1138 les
949 1102 1014 1149 épi
1022 1103 1103 1139 très
1123 1101 1173 1139 de
1192 1101 1231 1138 la
1252 1103 1364 1139 mère
1384 1102 1433 1139 de
1457 1101 1629 1138 Clialais

183 1154 221 1188 et
241 1151 291 1189 de
309 1152 346 1189 la
362 1153 474 1189 mère
486 1152 536 1190 de
553 1151 805 1200 Cinq-Mars
819 1153 912 1189 sont
927 1151 1000 1189 des
1014 1162 1142 1199 pages
1152 1152 1357 1189 vraiment
1369 1152 1627 1190 touchantes.

184 1201 290 1239 C’est
313 1213 412 1239 avec
437 1205 600 1250 respect
623 1204 747 1249 qu’on
769 1201 847 1238 lira
871 1201 974 1239 celle
997 1201 1047 1239 de
1066 1201 1149 1239 M"*
1173 1202 1222 1238 de
1250 1202 1452 1252 Gournay
1458 1233 1465 1249 ,
1495 1202 1632 1240 l’amie

185 1254 224 1289 et
244 1252 282 1289 la
301 1252 613 1290 collaboratrice
627 1253 678 1290 de
689 1252 942 1300 Montaigne,
962 1253 1216 1300 autographe
1234 1254 1439 1301 peut-être
1458 1252 1627 1301 unique.

186 1304 265 1339 Les
291 1302 396 1340 deux
422 1303 561 1340 lettres
593 1302 643 1340 de
672 1302 711 1339 la
740 1302 934 1339 duchesse
966 1302 1015 1339 de
1044 1302 1354 1352 Lesdiguières,
1381 1303 1419 1340 la
1441 1303 1630 1340 fameuse

186 1353 316 1390 Marie
342 1354 517 1400 Vignon,
555 1363 607 1390 ne
637 1355 727 1390 sont
759 1363 836 1401 pas
869 1352 1006 1390 moins
1026 1353 1276 1401 précieuses,
1311 1364 1394 1391 non
1424 1353 1518 1401 plus
1551 1363 1631 1401 que

187 1403 313 1441 celles
343 1403 392 1441 de
424 1403 463 1440 la
491 1404 746 1451 courageuse
785 1402 1011 1440 Catherine
1043 1402 1091 1439 de
1125 1404 1370 1453 Parthenay
1409 1406 1447 1441 et
1475 1403 1525 1440 de
1564 1413 1632 1440 ses

188 1454 295 1490 deux
314 1453 433 1500 tilles,
455 1453 577 1491 Anne
589 1456 626 1490 et
642 1452 861 1490 Henriette
874 1453 923 1489 de
943 1454 1098 1491 Rohan.
1123 1455 1172 1491 Et
1188 1454 1228 1491 la
1246 1453 1409 1502 galante
1437 1453 1635 1490 duchesse

187 1504 235 1540 de
258 1503 524 1551 Monthazon,
545 1504 585 1541 et
607 1504 660 1540 M
659 1511 675 1522 m
677 1509 687 1521 °
706 1503 755 1540 de
773 1504 997 1549 Parabère,
1032 1504 1070 1542 la
1089 1507 1307 1542 maîtresse
1327 1504 1381 1541 du
1405 1505 1565 1552 régent;
1595 1507 1634 1541 et

190 1554 333 1592 Ninon
362 1554 410 1591 de
434 1555 623 1599 Lanclos,
659 1557 698 1592 et
724 1565 770 1592 sa
802 1554 929 1592 rivale
953 1554 1037 1591 M"°
1065 1554 1114 1590 de
1141 1554 1335 1604 Guerchy
1357 1554 1363 1591 1
1393 1556 1448 1592 Le
1472 1557 1635 1602 respect

189 1605 419 1654 qu'impose
445 1605 483 1642 la
507 1605 706 1642 mémoire
733 1604 783 1642 de
808 1604 861 1641 M
860 1611 877 1623 m
879 1610 890 1622 "
914 1604 962 1641 de
982 1605 1101 1642 Staël
1125 1616 1177 1643 ne
1203 1606 1460 1653 permettrait
1485 1616 1560 1652 pas
1585 1604 1635 1641 de

190 1656 228 1692 la
247 1657 347 1693 citer
367 1655 420 1693 ici
440 1656 476 1693 si
496 1658 599 1694 cette
618 1654 736 1703 place
758 1666 810 1692 ne
831 1654 888 1692 lui
907 1655 1004 1694 était
1025 1655 1219 1703 assignée
1243 1666 1318 1705 par
1343 1655 1492 1693 l’ordre
1515 1655 1637 1693 chro¬

192 1706 426 1753 nologique.

240 1757 355 1794 Nous
371 1756 521 1794 allions
539 1755 698 1793 oublier
715 1755 867 1792 Louise
938 1753 1104 1803 deSavoie,
1121 1756 1160 1793 la
1174 1757 1288 1794 mère
1302 1756 1352 1793 de
1367 1755 1565 1801 François
1581 1756 1596 1792 I
1600 1761 1622 1773 er
1629 1785 1636 1801 ,

191 1808 261 1855 qui
289 1806 346 1843 lui
371 1817 394 1843 a
419 1807 618 1844 conservé
648 1816 724 1844 son
757 1817 954 1854 royaume
988 1807 1171 1854 pendant
1206 1817 1253 1844 sa
1287 1807 1499 1854 captivité;
1537 1805 1639 1843 trois

192 1858 329 1895 reines
353 1857 612 1895 successives
642 1857 693 1894 de
723 1857 921 1903 Navarre,
945 1858 1016 1904 qui
1047 1860 1117 1894 ont
1145 1857 1271 1895 laissé
1306 1855 1412 1895 dans
1437 1856 1636 1893 l’histoire

193 1910 232 1945 et
262 1908 366 1945 dans
401 1907 460 1945 les
497 1907 637 1945 lettres
669 1906 720 1944 de
753 1906 908 1955 grands
939 1918 1061 1945 noms
1083 1919 1089 1945 :
1121 1908 1371 1955 Marguerite
1405 1907 1455 1945 de
1481 1906 1637 1953 Valois,

193 1960 338 1996 auteur
357 1957 408 1995 de
437 1957 749 2007 l’Heptamèron
763 1970 770 2005 ;
802 1958 956 1995 Jeanne
989 1958 1186 2004 d’Albret,
1222 1969 1270 1995 sa
1303 1957 1399 2005 lille,
1438 1958 1552 1994 mère
1589 1956 1639 1993 de

194 2008 321 2046 Henri
364 2009 415 2045 IV
437 2020 443 2056 ;
488 2008 736 2055 Marguerite
775 2008 825 2045 de
862 2007 1027 2055 Valois,
1069 2008 1275 2057 première
1310 2007 1462 2045 femme
1508 2007 1559 2044 de
1593 2017 1639 2044 ce

195 2059 351 2107 prince,
392 2069 471 2107 que
507 2059 588 2096 l’on
624 2060 717 2106 joue
755 2057 1015 2106 aujourd’hui
1046 2069 1145 2097 sous
1180 2059 1217 2097 le
1249 2068 1348 2096 nom
1379 2057 1429 2095 de
1461 2057 1500 2095 la
1524 2056 1641 2094 reine

197 2110 384 2157 Margot.

245 2160 361 2197 Nous
399 2159 620 2206 pourrions
657 2158 839 2206 signaler
870 2161 1003 2197 toutes
1034 2159 1094 2197 les
1125 2158 1266 2196 nièces
1291 2158 1342 2197 de
1366 2157 1573 2207 Mazarin;
1602 2158 1641 2195 la

195 2211 360 2258 plupart
395 2209 468 2247 des
502 2209 697 2248 héroïnes
732 2209 786 2257 du
817 2209 957 2257 grand
993 2210 1144 2259 Cyrus,
1188 2208 1239 2246 de
1279 2209 1317 2257 la
1345 2208 1556 2257 princesse
1590 2208 1639 2244 de

199 2259 502 2309 Paphlagonie,
529 2259 580 2297 de
612 2259 651 2296 la
680 2259 942 2308 Géographie
972 2259 1022 2297 de
1053 2259 1408 2307 Bussy-Rabutin,
1445 2259 1555 2296 enfin
1589 2258 1639 2296 de

197 2314 290 2348 tous
309 2310 369 2347 les
389 2309 559 2347 curieux
586 2320 787 2357 ouvrages
820 2309 890 2358 qui
921 2312 991 2347 ont
1023 2311 1086 2348 été
1118 2311 1242 2347 écrits
1273 2321 1343 2347 sur
1375 2309 1435 2347 les
1464 2309 1641 2346 femmes

200 2362 384 2409 galantes
404 2362 444 2397 et
463 2360 522 2397 les
542 2361 783 2397 Précieuses
803 2360 853 2397 de
873 2370 920 2398 ce
938 2359 1153 2408 temps-là;
1178 2360 1283 2397 mais
1303 2370 1408 2397 nous
1427 2370 1534 2397 nous
1550 2360 1642 2397 bor¬

202 2421 352 2449 nerons
376 2412 400 2448 à
424 2410 564 2448 attirer
589 2410 814 2447 l’attention
837 2421 908 2447 sur
933 2410 1134 2458 quelques
1158 2420 1339 2458 groupes
1364 2409 1639 2458 particuliers.

250 2467 381 2515 Ainsi,
423 2465 462 2503 la
500 2465 698 2504 créatrice
730 2465 784 2502 du
817 2466 1017 2504 véritable
1045 2466 1148 2514 style
1182 2466 1419 2514 épistolaire
1443 2465 1640 2513 français,

202 2519 276 2555 M'°°
299 2516 349 2555 de
371 2515 568 2565 Sévigné,
590 2527 635 2554 se
653 2518 798 2554 trouve
819 2515 924 2554 dans
947 2517 984 2554 le
1003 2517 1231 2561 catalogue,
1254 2527 1305 2554 en
1325 2517 1570 2564 compagnie
1592 2516 1641 2552 de

202 2579 249 2605 sa
268 2566 511 2616 petite-fille,
533 2567 585 2603 M
585 2571 614 2585 m
633 2566 682 2603 de
696 2566 902 2614 Simiane,
924 2578 970 2605 sa
989 2567 1112 2614 digne
1132 2567 1286 2613 émule;
1307 2578 1359 2604 on
1381 2579 1406 2615 y
1426 2569 1643 2605 rencontre

203 2619 434 2665 également
455 2618 514 2656 les
532 2618 823 2667 autographes,
845 2617 941 2656 bien
964 2617 1059 2665 plus
1078 2627 1208 2665 rares,
1235 2617 1285 2656 de
1314 2617 1353 2655 la
1378 2620 1571 2654 comtesse
1595 2617 1645 2653 de
