1876 2823
974 132 1124 193 - 2 -
321 244 688 292 prématurément,
714 244 741 281 il
766 246 829 282 est
850 244 953 292 vrai,
979 243 1174 282 l’enlever
1198 254 1250 280 au
1274 242 1415 280 milieu
1440 243 1491 280 de
1515 253 1592 280 son
1611 253 1763 282 œuvre.

324 296 428 332 Tout
459 294 707 342 incomplète
735 293 884 343 qu’elle
916 296 976 332 est
1001 294 1149 342 restée,
1175 293 1254 331 elle
1272 294 1414 331 n’aura
1433 304 1509 341 pas
1528 294 1591 331 été
1612 293 1764 344 stérile,

323 355 393 383 car
412 345 490 383 elle
517 355 542 382 a
560 345 698 383 fourni
723 345 797 382 des
821 344 1066 383 documents
1084 345 1279 393 précieux
1305 354 1409 392 pour
1428 344 1627 382 l’histoire
1647 344 1768 382 d’une

323 396 483 444 époque
523 396 792 443 importante,
825 395 895 444 qui
931 397 994 433 est
1031 395 1232 442 devenue,
1266 394 1414 442 depuis
1444 397 1643 443 quarante
1676 404 1766 442 ans,

323 446 460 495 l’objet
484 446 558 484 des
583 446 678 494 plus
697 446 905 483 sérieuses
924 445 1069 483 études
1089 445 1140 483 de
1164 455 1241 483 nos
1266 445 1435 483 érudits.

371 497 424 535 Ce
447 497 517 544 qui
536 496 648 534 avait
669 496 893 543 passionné
912 496 968 533 M.
990 495 1160 542 Pécard,
1183 496 1319 534 c’était
1335 495 1375 532 la
1393 495 1550 542 grande
1568 494 1698 542 figure
1716 494 1766 532 de

319 546 551 593 Richelieu,
571 546 787 584 dominant
805 548 892 584 tout
914 546 953 583 le
970 548 1108 594 règne.
1132 547 1237 583 Tout
1255 548 1370 583 autre
1396 556 1419 583 a
1438 546 1501 583 été
1527 544 1565 582 le
1583 545 1699 592 point
1717 544 1767 582 de

320 608 399 635 vue
419 597 469 635 de
487 597 702 634 l’amateur
719 597 790 644 qui
809 607 832 634 a
853 596 984 634 formé
1001 596 1040 634 la
1055 595 1270 634 collection
1288 595 1387 633 dont
1402 605 1509 632 nous
1528 605 1769 640 annonçons

322 648 360 686 la
380 650 516 686 vente.
538 646 791 685 S'attachant
811 648 835 684 à
848 646 888 683 la
901 648 1037 684 même
1057 648 1230 695 époque,
1255 646 1283 683 il
1300 656 1350 683 en
1370 657 1394 684 a
1417 646 1553 684 écarté
1577 645 1617 682 la
1637 645 1768 693 partie

320 708 459 747 grave,
482 697 663 744 sombre,
685 697 887 744 tragique,
910 699 949 734 et
968 700 1034 734 n’a
1051 696 1178 734 voulu
1198 696 1288 734 voir
1310 707 1390 744 que
1408 696 1446 734 le
1466 696 1555 733 côté
1575 695 1768 743 gracieux

319 749 374 786 du
399 747 564 786 tableau
592 760 599 784 :
628 747 689 785 les
713 747 902 785 femmes.
932 746 964 784 Il
989 746 1076 784 faut
1099 757 1253 784 avouer
1277 757 1357 794 que
1375 746 1538 794 jamais,
1560 756 1611 783 en
1634 756 1768 783 aucun

320 802 466 846 temps,
490 798 592 836 elles
616 798 727 836 n’ont
749 798 843 845 joué
861 808 918 834 un
936 797 971 834 si
991 796 1123 844 grand
1141 797 1240 835 rôle.
1270 796 1519 834 L’ancienne
1538 795 1769 833 chevalerie

320 861 343 886 a
361 848 528 887 refleuri
550 850 573 885 à
592 847 631 886 la
650 848 757 886 Cour
776 847 827 885 de
851 848 979 886 Louis
1003 848 1109 894 XIII,
1131 858 1236 895 pour
1260 847 1480 884 s'éteindre
1501 846 1661 884 ensuite
1683 848 1770 884 tout

320 901 344 936 à
373 899 461 936 fait.
494 899 547 936 Ce
580 898 737 946 prince,
763 900 972 946 pourtant,
1000 909 1024 946 y
1048 898 1146 935 était
1168 908 1248 946 peu
1281 898 1396 945 porté
1433 896 1483 934 de
1521 896 1743 934 lui-même
1757 908 1765 944 ;

322 951 428 987 mais
455 949 544 987 cela
571 948 610 986 le
638 948 854 997 distrayait
883 957 983 985 sans
1018 947 1141 986 doute
1172 948 1226 984 du
1256 946 1431 995 profond
1456 946 1581 985 ennui
1608 947 1677 995 qui
1702 947 1768 983 n’a

319 1000 435 1038 cessé
470 999 520 1036 de
549 998 781 1037 l’accabler.
806 998 858 1036 Ce
883 998 982 1047 qu’il
1003 1009 1028 1046 y
1048 1008 1072 1035 a
1091 997 1141 1036 de
1158 998 1328 1044 certain,
1349 998 1449 1036 c’est
1467 1006 1547 1046 que
1566 996 1605 1034 la
1625 996 1770 1044 galan¬

322 1050 422 1088 terie
464 1060 487 1087 a
528 1050 591 1087 été
632 1059 688 1086 un
731 1048 805 1087 des
846 1048 941 1096 plus
979 1048 1194 1096 puissants
1231 1051 1410 1086 ressorts
1450 1047 1675 1096 politiques
1719 1047 1769 1084 de

321 1100 552 1138 Richelieu.
569 1100 648 1136 Par
664 1099 725 1136 les
741 1099 930 1146 femmes,
947 1098 976 1136 il
993 1099 1122 1136 tenait
1140 1099 1200 1136 les
1216 1098 1419 1144 hommes,
1436 1101 1475 1136 et
1491 1097 1552 1135 les
1570 1097 1771 1144 intrigues

322 1150 509 1198 galantes
531 1149 685 1187 étaient
703 1160 807 1197 pour
832 1149 890 1186 lui
915 1149 976 1187 les
1000 1149 1239 1186 auxiliaires
1259 1148 1333 1186 des
1353 1148 1519 1186 affaires
1544 1148 1595 1185 de
1619 1148 1740 1185 l’Etat
1761 1160 1768 1184 :

322 1196 348 1238 il
374 1200 434 1238 les
455 1200 611 1238 menait
635 1200 687 1237 de
711 1199 834 1244 front,
856 1209 956 1237 avec
976 1199 1016 1237 la
1034 1200 1169 1237 même
1188 1198 1383 1246 habileté,
1405 1208 1458 1236 on
1481 1198 1667 1246 pourrait
1683 1197 1771 1235 dire

323 1261 423 1289 avec
449 1250 489 1288 la
514 1252 650 1288 même
673 1260 785 1298 ruse,
812 1250 919 1287 mais
949 1249 990 1287 la
1019 1249 1212 1288 noblesse
1245 1249 1301 1287 du
1331 1249 1405 1288 but
1425 1248 1612 1298 justifiait
1635 1250 1723 1286 tout
1748 1249 1769 1286 à

322 1312 391 1339 ses
408 1311 528 1349 yeux.

373 1352 433 1390 On
465 1350 693 1399 comprend
727 1350 837 1388 alors
867 1360 947 1398 que
980 1352 1084 1388 cette
1120 1349 1337 1388 collection
1367 1348 1687 1397 d’autographes
1719 1348 1770 1386 de

326 1402 499 1440 femmes
523 1400 723 1448 célèbres,
745 1401 844 1438 dont
873 1401 913 1438 la
943 1400 1110 1448 plupart
1142 1401 1459 1448 appartiennent
1489 1410 1541 1437 au
1565 1402 1691 1447 règne
1723 1398 1772 1435 de

327 1452 453 1490 Louis
484 1452 590 1499 XIII,
613 1453 699 1489 tout
723 1462 774 1489 en
799 1462 904 1488 nous
934 1451 1175 1498 présentant
1199 1461 1246 1489 ce
1272 1452 1398 1499 règne
1421 1461 1520 1488 sous
1549 1461 1606 1487 un
1633 1452 1775 1498 aspect

326 1505 552 1551 attrayant,
589 1512 640 1539 ne
673 1501 799 1539 laisse
835 1512 911 1549 pas
943 1511 1023 1549 que
1056 1501 1214 1539 d’avoir
1243 1511 1324 1538 une
1360 1501 1484 1538 haute
1520 1500 1774 1549 importance

326 1553 568 1600 historique.

376 1605 433 1641 Le
452 1603 544 1640 soin
564 1605 652 1640 tout
670 1602 909 1650 particulier
926 1612 1027 1639 avec
1046 1602 1182 1650 lequel
1201 1612 1226 1639 a
1242 1602 1304 1640 été
1323 1602 1465 1649 rédigé
1487 1601 1525 1640 le
1546 1601 1773 1648 catalogue,

330 1654 367 1691 la
385 1653 496 1691 table
520 1664 600 1701 que
618 1663 726 1690 nous
744 1663 770 1701 y
789 1662 919 1691 avons
939 1653 1114 1700 ajoutée,
1135 1662 1242 1690 nous
1261 1652 1504 1700 dispensent
1523 1652 1702 1689 d’entrer
1721 1652 1775 1688 ici

329 1704 434 1742 dans
476 1704 526 1741 de
564 1703 719 1750 grands
752 1702 913 1741 détails.
957 1703 1074 1741 Nous
1112 1713 1218 1741 nous
1250 1702 1481 1741 bornerons
1517 1705 1541 1741 à
1575 1702 1776 1751 quelques

329 1764 584 1803 remarques.

381 1810 520 1848 L’idée
552 1809 763 1858 primitive
792 1809 903 1847 avait
927 1809 991 1847 été
1029 1808 1080 1846 de
1114 1809 1269 1847 former
1305 1819 1386 1847 une
1426 1808 1580 1857 galerie
1614 1808 1775 1846 d’auto¬

335 1860 515 1909 graphes
534 1860 608 1898 des
627 1860 804 1898 femmes
822 1859 1007 1897 célèbres
1026 1859 1153 1897 citées
1172 1859 1276 1897 dans
1292 1860 1365 1897 M""
1440 1859 1631 1909 deSévigné.
1650 1860 1712 1897 On
1728 1869 1776 1896 en

334 1912 446 1948 avait
464 1910 558 1958 déjà
570 1910 689 1948 réuni
706 1920 763 1947 un
779 1910 861 1948 bon
880 1909 1068 1957 nombre,
1085 1912 1124 1948 et
1140 1910 1214 1948 des
1232 1910 1328 1958 plus
1346 1909 1539 1948 difficiles
1557 1912 1582 1947 à
1596 1912 1776 1947 trouver.

336 1964 368 1999 A.
383 1971 454 1999 ces
467 1960 746 2008 autographes
757 1963 850 1998 sont
864 1970 999 1997 venus
1013 1970 1058 1997 se
1071 1960 1231 2008 joindre
1243 1970 1346 1998 ceux
1360 1960 1433 1998 des
1444 1960 1624 2007 grandes
1637 1959 1781 1997 dames

334 2013 462 2049 citées
487 2011 593 2048 dans
608 2010 840 2048 Tallemant
857 2010 930 2047 des
950 2009 1107 2057 Réaux,
1129 2010 1234 2048 dans
1252 2011 1293 2048 M
1296 2015 1326 2029 m0
1346 2009 1397 2047 de
1413 2010 1653 2057 Motteville,
1676 2010 1780 2047 dans

335 2061 633 2109 Saint-Simon,
675 2060 861 2108 Barbier,
906 2062 981 2098 etc.
1021 2060 1083 2099 On
1119 2071 1163 2098 se
1197 2061 1411 2109 proposait
1445 2060 1669 2098 d’illustrer
1707 2060 1781 2098 des

336 2111 612 2160 exemplaires
642 2111 952 2160 exceptionnels
982 2110 1032 2148 de
1057 2120 1126 2149 ces
1149 2111 1335 2149 célèbres
1358 2111 1676 2158 chroniqueurs,
1703 2111 1782 2147 soit

337 2173 389 2200 en
420 2162 482 2200 les
509 2161 755 2200 intercalant
782 2161 887 2199 dans
916 2161 978 2198 les
1006 2161 1210 2208 volumes,
1239 2162 1319 2199 soit
1349 2172 1400 2200 en
1427 2172 1479 2199 en
1501 2161 1680 2199 formant
1709 2160 1783 2198 des

340 2213 506 2251 albums
524 2222 707 2250 annexes
720 2224 728 2258 ;
745 2211 852 2250 mais
865 2212 904 2249 la
920 2211 1151 2255 collection,
1164 2213 1426 2250 commencée
1442 2212 1493 2250 de
1509 2211 1660 2260 longue
1674 2211 1781 2256 date,

339 2266 438 2301 s’est
462 2263 632 2301 trouvée
663 2263 944 2310 interrompue
970 2262 1117 2310 depuis
1141 2262 1374 2311 longtemps
1396 2261 1489 2310 déjà
1508 2264 1548 2300 et
1566 2266 1628 2301 est
1650 2263 1784 2300 restée

340 2313 604 2361 incomplète.
632 2313 890 2351 Maintenant
908 2312 986 2350 elle
1004 2323 1056 2351 va
1075 2314 1159 2350 être
1179 2312 1409 2361 dispersée;
1430 2313 1539 2350 ruais
1558 2323 1626 2351 ses
1644 2312 1786 2350 débris

340 2364 546 2402 serviront
563 2365 588 2401 à
607 2373 825 2411 composer
849 2362 1029 2401 d’autres
1053 2362 1294 2402 collections
1318 2364 1368 2402 de
1387 2373 1433 2401 ce
1454 2373 1580 2411 genre
1600 2364 1635 2401 si
1659 2362 1785 2410 origi¬

340 2414 410 2451 nal
431 2416 470 2452 et
487 2414 524 2452 si
542 2414 729 2463 piquant.

392 2469 529 2507 Parmi
550 2470 611 2507 les
628 2469 805 2508 femmes
822 2469 883 2507 les
900 2468 994 2517 plus
1012 2469 1199 2508 célèbres
1217 2479 1323 2507 nous
1341 2470 1522 2507 citerons
1540 2482 1547 2507 :
1569 2468 1631 2506 les
1649 2468 1786 2506 reines

343 2520 394 2557 de
419 2520 575 2558 France
597 2520 739 2557 Marie
762 2519 950 2570 d’Anjou
976 2520 1016 2557 et
1039 2520 1197 2557 Jeanne
1223 2519 1272 2556 de
1297 2520 1472 2565 France,
1511 2518 1787 2567 autographes

343 2571 394 2608 de
418 2573 530 2608 toute
555 2570 706 2618 rareté;
732 2570 873 2608 Marie
896 2570 945 2606 de
969 2570 1161 2617 Médicis,
1188 2570 1309 2607 Anne
1332 2569 1593 2615 d’Autriche,
1619 2568 1785 2607 Marie-

353 2620 525 2658 Thérèse
557 2620 807 2659 d’Autriche
828 2621 867 2659 et
898 2620 1038 2658 Marie
1073 2620 1315 2668 Leczinska,
1352 2621 1528 2661 femmes
1561 2620 1610 2657 de
1644 2622 1787 2669 quatre
