1858 2898
823 185 866 193 —
888 168 910 203 5
932 186 975 192 —

224 280 335 317 Dans
360 282 478 317 notre
509 279 734 327 précédent
766 279 952 326 numéro,
988 288 1096 317 nous
1128 279 1387 318 annoncions
1424 279 1485 317 les
1516 279 1623 317 deux

174 331 319 368 ventes
339 328 413 367 des
432 328 676 368 collections
693 328 791 367 d’un
810 329 1017 367 Amateur
1039 328 1279 366 hollandais
1296 331 1335 367 et
1360 328 1415 367 du
1440 329 1625 366 Docteur

172 379 216 419 J.
234 408 266 418 ..
297 379 410 418 Elles
429 382 500 417 ont
513 390 564 417 eu
581 379 678 426 lieu,
697 390 797 417 sous
813 382 930 418 notre
948 379 1166 427 direction,
1187 379 1249 418 les
1265 381 1327 427 17,
1350 380 1398 417 18
1419 382 1458 418 et
1478 380 1526 418 20
1546 391 1624 418 no¬

172 429 344 469 vembre
360 429 540 476 dernier,
561 440 614 467 au
634 429 777 467 milieu
794 429 890 468 d’un
908 430 1039 479 grand
1058 440 1261 469 concours
1280 430 1331 468 de
1351 430 1535 474 curieux,
1556 430 1626 478 qui

174 491 220 518 se
251 482 346 518 sont
375 480 541 528 disputé
576 480 638 518 les
673 479 806 518 belles
846 480 986 528 pièces
1019 480 1071 518 de
1104 490 1176 518 ces
1208 480 1467 519 collections.
1509 480 1626 519 Voici

176 530 236 568 les
254 530 347 578 prix
376 529 577 579 auxquels
604 540 650 568 se
674 533 769 568 sont
792 530 931 568 élevés
950 530 1011 568 les
1030 530 1274 579 principaux
1295 530 1460 569 articles
1483 543 1490 567 :

232 580 359 618 Vente
394 580 495 616 d’un
531 580 739 617 Amateur
775 579 1014 618 hollandais
1046 593 1053 618 :
1089 580 1192 619 Aide
1225 581 1416 628 Manuce,
1451 581 1525 619 250
1553 581 1621 628 ft\;

176 631 294 669 Anne
330 630 583 678 d’Autriche,
624 632 697 668 126
734 630 783 668 fr.
800 643 807 674 ;
850 630 1093 679 Bellegarde
1135 632 1287 679 (Roger
1325 630 1408 679 de),
1445 632 1517 669 255
1550 631 1599 669 fr.
1620 643 1628 677 ;

178 683 364 729 Bossuet,
385 681 458 719 100
472 681 539 729 fr.,
561 683 602 719 et
617 681 690 719 140
708 680 773 728 fr.;
796 682 1019 730 Foucquet,
1037 682 1086 720 50
1103 681 1168 729 fr.;
1191 681 1411 727 FrançoisI
1416 687 1443 704 er
1448 681 1544 728 ,950
1560 681 1625 720 fr.:

177 731 365 770 Holbach
381 731 437 780 (le
452 731 584 770 baron
598 731 665 778 d’),
682 731 829 779 105fr.;
853 732 1202 779 Laubardemont,
1218 732 1290 768 255
1302 731 1368 780 fr.;
1382 732 1626 777 LouisXIII,

177 781 250 819 130
267 782 317 819 fr.
330 793 338 830 ;
359 781 511 819 Louise
544 781 595 819 de
619 781 781 830 Savoie,
803 781 876 820 100
894 782 944 819 fr.
958 794 966 830 ;
998 781 1210 829 Mérimée,
1233 781 1282 820 80
1302 782 1351 819 fr.
1365 794 1372 829 ;
1399 782 1627 828 Mirabeau,

176 832 225 869 50
240 832 306 880 fr.;
332 832 505 879 Musset,
532 831 652 879 (Alfr.
675 831 757 880 de),
783 833 853 869 111
872 832 922 870 fr.
936 844 943 880 ;
969 832 1186 880 Napoléon
1206 834 1220 869 I
1224 838 1251 855 er
1257 862 1266 880 ,
1287 831 1355 871 let.
1378 832 1473 880 sig.,
1494 832 1542 869 96
1560 832 1626 880 fr.;

180 882 395 930 Napoléon
420 883 488 929 III,
513 881 562 920 60
585 882 650 930 fr.;
679 882 943 930 Schouvalof,
974 882 1023 920 50
1051 882 1117 930 fr.;
1152 882 1301 921 Ursins
1331 882 1387 933 (la
1415 882 1630 931 princesse

178 932 284 981 des),
310 933 381 971 105
402 932 469 980 fr.;
491 934 568 971 etc.

237 983 363 1021 Vente
380 982 438 1020 du
463 982 648 1021 Docteur
680 982 774 1022 J...
804 995 811 1020 :
836 982 1000 1031 Bellini,
1026 982 1074 1021 36
1092 982 1142 1021 fr.
1155 995 1162 1031 ;
1194 982 1457 1032 Bernadette,
1484 983 1531 1022 38
1555 982 1604 1022 fr.
1617 994 1625 1022 :

182 1034 359 1081 Bérulle,
379 1035 429 1073 50
447 1034 512 1082 fr.;
539 1036 773 1082 Bonaparte
791 1034 925 1083 (Jos.),
944 1035 991 1072 24
1008 1034 1074 1080 fr.;
1097 1033 1311 1081 Boufïlers,
1332 1036 1380 1072 29
1401 1035 1466 1081 fr.;
1492 1034 1631 1072 Fondé

179 1084 322 1131 (Henri
347 1086 381 1123 II
407 1084 490 1133 de),
526 1085 599 1123 100
635 1084 701 1130 fr.;
741 1083 881 1123 Fondé
904 1084 961 1133 (le
990 1084 1150 1134 grand),
1188 1085 1250 1123 les
1285 1084 1384 1122 trois
1416 1085 1628 1131 numéros,

178 1136 248 1173 321
282 1135 349 1181 fr.;
385 1134 587 1182 Fouthon,
613 1134 663 1172 40
685 1134 752 1183 fr.;
780 1135 944 1181 Desaix,
968 1135 1016 1173 50
1036 1134 1102 1182 fr.;
1125 1134 1391 1173 Desmoulins
1410 1134 1626 1184 (Famille),

181 1186 253 1224 100
283 1185 333 1223 fr.
352 1197 359 1231 ;
402 1186 624 1234 Foucquet,
666 1185 716 1223 50
755 1184 805 1222 fr.
819 1197 826 1233 ;
864 1184 1077 1232 Franklin,
1112 1185 1161 1223 40
1193 1185 1242 1223 fr.
1256 1198 1264 1233 ;
1301 1185 1462 1229 Fulton,
1483 1186 1531 1223 65
1554 1185 1603 1223 fr.
1619 1198 1627 1223 :

179 1237 238 1274 La
278 1237 386 1284 Faye
422 1235 602 1286 (Leriget
645 1235 723 1282 de),
767 1235 815 1272 86
859 1235 925 1284 fr.;
969 1235 1095 1273 Louis
1133 1236 1220 1281 XV,
1256 1235 1304 1273 30
1332 1234 1399 1283 fr.;
1424 1235 1627 1281 Marillac,

179 1285 436 1333 Fhancelier,
463 1286 511 1324 50
534 1286 600 1333 fr.;
632 1285 741 1323 Molé
765 1285 999 1333 (Mathieu),
1029 1286 1078 1324 50
1108 1286 1173 1334 fr.;
1209 1286 1451 1331 Saint-Just,
1479 1287 1526 1324 35
1558 1285 1625 1333 fr.;

178 1336 433 1385 Vergniaud,
454 1336 681 1385 signature,
703 1336 751 1374 36
770 1335 835 1384 fr.;
861 1335 1058 1383 Voltaire,
1087 1336 1136 1374 40
1158 1336 1224 1384 fr.;
1252 1338 1328 1375 etc.

231 1533 289 1569 La
309 1530 528 1569 collection
548 1530 868 1579 d’autographes
892 1530 943 1569 de
968 1531 1145 1569 femmes
1168 1530 1355 1569 célèbres
1390 1530 1491 1569 dont
1524 1541 1629 1569 nous

179 1592 424 1627 annonçons
443 1581 483 1618 la
500 1584 623 1619 vente
644 1591 696 1619 en
714 1582 796 1619 tête
816 1581 866 1619 de
887 1592 935 1620 ce
953 1582 1142 1626 numéro,
1170 1592 1194 1618 a
1219 1592 1323 1629 pour
1345 1581 1529 1630 pendant
1548 1592 1629 1619 une

181 1632 400 1671 collection
428 1631 479 1669 de
509 1631 650 1669 lettres
687 1631 920 1670 d’hommes
957 1632 1142 1670 illustres
1169 1631 1270 1669 dont
1297 1631 1357 1670 les
1381 1642 1503 1669 noms
1536 1635 1630 1670 sont

182 1682 416 1731 également
438 1682 542 1720 cités
560 1682 666 1720 dans
685 1683 727 1720 M
730 1687 746 1699 ro
748 1687 759 1699 *
780 1682 831 1721 de
850 1681 1042 1730 Sévigné,
1062 1681 1307 1727 Tallemant,
1330 1682 1627 1729 Saint-Simon,

182 1736 257 1771 etc.
284 1735 342 1771 Le
363 1732 591 1780 catalogue,
616 1733 686 1781 qui
711 1735 774 1771 est
804 1743 856 1770 en
886 1733 1166 1781 préparation,
1198 1742 1292 1770 sera
1319 1732 1462 1780 rédigé
1491 1744 1563 1770 sur
1592 1732 1630 1770 le

183 1785 319 1822 même
345 1782 510 1821 modèle
529 1785 568 1821 et
586 1793 637 1821 en
658 1783 840 1821 formera
861 1782 899 1821 le
921 1783 1211 1831 complément.
1239 1782 1316 1821 Fes
1350 1782 1458 1820 deux
1476 1783 1632 1830 parties

184 1834 372 1872 offriront
395 1844 452 1871 un
482 1833 697 1872 ensemble
733 1833 807 1871 des
843 1833 937 1882 plus
972 1833 1258 1872 intéressants.
1294 1834 1355 1872 On
1386 1844 1539 1881 pourra
1571 1834 1631 1872 les

182 1884 286 1923 faire
304 1883 427 1922 relier
446 1894 498 1921 en
516 1894 573 1921 un
590 1883 758 1922 volume
778 1886 818 1922 et
838 1883 900 1921 les
918 1894 1141 1922 conserver
1161 1885 1250 1922 tout
1267 1884 1290 1921 à
1310 1883 1350 1921 la
1369 1883 1450 1922 fois
1469 1894 1632 1922 comme

184 1945 266 1973 une
289 1945 438 1973 source
463 1933 513 1972 de
538 1934 898 1983 renseignements
920 1934 1117 1982 précieux
1147 1945 1199 1972 au
1221 1933 1339 1982 point
1367 1933 1419 1972 de
1445 1944 1525 1973 vue
1558 1933 1632 1973 des

184 1985 477 2034 autographes,
500 1987 540 2023 et
558 1995 720 2023 comme
739 1984 985 2023 documents
1003 1984 1270 2033 historiques.

234 2037 315 2074 Les
338 2035 540 2085 quelques
565 2045 688 2073 noms
719 2035 904 2084 ci-après
927 2034 1161 2073 donneront
1183 2045 1240 2072 un
1265 2044 1416 2083 aperçu
1445 2034 1497 2073 de
1529 2036 1634 2074 cette

185 2086 366 2125 seconde
390 2089 430 2124 et
452 2096 537 2124 non
559 2087 697 2124 moins
721 2086 971 2134 importante
993 2085 1211 2124 collection
1234 2098 1241 2122 :

236 2138 400 2175 Lettres
437 2136 720 2186 autographes
752 2140 789 2173 et
822 2135 986 2185 signées
1007 2149 1014 2174 :
1038 2136 1155 2175 Saint
1179 2135 1355 2173 Vincent
1384 2134 1435 2173 de
1465 2136 1567 2173 Paul
1595 2139 1634 2174 et

186 2188 297 2227 saint
330 2188 529 2233 François
548 2187 600 2225 de
619 2187 737 2226 Sales
749 2198 757 2235 ;
783 2186 979 2234 Fénelon,
1006 2188 1195 2233 Bossuet,
1222 2185 1497 2232 Bourdaloue,
1525 2187 1637 2224 Mas-

187 2238 325 2283 sillon,
346 2238 536 2276 Fléchier
556 2240 595 2275 et
614 2238 855 2285 Mascaron;
882 2236 1068 2275 Arnauld
1092 2236 1316 2285 d’Andilly,
1336 2236 1564 2284 Duvergier
1586 2236 1639 2275 de

187 2290 424 2333 Hauranne,
468 2287 633 2326 Bérulle
672 2289 712 2325 et
750 2288 908 2336 Marca;
946 2287 1279 2335 Fharles-Quint,
1317 2286 1488 2325 Fharles
1520 2288 1535 2324 I
1539 2294 1566 2311 er
1598 2290 1639 2326 et

188 2338 359 2378 Fharles
388 2339 438 2386 II,
468 2338 638 2376 Fharles
675 2339 750 2376 XII
787 2340 826 2376 et
862 2337 1056 2377 Frédéric
1091 2338 1143 2385 II;
1183 2337 1244 2376 les
1279 2336 1364 2375 rois
1396 2336 1448 2375 de
1481 2338 1638 2376 France

190 2389 319 2429 Henri
350 2389 417 2435 IV,
447 2388 574 2427 Louis
598 2389 705 2433 XIII,
735 2386 862 2426 Louis
885 2389 992 2435 XIV,
1019 2387 1147 2427 Louis
1170 2388 1244 2426 XV
1269 2390 1309 2426 et
1332 2388 1459 2425 Louis
1484 2388 1613 2426 XVIII
1627 2400 1635 2436 ;

190 2439 417 2488 L’Hôpital,
468 2438 597 2488 Sully,
640 2438 858 2476 Richelieu
894 2441 934 2477 et
970 2438 1154 2476 Mazarin
1170 2451 1178 2487 ;
1214 2438 1252 2476 le
1282 2440 1384 2476 Père
1416 2438 1570 2486 Joseph
1602 2441 1643 2477 et

190 2489 528 2530 Laubardemont
539 2501 547 2537 ;
575 2488 761 2537 Foligny,
782 2489 939 2528 Robert
963 2489 1014 2527 de
1034 2488 1074 2526 la
1093 2489 1237 2526 Marck
1261 2491 1300 2526 et
1324 2488 1618 2536 Lesdiguières
1630 2502 1637 2537 ;

192 2540 506 2589 Bassompierre
531 2541 571 2578 et
594 2539 807 2586 Beaufort;
843 2539 905 2578 les
939 2539 1047 2578 deux
1074 2539 1357 2588 d’Artaignan,
1393 2538 1494 2577 dont
1525 2539 1640 2578 Alex.

191 2595 348 2631 Dumas
381 2592 449 2628 n’a
474 2590 550 2629 fait
572 2591 700 2639 qu’un
722 2589 811 2628 seul
831 2600 1093 2639 personnage
1106 2602 1113 2638 ;
1136 2592 1358 2639 Duquesne
1380 2592 1420 2628 et
1444 2591 1644 2639 Duguay-

192 2642 364 2689 Trouin;
402 2641 650 2690 Finq-Mars
677 2643 717 2680 et
744 2651 821 2680 son
854 2651 1117 2690 compagnon
1150 2640 1414 2686 d’infortune,
1447 2641 1642 2689 Fr.-Aug.
