1884 2836
932 179 973 209 —
998 179 1018 209 4
1042 195 1083 200 —

284 272 439 309 Maure
460 275 499 309 et
518 269 568 309 de
592 269 677 307 M"*
696 270 745 307 de
773 269 934 320 Vandy,
954 270 1177 318 regardées
1201 280 1362 309 comme
1395 270 1456 307 les
1485 269 1729 318 premières,

287 322 388 360 avec
408 322 459 360 M
460 321 489 358 -
512 321 561 358 de
582 319 721 369 Sablé,
750 320 838 358 leur
862 321 984 368 amie,
1011 321 1082 369 qui
1106 321 1217 359 aient
1241 320 1377 358 donné
1402 322 1426 358 à
1450 330 1497 358 ce
1520 319 1624 369 style
1648 330 1730 357 une

285 375 482 410 tournure
515 371 729 419 originale.
757 370 868 410 Elles
891 374 963 409 ont
985 373 1225 410 commencé
1249 371 1288 408 la
1313 371 1545 409 révolution
1567 370 1730 418 épisto-

285 422 385 461 laire
409 423 477 472 qui
512 434 537 460 a
568 422 631 460 été
665 422 777 460 close
812 432 886 470 par
926 421 1113 461 l’illustre
1154 422 1376 470 marquise.
1419 422 1549 459 Leurs
1587 421 1728 459 lettres

283 473 477 511 faisaient
500 472 561 511 les
588 472 743 510 délices
778 471 853 510 des
885 472 1058 510 délicats
1090 471 1141 510 de
1175 472 1214 510 la
1249 472 1453 520 première
1494 471 1635 509 moitié
1672 471 1727 508 du

284 529 385 561 xvii*
409 523 533 562 siècle
555 535 563 560 :
585 533 639 561 on
670 524 757 562 s’en
790 522 998 562 arrachait
1028 522 1090 561 les
1120 522 1274 571 copies,
1305 523 1377 572 qui
1410 521 1653 560 circulaient
1676 521 1727 560 de

284 573 397 611 main
422 583 473 611 en
497 573 624 611 main.

335 643 390 681 Le
410 641 624 689 catalogue
647 650 754 678 nous
778 639 879 678 offre
897 639 1005 679 deux
1025 639 1202 678 femmes
1225 639 1294 688 qui
1318 642 1389 678 ont
1409 639 1503 687 joué
1521 649 1578 677 un
1598 638 1729 687 grand

285 692 372 731 rôle
392 691 498 729 dans
521 693 639 729 notre
662 690 903 739 diplomatie
935 691 1106 738 secrète,
1138 690 1176 739 la
1203 689 1418 739 princesse
1453 689 1524 726 des
1562 688 1729 737 Ursins,

285 743 356 790 qui
387 742 515 779 valait
546 741 640 789 plus
673 742 799 790 qu’un
832 740 1131 779 ambassadeur
1166 740 1217 777 de
1247 742 1404 779 France
1429 742 1453 778 à
1476 739 1517 778 la
1549 750 1649 778 cour
1679 739 1730 777 de

285 792 462 837 Madrid,
495 795 535 830 et
570 791 610 829 la
636 791 831 828 duchesse
862 790 912 828 de
943 790 1233 838 Portsmouth,
1272 801 1346 839 par
1381 791 1451 839 qui
1480 791 1605 829 Louis
1637 790 1730 828 XIV

285 843 411 881 tenait
429 842 534 880 dans
553 852 601 880 sa
619 842 732 880 main
750 841 790 879 la
809 852 907 879 cour
928 841 979 879 de
995 841 1284 879 Saint-James.
1304 841 1367 879 On
1385 843 1483 889 peut
1498 851 1549 879 en
1567 842 1726 888 ajouter

283 903 364 930 une
384 893 609 940 troisième,
629 892 670 930 la
687 892 901 940 gracieuse
922 893 1114 929 comtesse
1136 891 1344 941 d'Albany
1349 921 1357 938 ,
1380 891 1465 940 qui,
1493 891 1648 929 mariée
1671 902 1724 928 au

283 943 528 991 prétendant
559 941 958 990 Charles-Edouard,
985 942 1259 991 représentait
1291 941 1352 979 les
1380 941 1550 979 intérêts
1575 941 1729 989 dynas¬

285 994 419 1043 tiques
438 993 511 1031 des
536 993 766 1032 Bourbons.
799 991 888 1030 Elle
913 1003 1020 1031 nous
1039 992 1098 1031 dit
1118 992 1362 1031 elle-même
1381 991 1530 1040 qu’elle
1551 992 1732 1030 recevait

284 1055 388 1092 pour
410 1054 456 1082 ce
480 1043 640 1082 service
663 1053 744 1081 une
776 1045 892 1081 rente
923 1043 1117 1081 annuelle
1147 1042 1199 1080 de
1231 1043 1371 1090 60,000
1403 1042 1555 1090 francs,
1589 1043 1629 1080 et
1653 1041 1732 1079 elle

283 1097 467 1133 constate
491 1094 639 1143 qu'elle
658 1093 711 1131 l’a
729 1092 902 1131 touchée
925 1094 1115 1142 jusqu’au
1138 1092 1247 1131 mois
1271 1093 1409 1131 d’août
1433 1093 1543 1139 1792,
1570 1093 1731 1141 époque

284 1144 334 1182 de
374 1145 413 1182 la
446 1144 568 1183 chute
604 1143 655 1182 de
688 1143 815 1182 Louis
845 1144 951 1192 XVI,
985 1144 1056 1193 qui
1091 1143 1132 1181 la
1165 1143 1223 1182 lui
1255 1143 1367 1182 avait
1399 1142 1731 1192 gracieusement

285 1195 460 1234 donnée.

333 1263 395 1301 On
419 1272 687 1311 remarquera
706 1261 767 1299 les
791 1261 933 1299 lettres
957 1261 1008 1299 de
1032 1261 1127 1299 M“"“
1151 1260 1200 1297 de
1225 1262 1408 1298 Lanssac
1433 1264 1473 1299 et
1491 1260 1542 1299 de
1563 1261 1730 1308 Sènecé,

284 1313 353 1361 qui
384 1324 428 1351 se
455 1315 549 1351 sont
575 1311 800 1350 succédées
821 1313 844 1349 à
866 1311 906 1348 la
930 1321 1029 1350 cour
1053 1322 1106 1349 au
1131 1312 1202 1359 gré
1231 1311 1282 1349 de
1313 1311 1544 1357 Richelieu,
1565 1311 1732 1350 suivant

283 1363 344 1401 les
366 1363 537 1401 besoins
569 1362 620 1400 de
649 1372 696 1401 sa
719 1361 919 1411 politique
931 1374 939 1409 ;
967 1361 1018 1400 de
1042 1361 1095 1399 M
1095 1369 1112 1381 m
1115 1361 1125 1398 "
1149 1361 1198 1398 de
1217 1361 1466 1407 Motteville,
1489 1362 1560 1410 qui
1582 1372 1689 1400 nous
1707 1372 1731 1399 a

284 1414 409 1451 laissé
437 1414 498 1451 les
521 1413 616 1461 plus
643 1413 814 1451 curieux
837 1412 1061 1450 mémoires
1085 1423 1158 1450 sur
1180 1413 1300 1450 Anne
1328 1412 1567 1451 d’Autriche
1595 1415 1635 1450 et
1659 1423 1731 1450 sur

285 1465 324 1501 la
339 1463 450 1502 foule
467 1463 591 1501 dorée
607 1463 676 1512 qui
697 1462 876 1511 s’agitait
891 1465 1038 1501 autour
1052 1463 1102 1500 de
1119 1474 1165 1500 sa
1184 1464 1401 1501 maîtresse
1415 1475 1423 1511 ;
1445 1462 1496 1501 de
1510 1462 1591 1500 M"‘
1604 1462 1733 1500 d’Au¬

285 1514 403 1558 male,
443 1514 482 1551 la
517 1513 750 1552 confidente
792 1512 842 1551 de
879 1513 954 1550 M“*
997 1512 1048 1551 de
1081 1513 1335 1551 Maintenon.
1373 1514 1451 1551 Les
1486 1513 1627 1561 pièces
1659 1524 1732 1551 sur

283 1565 480 1603 l’évasion
503 1564 557 1602 du
574 1563 760 1602 cardinal
781 1563 832 1601 de
850 1564 950 1602 Retz
966 1573 1019 1601 ne
1038 1566 1257 1611 passeront
1275 1573 1351 1611 pas
1366 1564 1625 1612 inaperçues,
1645 1574 1728 1601 non

285 1615 379 1663 plus
411 1625 491 1663 que
529 1615 564 1652 la
597 1614 715 1652 lettre
748 1613 908 1651 d’Anne
937 1615 1134 1651 Poussart
1165 1614 1216 1652 de
1243 1613 1424 1662 Vigean,
1455 1613 1652 1651 duchesse
1680 1613 1731 1651 de

286 1664 517 1710 Richelieu,
544 1665 661 1703 lettre
680 1663 752 1712 qui
772 1665 870 1701 vaut
894 1665 919 1702 à
937 1663 1016 1702 elle
1040 1664 1155 1702 seule
1178 1667 1267 1702 tout
1284 1674 1342 1702 un
1360 1665 1521 1713 poème.

335 1733 451 1770 Nous
482 1742 612 1770 avons
631 1731 769 1770 oublié
788 1730 838 1768 de
862 1730 949 1768 dire
969 1731 1074 1769 dans
1094 1731 1131 1769 le
1155 1731 1369 1779 catalogue
1391 1741 1472 1781 que
1501 1731 1539 1769 la
1563 1741 1729 1770 corres¬

285 1783 502 1831 pondance
522 1782 572 1819 de
596 1782 677 1819 M™
698 1780 747 1818 de
766 1780 1038 1830 Pompadour
1062 1791 1155 1819 sera
1173 1781 1335 1820 vendue
1357 1791 1409 1819 en
1430 1792 1487 1819 un
1511 1781 1601 1820 seul
1621 1782 1728 1820 bloc.

289 1833 319 1871 Il
350 1834 476 1871 serait
508 1842 559 1871 en
593 1832 686 1870 effet
717 1831 892 1870 fâcheux
926 1831 976 1869 de
1009 1831 1165 1872 diviser
1195 1832 1269 1871 des
1293 1833 1432 1880 pièces
1459 1832 1529 1881 qui
1552 1832 1733 1870 forment

288 1894 411 1932 corps
429 1887 469 1922 et
494 1883 593 1921 dont
612 1884 651 1921 la
669 1883 812 1921 valeur
836 1883 1018 1921 consiste
1037 1886 1197 1922 surtout
1215 1883 1320 1921 dans
1345 1883 1599 1922 l’ensemble.
1628 1883 1660 1922 Il
1681 1894 1732 1921 en

287 1944 382 1972 sera
401 1934 452 1972 de
470 1935 605 1971 même
636 1933 710 1971 des
734 1933 900 1971 articles
920 1937 1173 1972 concernant
1199 1933 1281 1972 AT””
1300 1933 1592 1984 d’Hautefort,
1616 1937 1654 1972 et
1680 1934 1731 1971 de

288 1995 391 2022 ceux
415 1984 575 2022 relatifs
596 1984 619 2021 à
638 1983 719 2021 M"°
747 1982 797 2019 de
825 1983 1058 2033 Lafayette.
1092 1984 1145 2022 Ce
1176 1987 1270 2023 sont
1290 1987 1434 2023 autant
1461 1985 1512 2023 de
1546 1984 1732 2023 dossiers

289 2035 542 2083 historiques
565 2034 637 2083 qui
661 2033 829 2072 doivent
847 2036 978 2072 rester
997 2034 1158 2073 intacts.

340 2104 397 2140 La
430 2105 552 2141 vente
584 2102 636 2140 de
672 2103 776 2139 cette
809 2101 999 2139 curieuse
1032 2101 1249 2140 collection
1285 2113 1388 2140 aura
1416 2102 1521 2150 lieu,
1551 2112 1626 2151 par
1656 2112 1734 2139 nos

291 2153 419 2198 soins,
435 2154 459 2190 à
475 2152 613 2191 l’hôtel
629 2153 796 2199 Drouot,
814 2151 916 2190 salle
938 2157 978 2189 n°
994 2154 1030 2199 5,
1054 2152 1093 2190 le
1109 2153 1269 2191 samedi
1285 2153 1332 2190 10
1349 2152 1501 2190 février
1516 2152 1732 2201 prochain,

291 2205 315 2241 à
331 2203 437 2241 deux
453 2203 603 2241 heures
622 2202 672 2240 de
692 2201 980 2251 l’après-midi.
999 2204 1055 2240 Le
1069 2203 1284 2251 catalogue
1303 2212 1397 2241 sera
1413 2202 1582 2241 adressé
1597 2204 1621 2241 à
1640 2205 1735 2240 tous

291 2264 369 2292 nos
393 2254 580 2292 lecteurs.
604 2255 683 2291 Les
699 2263 928 2300 personnes
947 2253 1016 2301 qui
1042 2263 1094 2291 ne
1116 2253 1332 2292 l’auraient
1357 2264 1435 2302 pas
1464 2264 1562 2300 reçu
1593 2257 1633 2291 et
1663 2254 1733 2302 qui

292 2304 564 2342 désireraient
583 2303 740 2350 l’avoir,
766 2306 859 2341 sont
877 2303 1014 2352 priées
1033 2303 1084 2342 de
1108 2314 1214 2342 nous
1243 2304 1281 2342 le
1299 2302 1473 2342 mander
1494 2315 1569 2352 par
1594 2304 1735 2342 lettres

291 2354 553 2393 affranchies.
576 2353 607 2391 Il
624 2364 675 2391 en
693 2363 787 2391 sera
802 2354 878 2392 tiré
897 2353 1119 2402 cinquante
1141 2354 1415 2403 exemplaires
1433 2365 1505 2393 sur
1523 2354 1668 2403 papier
1684 2354 1735 2392 de

294 2404 509 2451 Hollande,
534 2415 586 2442 au
607 2404 699 2453 prix
718 2403 769 2442 de
795 2403 901 2442 deux
920 2404 1072 2442 francs.
