1850 2885
806 143 848 148 —
877 125 916 159 13
940 143 981 148 —

190 218 234 251 79
256 218 409 261 Dugué
427 218 597 259 d’Assé,
618 217 938 260 conventionnel,
959 218 1102 263 député
1121 218 1168 253 de
1188 218 1332 255 l’Orne.
1401 219 1442 255 —L.
1464 228 1498 254 a.
1519 228 1548 253 s.
1570 227 1618 253 au

258 262 436 298 Premier
455 262 619 306 Consul;
641 262 768 305 Paris,
792 265 804 297 1
811 268 838 284 er
858 262 964 308 pluv.
986 273 1033 298 an
1053 263 1155 306 VIII,
1175 265 1196 298 2
1216 273 1252 308 p.
1271 263 1324 309 pl.
1345 263 1437 300 in-f.
1533 266 1555 298 5
1602 277 1619 294 »

298 313 326 343 Il
343 313 481 353 indique
496 313 546 343 les
561 321 716 343 mesures
728 313 749 343 à
764 313 908 351 prendre
923 321 1008 352 pour
1020 313 1169 344 détruire
1184 322 1266 343 avec
1281 314 1446 344 certitude
1459 313 1508 344 les
1524 313 1621 343 insti¬

260 354 401 388 gateurs
419 354 548 383 secrets
562 352 603 383 de
622 353 654 382 la
671 352 911 383 chouannerie.
929 352 1020 383 Elles
1036 352 1225 384 consistent
1240 355 1376 383 surtout
1390 353 1410 383 à
1427 353 1556 383 arrêter
1572 353 1621 383 les

260 392 389 429 prêtres
408 391 575 423 insoumis
594 393 628 421 et
649 392 698 422 les
717 391 890 421 ci-devant
923 392 1041 422 nobles
1059 392 1118 431 qui
1145 400 1181 422 se
1202 391 1357 423 tiennent
1382 392 1622 431 prudemment

262 430 409 461 derrière
426 431 458 461 la
478 431 570 465 toile,
589 431 623 461 et
637 431 657 460 à
677 430 777 460 saisir
794 431 886 461 leurs
905 431 1217 470 correspondances
1236 439 1318 462 avec
1337 432 1443 466 Paris,
1468 431 1527 471 qui
1543 432 1622 461 sont

261 470 491 509 transportées
510 478 572 508 par
590 470 640 500 les
659 470 885 500 conducteurs
905 470 965 501 des
982 471 1133 501 voitures
1152 471 1344 510 publiques,
1366 472 1430 501 etc.

193 515 236 549 80
258 515 409 559 Empis
427 514 537 559 (Ad.),
557 516 702 549 auteur
720 514 983 560 dramatique,
1004 515 1050 550 de
1070 514 1216 550 l’Acad.
1238 513 1288 550 fr.
1304 535 1344 540 —
1361 514 1404 550 L.
1425 525 1460 550 a.
1480 525 1526 558 s.,
1549 517 1561 549 1
1584 524 1620 559 p.

261 558 357 594 in-8.
1537 561 1557 594 3
1604 573 1621 591 »

193 609 231 643 81
260 609 454 653 Pauchet
483 608 582 653 (Cl.),
614 608 787 654 premier
816 608 1020 654 président
1047 609 1093 644 de
1122 609 1161 644 la
1188 609 1292 645 Cour
1319 609 1385 644 des
1406 609 1621 652 monnaies,

261 656 399 689 savant
418 653 612 689 historien
633 654 818 701 français,
835 656 980 689 auteur
999 654 1066 690 des
1085 656 1274 698 Antiquités
1286 656 1445 697 gauloises
1450 675 1504 690 .—
1513 654 1621 693 Quit.

262 697 335 743 sig.
366 709 435 733 sur
460 698 581 740 vélin,
616 701 710 742 158G,
729 690 795 742 1/2
814 709 850 744 p.
882 699 966 734 in-4
996 699 1074 735 obi.
1105 700 1286 745 Coupure
1318 699 1412 734 dans
1443 699 1479 734 le
1507 698 1622 733 blanc

263 742 309 777 de
330 743 369 778 la
386 743 508 788 pièce.
528 745 625 778 Rare.
1538 746 1559 779 3
1605 755 1622 775 »

194 794 237 828 82
260 792 699 837 Fouquier-Tin
720 793 756 829 le
777 795 865 839 trop
887 794 1044 829 fameux
1073 795 1306 829 accusateur
1325 793 1458 839 public
1478 794 1567 839 près
1587 793 1622 828 le

261 837 453 873 Tribunal
485 838 840 874 révolutionnaire.
861 859 903 863 —
922 838 1037 873 Pièce
1068 839 1162 884 sig.;
1195 841 1215 874 3
1245 842 1352 874 vent,
1384 849 1431 874 an
1463 839 1510 882 II,
1542 841 1553 873 1
1586 848 1624 883 p.

265 882 356 918 in-4.
1539 885 1560 917 6
1606 896 1623 914 »

301 927 406 958 Ordre
421 927 633 959 d’exécution
655 927 696 958 de
713 928 880 967 Tiphaine
897 928 976 967 père
995 931 1028 959 et
1046 928 1110 965 fils,
1128 937 1187 959 sur
1203 929 1235 959 la
1253 929 1348 967 place
1370 929 1410 960 de
1428 929 1461 959 la
1479 928 1625 959 Révolu¬

265 967 348 997 tion.

197 1013 240 1046 83
264 1012 490 1056 Galimard
516 1011 767 1057 (Aug.-Nic.),
801 1012 953 1058 peintre
985 1012 1202 1049 d’histoire.
1223 1033 1262 1038 —
1285 1012 1400 1048 Pièce
1421 1013 1495 1058 sig.
1529 1013 1624 1055 1850,

268 1058 280 1090 1
305 1067 341 1101 p.
364 1056 460 1091 in-4.
1541 1058 1562 1091 2
1608 1070 1625 1087 »

303 1102 397 1139 Reçu
409 1102 451 1132 de
467 1100 555 1136 2,400
574 1103 625 1135 fr.,
647 1110 732 1140 pour
750 1110 813 1132 son
832 1102 970 1133 tableau
988 1102 1048 1143 des
1065 1105 1195 1143 quatre
1216 1102 1476 1142 Evangélistes,
1494 1102 1626 1133 destiné

264 1140 284 1170 à
304 1140 433 1178 l’église
453 1140 716 1172 Saint-Laurent
734 1141 775 1172 de
794 1142 903 1172 Paris.

197 1186 240 1220 84
265 1186 463 1220 Gaultier
481 1186 535 1219 de
554 1186 717 1228 Sibert,
745 1185 879 1221 érudit
909 1186 1062 1222 célèbre
1084 1197 1154 1231 par
1172 1197 1233 1222 ses
1253 1186 1454 1221 curieuses
1485 1185 1628 1220 disser¬

265 1230 413 1265 tations
431 1240 501 1265 sur
519 1230 712 1265 l’histoire
733 1230 779 1265 de
809 1230 975 1274 France,
1005 1231 1050 1266 de
1080 1231 1224 1266 l’Acad.
1257 1231 1323 1266 des
1355 1230 1625 1275 inscriptions,

267 1276 313 1309 né
332 1275 355 1309 à
372 1275 588 1310 Tonnerre.
609 1295 652 1300 —
670 1275 712 1310 L.
733 1286 767 1311 a.
788 1285 818 1311 s.
839 1286 916 1311 aux
935 1276 1145 1312 trésoriers
1165 1276 1212 1311 de
1232 1276 1359 1322 Lyon;
1379 1275 1505 1319 Paris,
1532 1277 1626 1314 1774,

265 1322 286 1355 2
306 1330 340 1365 p.
362 1319 453 1362 in-4,
474 1319 611 1355 cachet
630 1320 651 1355 à
670 1330 729 1355 ses
750 1330 891 1356 armes.
1543 1322 1564 1354 4
1611 1333 1627 1351 »

200 1371 244 1406 85
268 1371 475 1415 Girardet
505 1370 740 1415 (Abraham),
772 1370 927 1406 célèbre
956 1381 1127 1416 graveur
1148 1371 1398 1416 vignettiste.
1418 1390 1461 1396 —
1478 1370 1522 1405 L.
1543 1380 1577 1405 a.
1598 1380 1628 1405 s.

268 1415 290 1449 à
307 1415 496 1458 Laurent,
517 1415 718 1450 directeur
737 1415 789 1450 du
808 1418 915 1451 Musée
931 1418 1078 1458 frnaçais
1083 1444 1091 1459 ,
1115 1418 1210 1459 1813,
1235 1419 1246 1450 1
1270 1426 1305 1461 p.
1327 1415 1422 1450 in-4.
1544 1416 1565 1448 6
1612 1428 1629 1445 »

306 1466 399 1496 Belle
428 1466 526 1496 lettre
557 1466 696 1496 relative
715 1466 735 1495 à
754 1474 791 1496 sa
812 1466 1056 1497 collaboration
1076 1465 1120 1497 au
1138 1465 1258 1497 Musée
1288 1465 1468 1505 français,
1498 1465 1582 1495 dont
1608 1465 1631 1495 il

268 1505 352 1536 était
370 1506 495 1543 chargé
514 1505 556 1536 de
572 1505 752 1536 retoucher
770 1506 820 1535 les
838 1506 1012 1544 planches.

200 1551 243 1585 86
269 1550 433 1593 Gobert
451 1549 630 1593 (Pierre),
651 1549 805 1594 peintre
826 1550 872 1584 de
893 1549 1095 1595 portraits,
1117 1550 1163 1585 de
1184 1549 1330 1585 l’Acad.
1357 1549 1403 1584 de
1432 1549 1631 1595 peinture.

269 1614 311 1619 —
330 1594 439 1633 Quit.
459 1594 536 1639 sig.
555 1604 625 1630 sur
642 1594 764 1637 vélin,
788 1596 883 1629 1708.
1547 1595 1568 1628 2
1614 1607 1631 1625 »

202 1646 243 1679 87
267 1646 405 1679 Henri
435 1645 507 1687 IV,
536 1644 595 1679 roi
627 1644 673 1679 de
702 1644 866 1679 France.
887 1664 929 1669 —
948 1644 991 1679 L.
1022 1655 1055 1679 a.
1088 1655 1119 1680 s.
1152 1644 1174 1678 à
1206 1644 1258 1679 M.
1285 1643 1331 1678 de
1358 1644 1633 1680 Saint-Geniès

269 1690 368 1734 (vers
389 1689 499 1734 1588),
517 1690 538 1723 2
558 1699 594 1734 p.
613 1689 666 1734 pl.
688 1688 778 1724 in-f.
800 1689 916 1724 Pièce
937 1689 1228 1724 raccommodée
1248 1690 1288 1724 et
1307 1689 1477 1725 montée.
1524 1690 1568 1722 45
1615 1701 1631 1720 »

309 1740 464 1770 Relative
495 1740 516 1770 à
544 1740 578 1770 la
605 1739 691 1770 mise
718 1748 760 1770 en
792 1739 862 1770 état
875 1739 916 1769 de
937 1739 1073 1770 défense
1093 1740 1153 1770 des
1172 1740 1270 1770 villes
1288 1739 1329 1770 de
1349 1739 1468 1773 Nérac,
1491 1739 1633 1772 Clairac,

270 1778 497 1817 Gasteljaloux
530 1781 565 1810 et
596 1779 740 1815 Gastets,
773 1779 952 1811 menacées
986 1787 1046 1818 par
1076 1777 1126 1810 les
1158 1781 1297 1818 troupes
1325 1779 1371 1809 du
1400 1779 1573 1809 maréchal
1593 1777 1635 1808 de

272 1819 458 1856 Matignon.

204 1865 247 1898 88
270 1865 396 1908 Hugo
415 1863 591 1908 (Victor),
612 1863 648 1899 le
669 1863 792 1909 grand
814 1863 1003 1899 écrivain.
1024 1884 1066 1888 —
1086 1864 1129 1899 L.
1151 1873 1186 1898 a.
1207 1873 1251 1906 s.,
1277 1865 1314 1898 15
1328 1862 1423 1908 juil.
1444 1864 1539 1906 1843,
1563 1864 1574 1897 1
1599 1872 1635 1907 p.

273 1908 326 1954 pl.
348 1912 444 1944 in-8.
1550 1909 1571 1941 6
1618 1921 1636 1938 »

312 1959 339 1989 Il
371 1959 611 1990 recommande
639 1959 877 1994 chaudement,
909 1967 995 1997 pour
1021 1958 1071 1989 les
1101 1961 1245 1988 travaux
1271 1957 1311 1988 de
1336 1956 1636 1991 l’Hôtel-de-Ville,

274 1997 317 2028 M.
341 1999 493 2036 Auguste
512 1999 553 2029 de
571 1998 749 2032 Ghatillon,
772 1999 830 2037 qui
847 2007 866 2029 a
885 1998 947 2028 fait
975 2006 1029 2029 ses
1060 2006 1205 2037 preuves
1233 2005 1315 2028 avec
1342 1997 1431 2028 éclat
1452 1999 1485 2028 et
1504 2004 1637 2027 comme

274 2038 406 2076 peintre
426 2041 459 2068 et
480 2046 612 2069 comme
634 2038 820 2076 sculpteur.

206 2083 250 2117 89
273 2083 445 2128 Ingres,
463 2083 618 2128 peintre
638 2082 810 2117 illustre.
830 2102 861 2107 —
894 2082 1058 2127 Croquis
1079 2082 1125 2117 de
1146 2092 1188 2116 sa
1208 2080 1327 2124 main,
1348 2091 1396 2115 au
1417 2090 1577 2126 crayon,
1599 2082 1639 2115 et

276 2128 399 2172 signé,
421 2127 512 2162 in-f.
530 2126 663 2162 Petite
684 2137 840 2162 cassure
861 2127 957 2162 dans
978 2137 1053 2161 une
1075 2136 1226 2171 marge.
1531 2127 1574 2160 50
1620 2139 1638 2156 »

315 2178 358 2208 Ge
378 2178 515 2217 croquis
532 2177 727 2216 représente
744 2177 777 2207 la
796 2177 874 2208 ville
891 2177 931 2207 de
952 2177 1081 2207 Vienne
1096 2176 1299 2215 (Autriche),
1314 2184 1381 2205 une
1399 2175 1459 2205 des
1477 2175 1641 2214 capitales

277 2217 318 2247 de
334 2216 490 2255 l’Europe
506 2218 640 2255 peintes
657 2225 718 2255 par
735 2217 784 2247 lui
799 2217 819 2247 à
840 2216 1127 2248 l’Hôtel-de-Ville
1143 2215 1185 2246 de
1202 2215 1298 2246 Paris
1316 2217 1350 2246 et
1366 2215 1531 2246 détruites
1555 2215 1641 2245 dans

276 2255 453 2287 l’incendie
471 2256 512 2286 de
531 2255 618 2287 1871.

210 2302 254 2335 90
277 2301 495 2344 Jouvenet
523 2300 658 2344 (Jean),
691 2299 848 2335 illustre
881 2300 1036 2345 peintre
1069 2299 1254 2348 français,
1288 2299 1335 2334 né
1370 2298 1392 2333 à
1419 2299 1573 2333 Rouen.
1600 2317 1643 2323 —

277 2349 297 2379 8
317 2345 386 2390 lig.
407 2347 489 2380 aut.
516 2345 590 2380 si",
624 2355 673 2379 au
704 2344 771 2379 bas
802 2345 895 2379 d’un
927 2344 1112 2380 mémoire
1151 2343 1291 2379 relatif
1318 2344 1340 2378 à
1369 2343 1407 2378 la
1436 2343 1642 2388 sculpture

279 2390 393 2424 d’une
412 2389 543 2424 chaise
564 2385 586 2423 à
604 2390 787 2434 porteurs
805 2400 907 2435 pour
926 2390 962 2425 le
983 2389 1119 2435 prince
1140 2390 1187 2424 de
1208 2388 1344 2432 Conti;
1362 2390 1399 2424 21
1418 2398 1522 2423 mars
1546 2390 1641 2429 1689,

278 2436 299 2469 3
318 2445 353 2480 p.
376 2435 471 2470 in-8.
493 2437 591 2470 Rare.
1536 2435 1580 2469 25
1626 2446 1644 2463 »

320 2484 385 2517 Sur
415 2487 503 2516 cette
531 2484 626 2523 pièce
643 2492 679 2515 se
697 2486 816 2515 trouve
835 2484 868 2515 la
886 2485 951 2523 sig.
972 2484 1014 2515 de
1031 2483 1080 2515 Cl.
1105 2482 1244 2514 Bouché
1266 2485 1300 2513 et
1316 2483 1357 2514 de
1375 2482 1555 2517 Poissant,
1586 2483 1646 2522 qui

280 2526 341 2555 ont
371 2524 510 2555 exécuté
537 2524 569 2555 la
598 2524 723 2558 chaise,
754 2523 824 2554 l’un
854 2532 987 2555 comme
1006 2523 1190 2562 sculpteur,
1212 2523 1331 2553 l’autre
1359 2530 1491 2554 comme
1508 2523 1642 2553 doreur.

283 2564 354 2595 Elle
370 2565 466 2603 porte
483 2562 575 2594 aussi
596 2563 629 2593 la
648 2563 711 2600 sig.
731 2562 776 2594 du
797 2562 916 2602 prince
934 2563 976 2595 de
993 2563 1099 2594 Conti
1122 2563 1156 2593 et
1180 2562 1262 2593 celle
1281 2561 1323 2593 de
1339 2561 1387 2592 La
1406 2560 1573 2601 Chapelle
1591 2561 1646 2600 (de

286 2603 491 2637 l’Académie
506 2602 700 2639 française).
