1850 2868
226 149 284 182 No
308 148 374 183 50.

1216 150 1400 184 Janvier
1416 149 1536 183 1877.

655 281 1113 347 REVUE

852 383 920 408 DES

178 454 1606 638 AUTOGRAPHES

356 704 431 749 DES
452 694 688 750 CURIOSITÉS
711 704 757 749 DE
777 704 995 749 L’HISTOIRE
1017 706 1049 749 &
1068 705 1114 748 DE
1135 704 1177 748 LA
1198 704 1432 749 BIOGRAPHIE

199 792 554 822 PARAISSANT
569 792 788 825 CHAQUE
808 793 950 826 MOIS,
964 793 1100 822 SOUS
1118 793 1192 822 LA
1204 793 1495 822 DIRECTION
1514 794 1583 822 DE

604 861 847 897 ...GABRIEL
878 862 1181 896 GHARAVAY

328 987 1460 1031 PRIX DE L'ABONNEMENT: POUR un an (12 numéros):
180 1048 1614 1084 France, 3 f.; Etranger, 4 f. – On s'abonne à Paris, chez M. Gabriel CHARAVAY,
716 1096 1065 1134 8, quai du Louvre
416 1203 655 1239 Correspondant
662 1203 779 1244 ,£|?.écjûl
797 1203 814 1229 à
826 1204 960 1230 Londres
973 1204 979 1230 :
998 1204 1042 1230 M.
1061 1204 1165 1229 J.-Ph.

423 1417 775 1456 AUTOGRAPHES
804 1417 864 1454 DE
893 1416 1087 1454 FEMMES
1117 1407 1370 1455 CÉLÈBRES.

227 1554 306 1590 Les
330 1553 465 1599 goûts,
495 1552 530 1589 si
553 1561 605 1589 on
628 1550 785 1589 voulait
814 1551 875 1588 les
904 1552 1114 1589 examiner
1143 1562 1196 1589 au
1226 1551 1497 1598 microscope,
1524 1553 1618 1588 sont

173 1604 385 1651 peut-être
405 1602 518 1640 aussi
543 1602 680 1640 variés
699 1612 778 1650 que
803 1601 865 1639 les
897 1601 1171 1650 exemplaires
1199 1601 1254 1639 du
1281 1611 1407 1649 genre
1431 1601 1616 1639 humain.

173 1653 294 1700 Mais,
333 1663 433 1691 sans
469 1663 514 1690 se
552 1651 676 1690 livrer
712 1655 735 1690 à
768 1661 849 1689 une
883 1651 1051 1701 analyse
1082 1652 1345 1697 minutieuse,
1369 1651 1439 1699 qui
1469 1653 1532 1689 est
1562 1650 1617 1688 du

177 1704 370 1742 domaine
402 1703 453 1741 de
486 1703 526 1740 la
551 1702 817 1751 psychologie
849 1712 966 1750 pure,
995 1712 1046 1740 en
1071 1702 1292 1749 regardant
1316 1701 1377 1739 les
1399 1701 1547 1739 choses
1570 1701 1621 1738 de

176 1754 289 1802 haut,
316 1764 368 1792 on
393 1753 528 1792 arrive
556 1755 580 1791 à
599 1764 657 1791 un
681 1753 933 1791 classement
965 1763 1039 1800 par
1064 1762 1242 1801 groupes
1275 1752 1346 1800 qui
1378 1751 1556 1790 satisfait
1585 1751 1622 1788 la

178 1805 329 1842 raison.
356 1804 387 1842 Il
406 1816 431 1853 y
455 1815 507 1842 en
531 1815 556 1841 a
574 1803 666 1853 déjà
683 1814 739 1841 un
761 1803 934 1841 nombre
959 1803 1230 1851 respectable,
1251 1803 1341 1840 rien
1360 1813 1440 1852 que
1459 1802 1564 1840 dans
1584 1802 1622 1839 le

177 1855 370 1892 domaine
389 1855 440 1893 de
459 1854 499 1892 la
520 1854 724 1892 fantaisie.
747 1854 777 1890 Il
799 1851 988 1900 suffirait,
1014 1864 1116 1901 pour
1138 1854 1225 1891 s’en
1250 1853 1511 1902 convaincre,
1531 1852 1621 1890 d’é¬

177 1906 371 1943 numérer
382 1905 443 1943 les
463 1905 601 1943 divers
615 1914 763 1953 genres
781 1903 831 1942 de
845 1904 1084 1942 collections
1097 1904 1166 1953 qui
1178 1907 1249 1941 ont
1269 1904 1332 1942 été
1343 1903 1478 1950 faites,
1494 1905 1533 1941 et
1551 1903 1622 1951 qui

179 1958 311 1993 toutes
326 1955 556 2003 répondent
574 1957 599 1993 à
615 1966 672 1993 un
696 1954 843 1992 besoin
862 1954 913 1992 de
934 1954 1100 2002 l’esprit.
1124 1955 1201 1993 Ces
1222 1956 1356 2001 goûts,
1383 1954 1451 2002 qui
1476 1955 1546 1991 ont
1565 1963 1621 1990 un

178 2016 276 2043 nom
293 2006 531 2054 générique,
550 2016 595 2044 se
609 2005 869 2044 subdivisent
885 2015 1034 2043 encore
1053 2006 1077 2042 à
1092 2004 1253 2051 l’infini,
1271 2005 1436 2043 suivant
1455 2003 1490 2041 le
1507 2003 1624 2051 point

179 2055 230 2094 de
254 2066 334 2094 vue
364 2056 617 2105 particulier.
644 2055 777 2103 Ainsi,
806 2066 912 2103 pour
942 2056 1002 2094 les
1029 2055 1320 2103 autographes,
1346 2054 1442 2093 bien
1467 2064 1548 2102 peu
1573 2053 1623 2091 de

178 2116 408 2154 personnes
439 2107 700 2145 embrassent
738 2105 980 2144 l’ensemble
1010 2105 1084 2144 des
1119 2115 1402 2153 personnages
1438 2103 1624 2143 célèbres

180 2156 279 2194 dont
297 2167 351 2194 on
367 2159 465 2206 peut
481 2168 526 2195 se
545 2166 740 2205 procurer
761 2156 966 2195 l’écriture
982 2168 989 2193 :
1011 2156 1171 2194 chacun
1190 2157 1214 2194 à
1229 2165 1298 2193 ses
1314 2154 1620 2203 prédilections,

179 2207 346 2245 suivant
363 2218 439 2245 son
465 2207 697 2255 éducation,
722 2206 760 2245 le
783 2206 928 2244 milieu
959 2209 1010 2244 où
1034 2206 1063 2243 il
1087 2205 1159 2253 vit,
1186 2206 1226 2243 la
1249 2204 1453 2243 tendance
1480 2204 1531 2243 de
1556 2215 1625 2243 ses

180 2257 338 2305 études,
360 2268 412 2295 ou
431 2268 508 2295 son
532 2258 682 2306 simple
702 2256 879 2305 caprice,
903 2257 974 2305 qui
994 2259 1055 2295 est
1078 2256 1192 2294 aussi
1214 2256 1436 2294 souverain
1458 2265 1538 2303 que
1563 2255 1623 2293 les

180 2310 318 2345 autres
350 2308 541 2346 mobiles.
578 2310 634 2346 De
659 2309 698 2346 là
730 2307 792 2346 les
824 2307 1062 2355 spécialités
1097 2306 1202 2345 dans
1230 2306 1269 2344 le
1297 2316 1436 2354 genre,
1476 2316 1528 2343 ou
1563 2305 1625 2343 les

180 2358 324 2396 séries.

230 2408 292 2447 On
322 2418 367 2446 se
395 2408 580 2457 rappelle
614 2409 653 2446 la
685 2408 903 2448 collection
932 2406 1102 2455 Pécard,
1134 2407 1204 2456 qui
1240 2408 1339 2445 s’est
1373 2405 1536 2444 vendue
1572 2416 1624 2443 en

180 2459 290 2506 1873,
325 2460 364 2496 et
391 2460 462 2507 qui
491 2470 516 2496 a
543 2458 709 2507 produit
741 2459 920 2508 quelque
948 2458 1172 2496 sensation.
1208 2458 1240 2495 Il
1267 2457 1401 2495 s’était
1431 2457 1542 2505 épris
1569 2456 1624 2494 du

180 2511 305 2557 règne
322 2508 372 2547 de
392 2510 518 2547 Louis
536 2511 644 2557 XIII,
664 2512 703 2547 et
719 2519 766 2547 ce
783 2511 910 2557 règne
927 2508 1047 2546 d’une
1072 2508 1276 2546 trentaine
1295 2508 1492 2545 d’années
1515 2506 1626 2545 avait

182 2559 275 2597 suffi
299 2560 324 2596 à
347 2560 519 2608 remplir
542 2571 590 2598 sa
612 2559 791 2598 carrière
818 2560 870 2598 de
898 2559 1222 2597 collectionneur
1238 2570 1247 2607 ;
1281 2568 1361 2607 que
1394 2557 1527 2605 dis-je
1543 2557 1562 2594 ?
1597 2556 1624 2594 il

182 2610 316 2650 s’était
340 2610 483 2660 épuisé
504 2620 555 2649 en
584 2610 830 2651 recherches
854 2609 1096 2659 opiniâtres,
1125 2611 1164 2647 et
1192 2609 1231 2647 la
1258 2611 1365 2647 mort
1391 2611 1454 2647 est
1476 2617 1625 2654 venue,
