2982 5010
1001 339 934 66 DE SYNONYMIE LATINE.

2645 333 44 68 3

249 489 2456 106 άναφλογίζειν. Comburere et cremare, consumer et brûler :

251 615 2456 100 comburere, comme χατακαίειν, sur des charbons ardents

247 737 2462 106 (c’est le causatif d’ardere) ; cremare, comme πιμπράναι, par

253 859 2460 106 flammes vives (c’est le causatif de flagrare). On brûle les

251 983 2462 102 morts, mortui cremantur, sur un bûcher flamboyant; on

253 1103 2464 106 brûle les vivants à petit feu, vivi comburuntur, et cette ma¬

255 1227 2458 106 nière de parler rend plus frappante l'horreur de la mort

255 1353 1076 102 par ce genre de supplice.

259 1541 780 86 Acceptus, v. Gratus.

357 1721 2356 82 Accidere. Evenire. Contingere. Obvenire. Obtingere.

261 1843 2460 106 Accidere, evenire et contingere marquent des événements

265 1967 2462 104 favorables ou défavorables, le premier, lorsqu’ils sont

263 2089 2466 102 inattendus,qu’ils surprennent; le second, lorsqu’ils sont

265 2211 2462 104 attendus, pressentis ; le troisième, lorsqu’on les a prépa¬

269 2335 2462 102 rés, amenés; obvenire et obtingere ne se disent que d’évé¬

271 2457 2452 94 nements heureux. Les accidentia sont l’œuvre du hasard,

269 2579 2456 102 les evenientia sont des conséquences de nos actions ou

273 2701 2458 106 des circonstances; les contingentia, des effets de nos

279 2825 2458 102 efforts, de nos vœux, de nos fautes; les obtingentia et les

275 2945 2460 96 obvenientia, des faveurs du sort. Cic. Fam. VI, 21. Time¬

283 3069 2456 100 bam ne evenirent quæ acciderunt. Je craignais de voir ces

277 3191 2460 100 hasards se réaliser. Le premier des deux verbes, eveni¬

279 3311 2464 104 rent, se rapporte à Cicéron lui-même, à ses pressenti¬

285 3435 2458 106 ments; le second, acciderunt, regarde les personnes qui

283 3559 2456 100 se montrent surprises à l’heure de l’événement. Sén.

285 3681 2454 104 Ep. 110. Scies plura mala confiner* nobis quam accidere,

285 3803 2466 104 c’est-à-dire que nos souffrances sont plus souvent les suites

287 3931 2300 102 de nos propres vœux que l’effet d’un hasard aveugle.

285 4117 2046 90 Accipere, v. Sumere. Accire, v. Arcessere.

287 4231 854 90 Accusare, v. Arguere.

389 4415 2356 108 Acer. Vehemens. Acer présente la vivacité sous son

1137 4787 592 122 Digitized by Google
