2480 3188
215 163 467 209 MUSIQUE
488 164 555 200 ET
576 163 872 201 SPECTACLE

216 328 259 357 18.
307 328 462 357 ALBUM
482 327 848 357 D’AUTOGRAPHES.
868 327 984 358 Album
1002 327 1039 357 de
1058 328 1097 357 60
1116 328 1279 367 signatures
1298 339 1337 357 ou
1357 328 1452 357 P.A.S.
1473 327 1509 357 de
1528 327 1691 362 célébrités,
1714 328 1892 362 1947-1973,
1912 339 1988 366 pour
2005 327 2033 357 le
2051 327 2172 358 barman
2190 327 2303 358 Robert

309 378 461 407 Gauthier
480 377 526 412 (de
544 377 650 407 l’hôtel
670 378 840 412 Lancaster),
861 389 911 407 sur
929 378 966 407 25
986 376 1118 407 feuillets
1137 377 1211 407 d’un
1229 377 1331 408 album
1349 379 1423 416 petit
1441 378 1516 412 in-4,
1535 377 1641 407 reliure
1659 377 1765 408 basane
1783 376 1880 412 fauve,
1900 377 1961 416 plat
1980 388 2043 417 sup.
2063 386 2092 407 et
2111 377 2164 407 dos
2183 377 2302 407 décorés

308 427 511 457 d’ornements
525 427 619 457 dorés.
2168 428 2302 457 300/400

332 487 379 514 On
394 495 487 514 trouve
503 486 568 514 dans
584 497 626 514 ces
643 488 798 523 signatures,
815 486 914 522 parfois
930 488 1133 523 accompagnées
1149 486 1216 514 d’un
1231 488 1298 522 petit
1313 495 1370 514 mot
1386 486 1418 514 de
1435 486 1556 514 dédicace
1573 497 1578 513 :
1595 486 1641 514 des
1657 486 1850 522 personnalités
1867 487 1991 518 diverses,
2008 486 2132 514 hommes
2147 487 2301 522 politiques,

309 540 373 559 stars
387 531 420 559 de
434 533 543 563 cinéma,
558 531 707 563 chanteurs,
723 533 859 563 écrivains,
874 533 987 564 artistes,
1001 533 1202 567 compositeurs,
1217 533 1371 563 musiciens,
1386 540 1433 559 etc.
1450 543 1454 558 :
1469 531 1583 559 cardinal
1595 533 1737 563 Tisserant,
1752 533 1824 559 Léon
1836 532 1923 563 Blum,
1939 532 1999 559 Rita
2012 532 2170 568 Hayworth,
2185 532 2302 559 Paulette

309 576 443 608 Goddard,
452 576 597 612 Joséphine
608 576 695 608 Baker,
707 576 799 604 André
810 585 836 604 et
847 577 932 604 Pierre
943 576 976 604 de
987 578 1154 612 Fouquières,
1166 576 1282 604 Wallace
1292 577 1380 613 Berry,
1391 577 1498 603 Arthur
1508 578 1656 613 Honegger,
1668 576 1814 604 Katharine
1824 576 1965 612 Hepburn,
1978 578 2079 604 Norma
2090 576 2204 608 Shearer,
2216 577 2302 604 Pierre

308 623 330 648 II
345 630 371 649 et
385 621 536 649 Alexandra
550 621 583 649 de
597 621 782 658 Yougoslavie,
795 621 916 653 Jennifer
927 623 1016 653 Jones,
1029 623 1097 653 Juan
1111 623 1223 658 Negrin,
1240 621 1349 649 Charles
1364 621 1512 658 Laughton,
1529 622 1612 649 Oscar
1626 622 1738 653 Strauss,
1755 622 1846 649 Orson
1859 621 1969 653 Welles,
1985 621 2072 649 Merle
2087 622 2206 653 Oberon,
2222 621 2303 658 Hedy

308 668 417 698 Lamarr,
429 668 509 703 Mary
520 666 634 698 Garden,
643 668 729 698 James
740 668 846 698 Mason,
857 666 929 693 Alan
939 667 1018 698 Ladd,
1030 666 1162 695 Umberto
1173 667 1200 694 di
1211 667 1309 698 Savoia,
1322 666 1426 694 Silvana
1435 668 1579 703 Mangano,
1592 667 1659 703 Bing
1669 666 1778 703 Crosby,
1790 666 1913 694 Amedeo
1923 668 2042 698 Nazzari,
2054 666 2135 694 Edith
2146 666 2211 698 Piaf,
2224 666 2303 694 Clark

309 712 401 743 Gable,
410 713 470 743 José
481 713 574 743 Ferrer,
587 712 708 748 Gregory
717 711 790 743 Peck,
801 712 892 739 Bruno
901 711 1009 743 Walter,
1021 712 1098 739 Erich
1107 722 1161 739 von
1172 711 1313 743 Stroheim,
1325 712 1401 739 Gene
1411 711 1490 748 Kelly
1500 712 1518 743 («
1529 712 1609 739 Créât
1618 713 1726 738 martini
1738 713 1751 738 !!
1763 712 1843 739 Créât
1852 711 1945 739 fellow
1956 713 1960 738 !
1972 712 1999 743 »),
2011 712 2099 739 Helen
2109 713 2204 748 Hayes,
2216 712 2302 739 Pierre

308 757 448 788 Descaves,
461 756 615 788 Fernandel,
628 756 733 783 Amalia
745 756 904 793 Rodrigues,
917 765 965 784 etc.

216 852 259 881 19.
309 851 430 891 Sidney
446 852 608 881 BECHET
622 851 822 886 (1897-1957).
839 851 1067 881 Photographie
1080 863 1147 881 avec
1162 852 1310 891 signature
1324 851 1504 891 autographe
1519 865 1530 878 «
1546 851 1596 881 Sid
1610 851 1718 881 Bechet
1733 865 1752 886 »,
1770 852 1844 886 [vers
1861 852 1947 886 1950]
1965 863 1970 886 ;
1988 852 2023 881 18
2037 863 2056 880 x
2072 852 2106 881 13
2122 863 2177 886 cm,
2193 853 2260 881 noir
2274 860 2303 881 et

308 901 401 932 blanc.
2173 902 2302 931 100/150

332 962 365 988 Le
377 962 509 988 musicien
521 969 560 988 est
572 960 605 988 de
617 960 681 992 face,
695 971 729 988 en
740 961 827 992 buste,
840 960 864 987 la
876 960 1013 988 clarinette
1025 962 1038 987 à
1049 961 1073 987 la
1085 960 1190 988 bouche

215 1056 261 1085 20.
308 1056 430 1085 Hector
444 1056 621 1085 BERLIOZ
635 1056 837 1090 (1803-1869).
852 1056 962 1090 L.A.S.,
980 1056 1015 1084 12
1025 1055 1126 1096 juillet
1140 1056 1247 1090 [1837],
1263 1067 1298 1085 au
1312 1057 1437 1095 pianiste
1451 1055 1577 1085 Camille
1592 1056 1732 1085 Stamaty
1746 1067 1752 1090 ;
1769 1056 1783 1084 1
1799 1067 1869 1095 page
1883 1056 1957 1090 in-8,
1972 1055 2095 1085 adresse.
2104 1056 2118 1085 1
2136 1056 2228 1085 500/2
2242 1056 2302 1085 000

332 1127 341 1140 «
352 1116 381 1146 Je
393 1125 461 1142 vous
474 1116 497 1142 ai
510 1116 561 1142 mis
575 1125 620 1142 sur
632 1114 656 1142 la
668 1115 729 1142 liste
742 1115 789 1142 des
802 1125 948 1151 personnes
961 1124 1012 1150 que
1022 1116 1049 1151 je
1063 1123 1166 1150 compte
1179 1116 1276 1142 inviter
1289 1117 1302 1142 à
1314 1125 1357 1142 ma
1369 1115 1467 1151 grande
1480 1116 1623 1150 répétition
1637 1115 1682 1146 [du
1697 1115 1820 1150 Requiem
1820 1116 1837 1147 ],
1852 1116 1919 1142 ainsi
1931 1125 1998 1142 vous
2011 1125 2130 1142 recevrez
2143 1115 2190 1142 des
2203 1115 2301 1143 billets.

308 1161 341 1187 La
352 1161 476 1195 musique
488 1160 521 1187 de
534 1160 688 1187 Schumann
700 1168 740 1187 est
752 1168 825 1187 entre
837 1160 875 1187 les
887 1161 972 1187 mains
985 1160 1017 1187 de
1029 1161 1109 1196 Liszt,
1119 1161 1165 1196 j’ai
1177 1170 1223 1187 cru
1235 1160 1327 1187 devoir
1338 1160 1362 1187 la
1373 1160 1413 1187 lui
1424 1161 1510 1196 prêter
1522 1160 1586 1187 dans
1598 1160 1715 1187 l’intérêt
1727 1160 1759 1187 de
1771 1160 1892 1192 l’auteur,
1905 1170 1947 1187 car
1957 1160 1977 1186 il
1988 1170 2023 1187 en
2034 1170 2047 1187 a
2058 1159 2107 1187 fait
2117 1160 2142 1187 le
2155 1161 2224 1196 sujet
2236 1160 2303 1187 d’un

308 1205 398 1232 article
410 1206 456 1240 qui
468 1205 507 1232 lui
520 1215 575 1232 sera
586 1205 789 1240 probablement
800 1204 855 1232 fort
866 1205 992 1241 agréable.
1006 1206 1076 1232 Liszt
1088 1205 1145 1232 doit
1157 1215 1200 1232 me
1212 1205 1236 1232 la
1247 1215 1380 1241 renvoyer,
1394 1204 1427 1232 de
1439 1205 1463 1232 la
1475 1215 1624 1241 campagne,
1638 1207 1673 1232 où
1686 1205 1705 1231 il
1717 1213 1757 1232 est
1769 1215 1871 1237 encore,
1885 1215 1919 1232 en
1930 1206 2018 1232 même
2030 1213 2116 1240 temps
2128 1215 2179 1240 que
2191 1205 2302 1232 l’article

308 1258 334 1277 et
345 1250 461 1277 d’autres
472 1251 613 1285 partitions
625 1260 676 1285 que
685 1251 711 1286 je
723 1250 762 1277 lui
774 1251 797 1277 ai
808 1249 921 1277 confiées
934 1262 968 1276 »...
982 1251 1061 1281 [Liszt
1072 1251 1165 1277 écrivit
1176 1260 1215 1277 un
1226 1258 1330 1285 compte
1341 1250 1425 1277 rendu
1438 1250 1471 1277 de
1482 1250 1616 1285 plusieurs
1628 1260 1733 1277 œuvres
1745 1260 1813 1285 pour
1824 1251 1903 1285 piano
1914 1250 1947 1277 de
1959 1250 2060 1278 Robert
2072 1250 2226 1277 Schumann
2237 1250 2302 1277 dans

308 1295 332 1322 la
344 1295 432 1322 Revue
444 1301 469 1322 et
479 1295 585 1322 Gazette
598 1295 720 1322 musicale
730 1295 766 1322 du
782 1296 813 1321 12
825 1295 969 1323 novembre
984 1295 1051 1322 1837
1064 1306 1069 1327 ;
1082 1295 1244 1322 l’exécution
1256 1295 1292 1322 du
1305 1295 1429 1330 Requiem
1440 1294 1485 1322 fut
1496 1295 1611 1322 annulée
1623 1305 1675 1330 peu
1688 1296 1760 1330 après
1773 1303 1840 1322 cette
1852 1295 1947 1326 lettre.]

214 1390 258 1419 21.
308 1391 430 1419 Hector
444 1390 629 1419 BERLIOZ.
644 1390 754 1424 L.A.S.,
769 1389 874 1424 Lundi,
889 1391 904 1419 à
917 1389 1043 1419 Camille
1058 1390 1198 1419 Stamaty
1212 1401 1218 1424 ;
1233 1389 1258 1419 14
1271 1401 1341 1429 page
1354 1390 1428 1419 in-8.
2166 1390 2302 1419 400/500

332 1461 341 1473 «
350 1450 379 1480 Je
390 1459 424 1476 ne
435 1450 541 1484 pourrai
552 1449 815 1476 malheureusement
826 1459 871 1485 pas
882 1450 936 1476 être
948 1449 994 1476 des
1005 1451 1093 1476 vôtres
1105 1449 1232 1476 mercredi
1244 1460 1249 1480 ;
1259 1450 1305 1486 j’ai
1316 1457 1373 1476 tant
1384 1451 1398 1476 à
1408 1448 1539 1476 travailler
1549 1457 1626 1476 avant
1637 1459 1702 1476 mon
1713 1449 1805 1484 départ
1816 1458 1867 1485 que
1878 1449 1903 1476 le
1915 1457 2000 1485 temps
2012 1459 2055 1476 me
2066 1459 2188 1484 manque.
2201 1449 2302 1485 Croyez

308 1496 322 1521 à
333 1502 394 1521 tous
406 1504 463 1521 mes
475 1502 572 1530 regrets
585 1506 619 1520 »...

215 1589 262 1617 22.
308 1588 546 1619 Emile-Robert
566 1589 794 1618 BLANCHET
812 1589 1004 1623 (1877-1943)
1023 1590 1224 1628 compositeur
1241 1597 1270 1618 et
1288 1588 1425 1628 alpiniste
1445 1590 1548 1618 suisse.
1569 1589 1585 1618 3
1605 1597 1789 1618 manuscrits
1807 1590 1960 1618 musicaux
1978 1588 2173 1629 autographes
2193 1590 2300 1629 signés,

311 1639 481 1668 1938-1939
497 1650 502 1673 ;
518 1639 535 1668 8
549 1649 634 1679 pages
648 1638 746 1668 in-fol.
2168 1639 2302 1668 300/400

331 1699 404 1725 Trois
421 1699 507 1734 pièces
524 1708 592 1734 pour
608 1699 695 1734 piano,
712 1700 726 1725 à
741 1698 838 1725 l’encre
854 1699 928 1725 noire
945 1709 991 1725 sur
1006 1699 1096 1734 papier
1111 1700 1124 1725 à
1142 1699 1174 1724 12
1190 1698 1285 1734 lignes,
1302 1708 1363 1725 avec
1378 1698 1507 1734 quelques
1523 1698 1658 1725 additions
1675 1706 1701 1725 et
1717 1699 1877 1725 corrections
1894 1706 1919 1725 et
1935 1698 1982 1725 des
1999 1698 2102 1734 doigtés
2118 1708 2151 1725 au
2168 1708 2270 1735 crayon.
2287 1714 2302 1717 -

308 1743 452 1775 Moderato,
466 1743 534 1770 1938
545 1743 587 1775 (19
598 1744 734 1775 mesures),
746 1742 824 1770 dédié
834 1745 847 1770 à
856 1743 981 1770 Madame
991 1743 1136 1775 Paschoud,
1148 1753 1208 1770 avec
1218 1751 1285 1770 cette
1295 1751 1358 1770 note
1368 1753 1437 1779 pour
1446 1743 1470 1770 la
1480 1744 1552 1770 main
1561 1743 1646 1770 droite
1658 1754 1662 1769 :
1674 1755 1683 1768 «
1693 1744 1726 1770 La
1735 1751 1798 1770 note
1805 1744 1886 1779 jouée
1896 1753 1941 1779 par
1950 1743 1975 1770 le
1987 1744 2012 1770 5“
2022 1743 2096 1779 doigt
2106 1751 2187 1770 tenue
2197 1743 2303 1770 au-delà

308 1788 341 1815 de
354 1799 380 1815 sa
391 1788 483 1815 valeur
494 1800 528 1814 »...
542 1789 557 1814 -
572 1787 725 1824 Tranquillo,
738 1788 803 1815 avril
817 1788 886 1815 1939
899 1789 942 1820 (57
954 1789 1089 1819 mesures).
1103 1789 1118 1814 -
1134 1789 1245 1819 Toccata,
1258 1789 1381 1823 marquée
1394 1788 1504 1824 Allegro,
1518 1788 1612 1815 dédiée
1624 1800 1633 1813 «
1646 1790 1659 1815 à
1670 1798 1727 1815 mes
1739 1789 1804 1815 amis
1817 1789 1895 1824 Hang
1907 1800 1916 1813 »
1929 1788 1974 1820 (80
1985 1788 2121 1820 mesures).

215 1883 262 1912 23.
303 1882 425 1922 Joseph
441 1883 623 1912 CAILLOT
637 1883 826 1917 (1732-1816)
840 1891 939 1912 acteur
952 1891 981 1912 et
994 1882 1137 1912 chanteur
1150 1882 1186 1912 de
1200 1882 1227 1912 la
1241 1882 1552 1912 Comédie-Italienne.
1568 1883 1674 1917 RA.S.,
1691 1883 1729 1912 22
1743 1882 1816 1912 avril
1832 1883 1914 1917 1816,
1929 1884 1944 1912 à
1957 1884 2001 1912 M.
2016 1884 2101 1912 Huet
2116 1894 2121 1917 ;
2137 1882 2302 1923 demi-page

308 1933 373 1962 in-4
387 1932 424 1967 (le
438 1932 510 1962 haut
524 1932 560 1962 de
574 1932 600 1962 la
613 1944 683 1973 page
697 1941 741 1962 est
754 1932 907 1972 découpé),
922 1932 1045 1962 adresse.
2173 1933 2302 1962 100/150

332 1988 499 2019 ÉMOUVANTE
514 1996 582 2019 pièce
597 1996 704 2019 Rédigée
718 1992 829 2019 l’année
844 2000 877 2019 DE
892 2000 923 2019 SA
937 1992 1020 2024 mort,
1038 1992 1120 2019 d’une
1136 1993 1248 2019 écriture
1264 1992 1400 2020 tremblée.
1418 1993 1427 2018 «
1443 1993 1504 2019 Mes
1521 1993 1556 2019 84
1572 2003 1618 2019 ans
1635 2000 1661 2019 et
1676 2003 1730 2019 une
1746 1992 1872 2028 paralysie
1888 1992 2085 2028 m’empêchent
2101 1992 2134 2019 de
2150 1992 2255 2019 donner
2269 2003 2302 2019 au

308 2045 528 2073 gouvernement,
541 2037 579 2064 les
591 2037 826 2064 éclaircissements
837 2047 882 2073 par
893 2038 966 2068 écrit,
979 2037 1044 2073 qu’il
1054 2047 1097 2064 me
1109 2037 1240 2064 demande
1252 2048 1257 2069 ;
1267 2038 1294 2073 je
1305 2037 1330 2064 le
1342 2037 1447 2073 supplie
1458 2037 1491 2064 de
1502 2038 1655 2073 m’envoyer
1666 2048 1719 2064 une
1731 2047 1863 2073 personne
1874 2039 1888 2064 à
1898 2037 2012 2073 laquelle
2020 2038 2047 2073 je
2058 2036 2096 2064 les
2108 2037 2244 2069 donnerai,
2258 2048 2303 2064 sur

308 2092 373 2109 mon
385 2083 475 2109 entrée
487 2092 520 2109 au
533 2082 634 2109 théâtre
647 2082 693 2109 des
706 2083 786 2118 petits
799 2090 983 2118 appartemens
996 2082 1033 2109 du
1046 2083 1105 2114 Roi,
1119 2092 1153 2109 en
1168 2083 1238 2113 1747,
1252 2090 1278 2109 et
1290 2093 1332 2109 ma
1345 2083 1426 2109 sortie
1439 2092 1473 2109 en
1488 2083 1560 2114 1787,
1574 2093 1610 2109 ou
1623 2083 1648 2114 8,
1662 2092 1707 2118 par
1719 2082 1744 2109 le
1756 2082 1811 2109 rôle
1824 2082 1857 2109 de
1869 2082 2013 2109 Mathurin
2025 2082 2090 2109 dans
2104 2083 2169 2109 Rose
2181 2089 2206 2109 et
2218 2082 2301 2113 Colas,

305 2129 369 2163 joué
381 2129 395 2154 à
406 2127 607 2163 Beauxregards,
620 2137 689 2163 pour
700 2127 888 2154 l’amusement
900 2127 933 2154 de
946 2127 1016 2154 deux
1025 2128 1121 2163 jeunes
1133 2127 1247 2159 Princes,
1261 2137 1312 2163 que
1324 2138 1393 2154 nous
1406 2138 1486 2154 avons
1498 2127 1523 2154 le
1535 2127 1659 2155 bonheur
1671 2127 1704 2154 de
1716 2127 1843 2163 posséder
1854 2139 1888 2153 »...

332 2172 379 2202 On
389 2180 463 2202 JOINT
475 2183 529 2199 une
542 2182 613 2208 p.a.s.
628 2172 660 2199 de
674 2173 839 2199 Beaumesnil
851 2174 921 2206 (reçu
934 2182 1003 2208 pour
1016 2182 1056 2199 ses
1070 2173 1294 2208 appointements,
1311 2173 1341 2199 16
1355 2172 1462 2200 octobre
1477 2173 1563 2204 1780),
1578 2180 1604 2199 et
1617 2183 1670 2199 une
1683 2172 1746 2199 l.a.s.
1761 2172 1794 2199 de
1808 2172 2019 2199 Saint-Aulaire
2032 2172 2165 2208 (spirituel
2178 2173 2256 2199 envoi
2269 2172 2302 2199 de

308 2217 415 2249 billets).

214 2312 273 2341 *24.
308 2312 414 2341 Maria
434 2312 595 2341 CALLAS
614 2312 816 2346 (1923-1977).
835 2312 945 2346 L.A.S.,
964 2311 1061 2341 Milan
1079 2312 1097 2341 9
1116 2311 1270 2342 décembre
1291 2312 1371 2347 1957,
1390 2313 1405 2341 à
1422 2313 1478 2341 Mr.
1499 2311 1623 2341 Seltsam
1643 2323 1648 2346 ;
1671 2313 1683 2340 1
1704 2323 1774 2352 page
1792 2312 1857 2341 in-4
1875 2313 1890 2341 à
1908 2323 1962 2341 son
1980 2313 2092 2341 en-tête
2111 2323 2117 2347 ;
2137 2323 2174 2341 en
2192 2311 2302 2351 anglais

309 2361 458 2396 (encadrée
474 2373 540 2391 avec
555 2361 728 2401 enveloppe,
745 2361 960 2402 photographie
976 2370 1005 2391 et
1020 2361 1181 2391 médaillon
1197 2361 1437 2391 commémoratif
1452 2373 1457 2396 ;
1474 2361 1566 2391 fortes
1582 2361 1757 2391 mouillures
1773 2361 1915 2391 affectant
1930 2361 1957 2391 le
1973 2361 2023 2392 bas
2038 2361 2075 2391 de
2090 2361 2117 2391 la
2132 2361 2217 2391 lettre
2232 2370 2261 2391 et
2276 2361 2303 2391 la

309 2412 476 2451 signature).
2168 2412 2302 2441 300/350

332 2472 557 2498 Remerciements
572 2481 640 2507 pour
654 2482 681 2498 sa
694 2471 885 2499 bienveillance
900 2482 905 2503 ;
921 2471 972 2498 elle
986 2473 1076 2507 espère
1090 2472 1204 2507 pouvoir
1217 2471 1242 2498 le
1255 2472 1393 2498 remercier
1406 2471 1511 2499 bientôt
1525 2471 1557 2498 de
1571 2472 1631 2498 vive
1644 2472 1713 2498 voix.
1729 2471 1785 2498 Elle
1798 2479 1910 2507 regrette
1924 2471 1989 2507 qu’il
2002 2472 2066 2498 n’ait
2080 2481 2125 2507 pas
2139 2482 2173 2498 eu
2187 2471 2220 2498 de
2234 2471 2302 2499 bons

308 2516 388 2543 échos
401 2518 415 2543 à
428 2527 477 2543 son
490 2517 559 2552 sujet
572 2517 637 2543 mais
651 2516 702 2543 elle
714 2527 733 2553 y
745 2524 785 2543 est
798 2516 931 2544 habituée.
946 2517 993 2543 Les
1006 2517 1132 2552 critiques
1145 2524 1193 2543 ont
1206 2516 1402 2552 généralement
1415 2516 1452 2543 du
1466 2516 1518 2543 mal
1531 2517 1544 2543 à
1557 2516 1581 2543 la
1594 2516 1773 2552 comprendre.
1788 2516 1852 2543 Cela
1864 2516 1948 2552 prend
1962 2516 1998 2543 du
2012 2524 2123 2552 temps...
2138 2516 2194 2543 Elle
2208 2517 2282 2552 signe
2297 2527 2301 2542 :

308 2574 317 2586 «
329 2562 415 2588 Maria
426 2561 587 2597 Meneghini
600 2561 687 2588 Callas
699 2573 717 2587 ».

215 2656 261 2685 25.
308 2655 498 2685 Emmanuel
518 2656 736 2685 CHABRIER
754 2656 955 2690 (1841-1894).
974 2656 1073 2685 L.A.S.
1093 2669 1103 2683 «
1122 2655 1218 2685 Emml
1237 2669 1257 2691 »,
1278 2656 1455 2691 [Vaucottes,
1474 2657 1539 2695 près
1557 2649 1676 2690 Étretat]
1695 2655 1841 2685 Mercredi
1862 2657 1894 2685 11
1915 2655 1943 2685 h.
1963 2655 2005 2685 du
2023 2657 2082 2685 soir
2101 2656 2150 2690 [26
2168 2656 2220 2685 -27
2234 2657 2302 2696 juin

311 2706 406 2740 1878],
422 2707 437 2735 à
450 2714 484 2735 SA
497 2715 594 2735 femme
609 2717 615 2741 ;
634 2706 668 2735 12
683 2717 768 2746 pages
783 2706 847 2735 in-8
862 2705 998 2745 remplies
1013 2705 1105 2735 d’une
1119 2707 1244 2735 écriture
1259 2707 1352 2735 serrée
1367 2705 1466 2740 (bords
1480 2705 1532 2735 des
1547 2705 1625 2735 deux
1639 2705 1771 2735 derniers
1785 2705 1822 2735 ff.
1838 2717 1880 2735 un
1893 2717 1952 2745 peu
1966 2705 2115 2746 effrangés
2129 2717 2196 2735 avec
2210 2705 2302 2746 légers

308 2756 470 2795 manques).
2135 2756 2225 2785 800/1
2242 2756 2302 2785 000

332 2816 565 2842 Extraordinaire
576 2824 605 2842 et
616 2823 721 2842 longue
732 2823 830 2847 lettre,
843 2823 1004 2842 racontant
1015 2823 1080 2842 avec
1091 2823 1173 2842 verve
1184 2824 1237 2842 une
1248 2823 1394 2842 excursion
1406 2823 1454 2842 sur
1465 2823 1497 2842 la
1509 2819 1575 2842 côte
1587 2823 1746 2842 normande.

331 2861 417 2896 Après
429 2860 545 2887 diverses
556 2860 814 2887 recommandations
825 2862 839 2887 à
850 2871 877 2887 sa
887 2859 995 2892 femme,
1007 2868 1175 2887 notamment
1187 2871 1233 2887 sur
1243 2860 1302 2887 leur
1312 2860 1352 2887 fils
1363 2860 1472 2892 Marcel,
1485 2868 1511 2887 et
1522 2860 1703 2896 déplorations
1715 2871 1760 2887 sur
1770 2860 1830 2887 leur
1840 2862 1996 2896 séparation,
2009 2860 2028 2886 il
2039 2860 2087 2887 fait
2098 2860 2123 2887 le
2134 2861 2197 2887 récit
2209 2860 2241 2887 de
2253 2871 2303 2887 son

308 2918 317 2930 «
330 2905 443 2942 odyssée
454 2907 468 2932 à
479 2913 575 2932 travers
588 2905 626 2932 les
638 2905 742 2932 falaises
754 2917 773 2937 »,
786 2905 881 2941 depuis
893 2905 918 2932 le
930 2905 1022 2941 départ
1034 2917 1043 2930 «
1056 2907 1069 2932 à
1080 2907 1165 2932 marée
1178 2905 1364 2937 descendante,
1378 2916 1423 2932 sur
1434 2905 1472 2932 les
1484 2905 1566 2941 galets
1578 2913 1604 2932 et
1616 2905 1654 2932 les
1666 2905 1780 2937 rochers,
1793 2916 1827 2932 en
1839 2905 2002 2941 espadrilles,
2015 2905 2040 2932 le
2052 2905 2133 2933 bâton
2144 2916 2177 2932 au
2189 2907 2271 2941 poing
2283 2917 2301 2937 »,

309 2951 411 2986 jusqu’à
422 2950 446 2977 la
458 2951 584 2977 Fontaine
597 2961 647 2977 aux
659 2951 786 2977 Mousses
800 2961 805 2982 ;
819 2949 860 2977 s’il
872 2951 1019 2986 n’apprécie
1030 2952 1110 2986 guère
1122 2961 1151 2977 ce
1163 2960 1272 2987 paysage
1284 2950 1317 2977 de
1329 2950 1433 2977 falaises
1446 2950 1619 2982 blanchâtres,
1632 2952 1661 2977 ni
1673 2962 1682 2975 «
1695 2958 1736 2977 cet
1747 2950 1849 2977 éternel
1861 2950 1930 2986 galet
1942 2952 1987 2986 qui
1999 2961 2066 2977 vous
2078 2958 2165 2986 rompt
2177 2950 2201 2977 la
2213 2950 2302 2986 plante

97 3069 115 3099 8
