<?xml version="1.0" encoding="UTF-8" standalone="yes"?>
<PcGts xmlns="http://schema.primaresearch.org/PAGE/gts/pagecontent/2013-07-15" xmlns:xsi="http://www.w3.org/2001/XMLSchema-instance" xsi:schemaLocation="http://schema.primaresearch.org/PAGE/gts/pagecontent/2013-07-15 http://schema.primaresearch.org/PAGE/gts/pagecontent/2013-07-15/pagecontent.xsd">
    <Metadata>
        <Creator>Transkribus</Creator>
        <Created>2020-01-07T12:56:09.093+01:00</Created>
        <LastChange>2020-03-28T23:10:57.652+01:00</LastChange>
        <Comments>
                Measurement unit: pixel
                PrimaryLanguage: English
                Language: FrenchStandard
                Producer: Transkribus
            </Comments>
        <TranskribusMetadata docId="304029" pageId="12082585" pageNr="9" tsid="26607477" status="DONE" userId="10612" imgUrl="https://files.transkribus.eu/Get?id=MAXSFPZGYNFZCKRBPCTDKRIL&amp;fileType=view" xmlUrl="https://files.transkribus.eu/Get?id=BFRMEXWVOWISFQSNDDHVMEVG" imageId="8426736"/>
    </Metadata>
    <Page imageFilename="2017_06_20_bodin-0009.jpg" imageWidth="2480" imageHeight="3188">
        <PrintSpace>
            <Coords points="173,205 2429,205 2429,3105 173,3105"/>
        </PrintSpace>
        <ReadingOrder>
            <OrderedGroup id="ro_1604141503966" caption="Regions reading order">
                <RegionRefIndexed index="0" regionRef="region_1582285396603_1940"/>
                <RegionRefIndexed index="1" regionRef="r_3_1"/>
                <RegionRefIndexed index="2" regionRef="r_4_1"/>
                <RegionRefIndexed index="3" regionRef="r_4_2"/>
                <RegionRefIndexed index="4" regionRef="r_4_3"/>
                <RegionRefIndexed index="5" regionRef="r_4_4"/>
                <RegionRefIndexed index="6" regionRef="r_4_5"/>
                <RegionRefIndexed index="7" regionRef="region_1582285437062_1954"/>
                <RegionRefIndexed index="8" regionRef="r_7_1"/>
                <RegionRefIndexed index="9" regionRef="r_8_1"/>
                <RegionRefIndexed index="10" regionRef="r_9_1"/>
            </OrderedGroup>
        </ReadingOrder>
        <TextRegion id="region_1582285396603_1940" custom="readingOrder {index:0;}">
            <Coords points="717,1828 717,1864 749,1864 749,1828"/>
            <TextLine id="line_1582285396769_1943" custom="readingOrder {index:0;}">
                <Coords points="717,1828 749,1828 749,1864 717,1864"/>
                <Baseline points="717,1859 749,1859"/>
                <TextEquiv>
                    <Unicode>11</Unicode>
                </TextEquiv>
            </TextLine>
            <TextEquiv>
                <Unicode>11</Unicode>
            </TextEquiv>
        </TextRegion>
        <TextRegion type="paragraph" id="r_3_1" custom="readingOrder {index:1;}">
            <Coords points="295,1938 809,1938 809,1971 295,1971"/>
            <TextLine id="tl_1" primaryLanguage="English" custom="readingOrder {index:0;}">
                <Coords points="296,1939 808,1939 808,1970 296,1970"/>
                <Baseline points="296,1968 391,1969 429,1968 603,1968 682,1968 730,1952 808,1968"/>
                <Word id="w_w2aab1b5b2b1b1ab1" language="English" custom="readingOrder {index:0;}">
                    <Coords points="296,1939 391,1939 391,1970 296,1970"/>
                    <TextEquiv>
                        <Unicode>Pablo</Unicode>
                    </TextEquiv>
                    <TextStyle fontFamily="Times New Roman" fontSize="9.5" bold="true"/>
                </Word>
                <Word id="w_w2aab1b5b2b1b1ac13" language="English" custom="readingOrder {index:1;}">
                    <Coords points="406,1940 583,1940 583,1969 406,1969"/>
                    <TextEquiv>
                        <Unicode>PICASSO</Unicode>
                    </TextEquiv>
                    <TextStyle fontFamily="Times New Roman" fontSize="9.5" bold="true"/>
                </Word>
                <Word id="w_w2aab1b5b2b1b1b1b1" language="English" custom="readingOrder {index:2;}">
                    <Coords points="599,1951 603,1951 603,1968 599,1968"/>
                    <TextEquiv>
                        <Unicode>:</Unicode>
                    </TextEquiv>
                    <TextStyle fontFamily="Times New Roman" fontSize="9.5"/>
                </Word>
                <Word id="w_w2aab1b5b2b1b1b1b5" language="English" custom="readingOrder {index:3;}">
                    <Coords points="617,1940 682,1940 682,1969 617,1969"/>
                    <TextEquiv>
                        <Unicode>voir</Unicode>
                    </TextEquiv>
                    <TextStyle fontFamily="Times New Roman" fontSize="9.5"/>
                </Word>
                <Word id="w_w2aab1b5b2b1b1b1c15" language="English" custom="readingOrder {index:4;}">
                    <Coords points="694,1940 730,1940 730,1968 694,1968"/>
                    <TextEquiv>
                        <Unicode>n°</Unicode>
                    </TextEquiv>
                    <TextStyle fontFamily="Times New Roman" fontSize="9.5"/>
                </Word>
                <Word id="w_w2aab1b5b2b1b1b1c21" language="English" custom="readingOrder {index:5;}">
                    <Coords points="745,1940 808,1940 808,1969 745,1969"/>
                    <TextEquiv>
                        <Unicode>216.</Unicode>
                    </TextEquiv>
                    <TextStyle fontFamily="Times New Roman" fontSize="9.5"/>
                </Word>
                <TextEquiv>
                    <Unicode>Pablo PICASSO : voir n° 216.</Unicode>
                </TextEquiv>
            </TextLine>
            <TextEquiv>
                <Unicode>Pablo PICASSO : voir n° 216.</Unicode>
            </TextEquiv>
        </TextRegion>
        <TextRegion type="paragraph" id="r_4_1" custom="readingOrder {index:2;}">
            <Coords points="178,2080 1264,2080 1264,2273 178,2273"/>
            <TextLine id="tl_2" primaryLanguage="English" custom="readingOrder {index:0;}">
                <Coords points="179,2081 1263,2081 1263,2121 179,2121"/>
                <Baseline points="179,2093 188,2093 422,2111 470,2111 820,2111 950,2117 1118,2111 1196,2111 1263,2111"/>
                <Word id="w_w2aab1b7b2b1b1ab1" language="English" custom="readingOrder {index:0;}">
                    <Coords points="179,2082 235,2082 235,2111 179,2111"/>
                    <TextEquiv>
                        <Unicode>*16.</Unicode>
                    </TextEquiv>
                    <TextStyle fontFamily="Times New Roman" fontSize="9.5"/>
                </Word>
                <Word id="w_w2aab1b7b2b1b1b1b1" language="English" custom="readingOrder {index:1;}">
                    <Coords points="272,2082 422,2082 422,2121 272,2121"/>
                    <TextEquiv>
                        <Unicode>Auguste</Unicode>
                    </TextEquiv>
                    <TextStyle fontFamily="Times New Roman" fontSize="9.5" bold="true"/>
                </Word>
                <Word id="w_w2aab1b7b2b1b1b1c17" language="English" custom="readingOrder {index:2;}">
                    <Coords points="442,2082 605,2082 605,2116 442,2116"/>
                    <TextEquiv>
                        <Unicode>RENOIR</Unicode>
                    </TextEquiv>
                    <TextStyle fontFamily="Times New Roman" fontSize="9.5" bold="true"/>
                </Word>
                <Word id="w_w2aab1b7b2b1b1b2b1" language="English" custom="readingOrder {index:3;}">
                    <Coords points="622,2082 820,2082 820,2116 622,2116"/>
                    <TextEquiv>
                        <Unicode>(1841-1919).</Unicode>
                    </TextEquiv>
                    <TextStyle fontFamily="Times New Roman" fontSize="9.5"/>
                </Word>
                <Word id="w_w2aab1b7b2b1b1b2c27" language="English" custom="readingOrder {index:4;}">
                    <Coords points="840,2082 950,2082 950,2117 840,2117"/>
                    <TextEquiv>
                        <Unicode>L.A.S.,</Unicode>
                    </TextEquiv>
                    <TextStyle fontFamily="Times New Roman" fontSize="9.5"/>
                </Word>
                <Word id="w_w2aab1b7b2b1b1b2c43" language="English" custom="readingOrder {index:5;}">
                    <Coords points="968,2081 1118,2081 1118,2111 968,2111"/>
                    <TextEquiv>
                        <Unicode>Vendredi</Unicode>
                    </TextEquiv>
                    <TextStyle fontFamily="Times New Roman" fontSize="9.5"/>
                </Word>
                <Word id="w_w2aab1b7b2b1b1b2c61" language="English" custom="readingOrder {index:6;}">
                    <Coords points="1137,2083 1196,2083 1196,2111 1137,2111"/>
                    <TextEquiv>
                        <Unicode>soir</Unicode>
                    </TextEquiv>
                    <TextStyle fontFamily="Times New Roman" fontSize="9.5"/>
                </Word>
                <Word id="w_w2aab1b7b2b1b1b2c71" language="English" custom="readingOrder {index:7;}">
                    <Coords points="1214,2082 1263,2082 1263,2116 1214,2116"/>
                    <TextEquiv>
                        <Unicode>[27</Unicode>
                    </TextEquiv>
                    <TextStyle fontFamily="Times New Roman" fontSize="9.5"/>
                </Word>
                <TextEquiv>
                    <Unicode>*16. Auguste RENOIR (1841-1919). L.A.S., Vendredi soir [27</Unicode>
                </TextEquiv>
            </TextLine>
            <TextLine id="tl_3" primaryLanguage="English" custom="readingOrder {index:1;}">
                <Coords points="272,2131 1263,2131 1263,2172 272,2172"/>
                <Baseline points="272,2161 432,2161 533,2161 592,2161 727,2161 767,2161 848,2161 980,2166 1019,2161 1114,2161 1195,2160 1263,2152"/>
                <Word id="w_w2aab1b7b2b1b3ab1" language="English" custom="readingOrder {index:0;}">
                    <Coords points="272,2131 432,2131 432,2162 272,2162"/>
                    <TextEquiv>
                        <Unicode>novembre</Unicode>
                    </TextEquiv>
                    <TextStyle fontFamily="Times New Roman" fontSize="9.5"/>
                </Word>
                <Word id="w_w2aab1b7b2b1b3ac19" language="English" custom="readingOrder {index:1;}">
                    <Coords points="457,2132 554,2132 554,2166 457,2166"/>
                    <TextEquiv>
                        <Unicode>1896],</Unicode>
                    </TextEquiv>
                    <TextStyle fontFamily="Times New Roman" fontSize="9.5"/>
                </Word>
                <Word id="w_w2aab1b7b2b1b3b1b1" language="English" custom="readingOrder {index:2;}">
                    <Coords points="577,2132 592,2132 592,2161 577,2161"/>
                    <TextEquiv>
                        <Unicode>à</Unicode>
                    </TextEquiv>
                    <TextStyle fontFamily="Times New Roman" fontSize="8.5"/>
                </Word>
                <Word id="w_w2aab1b7b2b1b3b2b1" language="English" custom="readingOrder {index:3;}">
                    <Coords points="612,2131 727,2131 727,2161 612,2161"/>
                    <TextEquiv>
                        <Unicode>Teodor</Unicode>
                    </TextEquiv>
                    <TextStyle fontFamily="Times New Roman" fontSize="9.5"/>
                </Word>
                <Word id="w_w2aab1b7b2b1b3b2c15" language="English" custom="readingOrder {index:4;}">
                    <Coords points="748,2131 784,2131 784,2161 748,2161"/>
                    <TextEquiv>
                        <Unicode>de</Unicode>
                    </TextEquiv>
                    <TextStyle fontFamily="Times New Roman" fontSize="9.5"/>
                </Word>
                <Word id="w_w2aab1b7b2b1b3b3b1" language="English" custom="readingOrder {index:5;}">
                    <Coords points="806,2133 951,2133 951,2166 806,2166"/>
                    <TextEquiv>
                        <Unicode>Wyzewa</Unicode>
                    </TextEquiv>
                    <TextStyle fontFamily="Times New Roman" fontSize="8.5"/>
                </Word>
                <Word id="w_w2aab1b7b2b1b3b4b1" language="English" custom="readingOrder {index:6;}">
                    <Coords points="974,2143 980,2143 980,2166 974,2166"/>
                    <TextEquiv>
                        <Unicode>;</Unicode>
                    </TextEquiv>
                    <TextStyle fontFamily="Times New Roman" fontSize="9.5"/>
                </Word>
                <Word id="w_w2aab1b7b2b1b3b4b5" language="English" custom="readingOrder {index:7;}">
                    <Coords points="1006,2132 1019,2132 1019,2161 1006,2161"/>
                    <TextEquiv>
                        <Unicode>1</Unicode>
                    </TextEquiv>
                    <TextStyle fontFamily="Times New Roman" fontSize="9.5"/>
                </Word>
                <Word id="w_w2aab1b7b2b1b3b4b9" language="English" custom="readingOrder {index:8;}">
                    <Coords points="1044,2143 1114,2143 1114,2172 1044,2172"/>
                    <TextEquiv>
                        <Unicode>page</Unicode>
                    </TextEquiv>
                    <TextStyle fontFamily="Times New Roman" fontSize="9.5"/>
                </Word>
                <Word id="w_w2aab1b7b2b1b3b4c19" language="English" custom="readingOrder {index:9;}">
                    <Coords points="1136,2131 1195,2131 1195,2162 1136,2162"/>
                    <TextEquiv>
                        <Unicode>obi.</Unicode>
                    </TextEquiv>
                    <TextStyle fontFamily="Times New Roman" fontSize="9.5"/>
                </Word>
                <Word id="w_w2aab1b7b2b1b3b4c29" language="English" custom="readingOrder {index:10;}">
                    <Coords points="1218,2133 1263,2133 1263,2161 1218,2161"/>
                    <TextEquiv>
                        <Unicode>in-</Unicode>
                    </TextEquiv>
                    <TextStyle fontFamily="Times New Roman" fontSize="9.5"/>
                </Word>
                <TextEquiv>
                    <Unicode>novembre 1896], à Teodor de WYZEWA ; 1 page obi. in-</Unicode>
                </TextEquiv>
            </TextLine>
            <TextLine id="tl_4" primaryLanguage="English" custom="readingOrder {index:2;}">
                <Coords points="276,2181 1263,2181 1263,2221 276,2221"/>
                <Baseline points="276,2211 311,2211 418,2211 570,2216 706,2211 762,2211 865,2211 1035,2211 1121,2211 1263,2211"/>
                <Word id="w_w2aab1b7b2b1b5ab1" language="English" custom="readingOrder {index:0;}">
                    <Coords points="276,2182 311,2182 311,2211 276,2211"/>
                    <TextEquiv>
                        <Unicode>12</Unicode>
                    </TextEquiv>
                    <TextStyle fontFamily="Times New Roman" fontSize="9.5"/>
                </Word>
                <Word id="w_w2aab1b7b2b1b5ab7" language="English" custom="readingOrder {index:1;}">
                    <Coords points="331,2182 418,2182 418,2216 331,2216"/>
                    <TextEquiv>
                        <Unicode>(carte</Unicode>
                    </TextEquiv>
                    <TextStyle fontFamily="Times New Roman" fontSize="9.5"/>
                </Word>
                <Word id="w_w2aab1b7b2b1b5ac21" language="English" custom="readingOrder {index:2;}">
                    <Coords points="437,2181 570,2181 570,2221 437,2221"/>
                    <TextEquiv>
                        <Unicode>postale),</Unicode>
                    </TextEquiv>
                    <TextStyle fontFamily="Times New Roman" fontSize="9.5"/>
                </Word>
                <Word id="w_w2aab1b7b2b1b5ac41" language="English" custom="readingOrder {index:3;}">
                    <Coords points="591,2181 706,2181 706,2211 591,2211"/>
                    <TextEquiv>
                        <Unicode>adresse</Unicode>
                    </TextEquiv>
                    <TextStyle fontFamily="Times New Roman" fontSize="9.5"/>
                </Word>
                <Word id="w_w2aab1b7b2b1b5ac57" language="English" custom="readingOrder {index:4;}">
                    <Coords points="726,2193 762,2193 762,2211 726,2211"/>
                    <TextEquiv>
                        <Unicode>au</Unicode>
                    </TextEquiv>
                    <TextStyle fontFamily="Times New Roman" fontSize="9.5"/>
                </Word>
                <Word id="w_w2aab1b7b2b1b5ac63" language="English" custom="readingOrder {index:5;}">
                    <Coords points="780,2193 865,2193 865,2211 780,2211"/>
                    <TextEquiv>
                        <Unicode>verso</Unicode>
                    </TextEquiv>
                    <TextStyle fontFamily="Times New Roman" fontSize="9.5"/>
                </Word>
                <Word id="w_w2aab1b7b2b1b5ac75" language="English" custom="readingOrder {index:6;}">
                    <Coords points="885,2181 1035,2181 1035,2216 885,2216"/>
                    <TextEquiv>
                        <Unicode>(encadrée</Unicode>
                    </TextEquiv>
                    <TextStyle fontFamily="Times New Roman" fontSize="9.5"/>
                </Word>
                <Word id="w_w2aab1b7b2b1b5ac95" language="English" custom="readingOrder {index:7;}">
                    <Coords points="1054,2193 1121,2193 1121,2211 1054,2211"/>
                    <TextEquiv>
                        <Unicode>avec</Unicode>
                    </TextEquiv>
                    <TextStyle fontFamily="Times New Roman" fontSize="9.5"/>
                </Word>
                <Word id="w_w2aab1b7b2b1b5ad105" language="English" custom="readingOrder {index:8;}">
                    <Coords points="1140,2183 1263,2183 1263,2221 1140,2221"/>
                    <TextEquiv>
                        <Unicode>portrait</Unicode>
                    </TextEquiv>
                    <TextStyle fontFamily="Times New Roman" fontSize="9.5"/>
                </Word>
                <TextEquiv>
                    <Unicode>12 (carte postale), adresse au verso (encadrée avec portrait</Unicode>
                </TextEquiv>
                <TextStyle fontFamily="Times New Roman" fontSize="9.5"/>
            </TextLine>
            <TextLine id="tl_5" primaryLanguage="English" custom="readingOrder {index:3;}">
                <Coords points="273,2231 1263,2231 1263,2272 273,2272"/>
                <Baseline points="273,2271 548,2261 1263,2261"/>
                <Word id="w_w2aab1b7b2b1b7ab1" language="English" custom="readingOrder {index:0;}">
                    <Coords points="273,2231 548,2231 548,2272 273,2272"/>
                    <TextEquiv>
                        <Unicode>photographique).</Unicode>
                    </TextEquiv>
                    <TextStyle fontFamily="Times New Roman" fontSize="9.5"/>
                </Word>
                <Word id="w_w2aab1b7b2b1b7ac35" language="English" custom="readingOrder {index:1;}">
                    <Coords points="1128,2232 1263,2232 1263,2261 1128,2261"/>
                    <TextEquiv>
                        <Unicode>600/700</Unicode>
                    </TextEquiv>
                    <TextStyle fontFamily="Times New Roman" fontSize="9.5"/>
                </Word>
                <TextEquiv>
                    <Unicode>photographique). 600/700</Unicode>
                </TextEquiv>
                <TextStyle fontFamily="Times New Roman" fontSize="9.5"/>
            </TextLine>
            <TextEquiv>
                <Unicode>*16. Auguste RENOIR (1841-1919). L.A.S., Vendredi soir [27
novembre 1896], à Teodor de WYZEWA ; 1 page obi. in-
12 (carte postale), adresse au verso (encadrée avec portrait
photographique). 600/700</Unicode>
            </TextEquiv>
        </TextRegion>
        <TextRegion type="paragraph" id="r_4_2" custom="readingOrder {index:3;}">
            <Coords points="295,2290 1079,2290 1079,2329 295,2329"/>
            <TextLine id="tl_6" primaryLanguage="English" custom="readingOrder {index:0;}">
                <Coords points="296,2291 1078,2291 1078,2328 296,2328"/>
                <Baseline points="296,2316 306,2316 379,2318 500,2318 582,2318 722,2317 766,2318 912,2318 1031,2317 1078,2317"/>
                <Word id="w_w2aab1b7b2b3b1ab1" language="English" custom="readingOrder {index:0;}">
                    <Coords points="296,2303 306,2303 306,2316 296,2316"/>
                    <TextEquiv>
                        <Unicode>«</Unicode>
                    </TextEquiv>
                    <TextStyle fontFamily="Times New Roman" fontSize="8.5"/>
                </Word>
                <Word id="w_w2aab1b7b2b3b1ab5" language="English" custom="readingOrder {index:1;}">
                    <Coords points="315,2292 379,2292 379,2323 315,2323"/>
                    <TextEquiv>
                        <Unicode>Jean</Unicode>
                    </TextEquiv>
                    <TextStyle fontFamily="Times New Roman" fontSize="8.5"/>
                </Word>
                <Word id="w_w2aab1b7b2b3b1ac15" language="English" custom="readingOrder {index:2;}">
                    <Coords points="390,2291 500,2291 500,2318 390,2318"/>
                    <TextEquiv>
                        <Unicode>viendra</Unicode>
                    </TextEquiv>
                    <TextStyle fontFamily="Times New Roman" fontSize="8.5"/>
                </Word>
                <Word id="w_w2aab1b7b2b3b1ac31" language="English" custom="readingOrder {index:3;}">
                    <Coords points="511,2292 582,2292 582,2318 511,2318"/>
                    <TextEquiv>
                        <Unicode>aussi</Unicode>
                    </TextEquiv>
                    <TextStyle fontFamily="Times New Roman" fontSize="8.5"/>
                </Word>
                <Word id="w_w2aab1b7b2b3b1ac43" language="English" custom="readingOrder {index:4;}">
                    <Coords points="594,2291 722,2291 722,2328 594,2328"/>
                    <TextEquiv>
                        <Unicode>déjeuner</Unicode>
                    </TextEquiv>
                    <TextStyle fontFamily="Times New Roman" fontSize="8.5"/>
                </Word>
                <Word id="w_w2aab1b7b2b3b1ac61" language="English" custom="readingOrder {index:5;}">
                    <Coords points="733,2302 766,2302 766,2318 733,2318"/>
                    <TextEquiv>
                        <Unicode>au</Unicode>
                    </TextEquiv>
                    <TextStyle fontFamily="Times New Roman" fontSize="8.5"/>
                </Word>
                <Word id="w_w2aab1b7b2b3b1ac67" language="English" custom="readingOrder {index:6;}">
                    <Coords points="779,2291 912,2291 912,2319 779,2319"/>
                    <TextEquiv>
                        <Unicode>Caboulot</Unicode>
                    </TextEquiv>
                    <TextStyle fontFamily="Times New Roman" fontSize="8.5"/>
                </Word>
                <Word id="w_w2aab1b7b2b3b1ac85" language="English" custom="readingOrder {index:7;}">
                    <Coords points="925,2291 1031,2291 1031,2318 925,2318"/>
                    <TextEquiv>
                        <Unicode>demain</Unicode>
                    </TextEquiv>
                    <TextStyle fontFamily="Times New Roman" fontSize="8.5"/>
                </Word>
                <Word id="w_w2aab1b7b2b3b1ac99" language="English" custom="readingOrder {index:8;}">
                    <Coords points="1043,2303 1078,2303 1078,2317 1043,2317"/>
                    <TextEquiv>
                        <Unicode>»...</Unicode>
                    </TextEquiv>
                    <TextStyle fontFamily="Times New Roman" fontSize="8.5"/>
                </Word>
                <TextEquiv>
                    <Unicode>« Jean viendra aussi déjeuner au Caboulot demain »...</Unicode>
                </TextEquiv>
                <TextStyle fontFamily="Times New Roman" fontSize="8.5"/>
            </TextLine>
            <TextEquiv>
                <Unicode>« Jean viendra aussi déjeuner au Caboulot demain »...</Unicode>
            </TextEquiv>
        </TextRegion>
        <TextRegion type="paragraph" id="r_4_3" custom="readingOrder {index:4;}">
            <Coords points="182,2377 1262,2377 1262,2477 182,2477"/>
            <TextLine id="tl_7" primaryLanguage="English" custom="readingOrder {index:0;}">
                <Coords points="183,2378 1261,2378 1261,2421 183,2421"/>
                <Baseline points="183,2415 195,2415 567,2415 635,2415 1147,2415 1261,2420"/>
                <Word id="w_w2aab1b7b2b5b1ab1" language="English" custom="readingOrder {index:0;}">
                    <Coords points="183,2387 222,2387 222,2415 183,2415"/>
                    <TextEquiv>
                        <Unicode>17.</Unicode>
                    </TextEquiv>
                    <TextStyle fontFamily="Times New Roman" fontSize="9.5"/>
                </Word>
                <Word id="w_w2aab1b7b2b5b1b1b1" language="English" custom="readingOrder {index:1;}">
                    <Coords points="273,2378 567,2378 567,2417 273,2417"/>
                    <TextEquiv>
                        <Unicode>Louise-Élisabeth</Unicode>
                    </TextEquiv>
                    <TextStyle fontFamily="Times New Roman" fontSize="9.5" bold="true"/>
                </Word>
                <Word id="w_w2aab1b7b2b5b1b1c35" language="English" custom="readingOrder {index:2;}">
                    <Coords points="603,2378 911,2378 911,2421 603,2421"/>
                    <TextEquiv>
                        <Unicode>VIGÉE-LEBRUN</Unicode>
                    </TextEquiv>
                    <TextStyle fontFamily="Times New Roman" fontSize="9.5" bold="true"/>
                </Word>
                <Word id="w_w2aab1b7b2b5b1b2b1" language="English" custom="readingOrder {index:3;}">
                    <Coords points="945,2386 1147,2386 1147,2421 945,2421"/>
                    <TextEquiv>
                        <Unicode>(1756-1842).</Unicode>
                    </TextEquiv>
                    <TextStyle fontFamily="Times New Roman" fontSize="9.5"/>
                </Word>
                <Word id="w_w2aab1b7b2b5b1b2c27" language="English" custom="readingOrder {index:4;}">
                    <Coords points="1182,2386 1261,2386 1261,2420 1182,2420"/>
                    <TextEquiv>
                        <Unicode>L.A.,</Unicode>
                    </TextEquiv>
                    <TextStyle fontFamily="Times New Roman" fontSize="9.5"/>
                </Word>
                <TextEquiv>
                    <Unicode>17. Louise-Élisabeth VIGÉE-LEBRUN (1756-1842). L.A.,</Unicode>
                </TextEquiv>
            </TextLine>
            <TextLine id="tl_8" primaryLanguage="English" custom="readingOrder {index:1;}">
                <Coords points="273,2435 1261,2435 1261,2476 273,2476"/>
                <Baseline points="273,2465 349,2465 519,2465 646,2470 683,2471 730,2465 844,2465 956,2465 1036,2465 1162,2465 1261,2465"/>
                <Word id="w_w2aab1b7b2b5b3ab1" language="English" custom="readingOrder {index:0;}">
                    <Coords points="273,2436 349,2436 349,2465 273,2465"/>
                    <TextEquiv>
                        <Unicode>Paris</Unicode>
                    </TextEquiv>
                    <TextStyle fontFamily="Times New Roman" fontSize="9.5"/>
                </Word>
                <Word id="w_w2aab1b7b2b5b3ac13" language="English" custom="readingOrder {index:1;}">
                    <Coords points="377,2435 519,2435 519,2465 377,2465"/>
                    <TextEquiv>
                        <Unicode>vendredi</Unicode>
                    </TextEquiv>
                    <TextStyle fontFamily="Times New Roman" fontSize="9.5"/>
                </Word>
                <Word id="w_w2aab1b7b2b5b3ac31" language="English" custom="readingOrder {index:2;}">
                    <Coords points="548,2436 646,2436 646,2470 548,2470"/>
                    <TextEquiv>
                        <Unicode>[1829]</Unicode>
                    </TextEquiv>
                    <TextStyle fontFamily="Times New Roman" fontSize="9.5"/>
                </Word>
                <Word id="w_w2aab1b7b2b5b3ac45" language="English" custom="readingOrder {index:3;}">
                    <Coords points="677,2447 683,2447 683,2471 677,2471"/>
                    <TextEquiv>
                        <Unicode>;</Unicode>
                    </TextEquiv>
                    <TextStyle fontFamily="Times New Roman" fontSize="9.5"/>
                </Word>
                <Word id="w_w2aab1b7b2b5b3ac49" language="English" custom="readingOrder {index:4;}">
                    <Coords points="713,2436 730,2436 730,2465 713,2465"/>
                    <TextEquiv>
                        <Unicode>2</Unicode>
                    </TextEquiv>
                    <TextStyle fontFamily="Times New Roman" fontSize="9.5"/>
                </Word>
                <Word id="w_w2aab1b7b2b5b3ac53" language="English" custom="readingOrder {index:5;}">
                    <Coords points="758,2447 844,2447 844,2476 758,2476"/>
                    <TextEquiv>
                        <Unicode>pages</Unicode>
                    </TextEquiv>
                    <TextStyle fontFamily="Times New Roman" fontSize="9.5"/>
                </Word>
                <Word id="w_w2aab1b7b2b5b3ac65" language="English" custom="readingOrder {index:6;}">
                    <Coords points="872,2436 956,2436 956,2465 872,2465"/>
                    <TextEquiv>
                        <Unicode>in-12</Unicode>
                    </TextEquiv>
                    <TextStyle fontFamily="Times New Roman" fontSize="9.5"/>
                </Word>
                <Word id="w_w2aab1b7b2b5b3ac77" language="English" custom="readingOrder {index:7;}">
                    <Coords points="986,2447 1036,2447 1036,2465 986,2465"/>
                    <TextEquiv>
                        <Unicode>sur</Unicode>
                    </TextEquiv>
                    <TextStyle fontFamily="Times New Roman" fontSize="9.5"/>
                </Word>
                <Word id="w_w2aab1b7b2b5b3ac85" language="English" custom="readingOrder {index:8;}">
                    <Coords points="1062,2437 1162,2437 1162,2475 1062,2475"/>
                    <TextEquiv>
                        <Unicode>papier</Unicode>
                    </TextEquiv>
                    <TextStyle fontFamily="Times New Roman" fontSize="9.5"/>
                </Word>
                <Word id="w_w2aab1b7b2b5b3ac99" language="English" custom="readingOrder {index:9;}">
                    <Coords points="1188,2444 1261,2444 1261,2465 1188,2465"/>
                    <TextEquiv>
                        <Unicode>vert.</Unicode>
                    </TextEquiv>
                    <TextStyle fontFamily="Times New Roman" fontSize="9.5"/>
                </Word>
                <TextEquiv>
                    <Unicode>Paris vendredi [1829] ; 2 pages in-12 sur papier vert.</Unicode>
                </TextEquiv>
                <TextStyle fontFamily="Times New Roman" fontSize="9.5"/>
            </TextLine>
            <TextEquiv>
                <Unicode>17. Louise-Élisabeth VIGÉE-LEBRUN (1756-1842). L.A.,
Paris vendredi [1829] ; 2 pages in-12 sur papier vert.</Unicode>
            </TextEquiv>
        </TextRegion>
        <TextRegion type="paragraph" id="r_4_4" custom="readingOrder {index:5;}">
            <Coords points="1126,2485 1264,2485 1264,2516 1126,2516"/>
            <TextLine id="tl_9" primaryLanguage="English" custom="readingOrder {index:0;}">
                <Coords points="1127,2486 1263,2486 1263,2515 1127,2515"/>
                <Baseline points="1127,2515 1263,2515"/>
                <Word id="w_w2aab1b7b2b7b1ab1" language="English" custom="readingOrder {index:0;}">
                    <Coords points="1127,2486 1263,2486 1263,2515 1127,2515"/>
                    <TextEquiv>
                        <Unicode>400/500</Unicode>
                    </TextEquiv>
                    <TextStyle fontFamily="Times New Roman" fontSize="9.5"/>
                </Word>
                <TextEquiv>
                    <Unicode>400/500</Unicode>
                </TextEquiv>
                <TextStyle fontFamily="Times New Roman" fontSize="9.5"/>
            </TextLine>
            <TextEquiv>
                <Unicode>400/500</Unicode>
            </TextEquiv>
        </TextRegion>
        <TextRegion type="paragraph" id="r_4_5" custom="readingOrder {index:6;}">
            <Coords points="271,2544 1264,2544 1264,2933 271,2933"/>
            <TextLine id="tl_10" primaryLanguage="English" custom="readingOrder {index:0;}">
                <Coords points="296,2545 1263,2545 1263,2581 296,2581"/>
                <Baseline points="296,2570 306,2570 347,2572 418,2572 446,2572 530,2572 610,2572 650,2572 774,2572 826,2572 900,2581 995,2572 1053,2572 1125,2572 1181,2571 1263,2572"/>
                <Word id="w_w2aab1b7b2b9b1ab1" language="English" custom="readingOrder {index:0;}">
                    <Coords points="296,2557 306,2557 306,2570 296,2570"/>
                    <TextEquiv>
                        <Unicode>«</Unicode>
                    </TextEquiv>
                    <TextStyle fontFamily="Times New Roman" fontSize="8.5"/>
                </Word>
                <Word id="w_w2aab1b7b2b9b1ab5" language="English" custom="readingOrder {index:1;}">
                    <Coords points="318,2546 347,2546 347,2577 318,2577"/>
                    <TextEquiv>
                        <Unicode>Je</Unicode>
                    </TextEquiv>
                    <TextStyle fontFamily="Times New Roman" fontSize="8.5"/>
                </Word>
                <Word id="w_w2aab1b7b2b9b1ac11" language="English" custom="readingOrder {index:2;}">
                    <Coords points="363,2546 418,2546 418,2572 363,2572"/>
                    <TextEquiv>
                        <Unicode>suis</Unicode>
                    </TextEquiv>
                    <TextStyle fontFamily="Times New Roman" fontSize="8.5"/>
                </Word>
                <Word id="w_w2aab1b7b2b9b1ac21" language="English" custom="readingOrder {index:3;}">
                    <Coords points="433,2547 446,2547 446,2572 433,2572"/>
                    <TextEquiv>
                        <Unicode>à</Unicode>
                    </TextEquiv>
                    <TextStyle fontFamily="Times New Roman" fontSize="8.5"/>
                </Word>
                <Word id="w_w2aab1b7b2b9b1ac25" language="English" custom="readingOrder {index:4;}">
                    <Coords points="461,2546 530,2546 530,2572 461,2572"/>
                    <TextEquiv>
                        <Unicode>Paris</Unicode>
                    </TextEquiv>
                    <TextStyle fontFamily="Times New Roman" fontSize="8.5"/>
                </Word>
                <Word id="w_w2aab1b7b2b9b1ac37" language="English" custom="readingOrder {index:5;}">
                    <Coords points="545,2545 610,2545 610,2572 545,2572"/>
                    <TextEquiv>
                        <Unicode>dans</Unicode>
                    </TextEquiv>
                    <TextStyle fontFamily="Times New Roman" fontSize="8.5"/>
                </Word>
                <Word id="w_w2aab1b7b2b9b1ac47" language="English" custom="readingOrder {index:6;}">
                    <Coords points="625,2545 650,2545 650,2572 625,2572"/>
                    <TextEquiv>
                        <Unicode>le</Unicode>
                    </TextEquiv>
                    <TextStyle fontFamily="Times New Roman" fontSize="8.5"/>
                </Word>
                <Word id="w_w2aab1b7b2b9b1ac53" language="English" custom="readingOrder {index:7;}">
                    <Coords points="665,2545 774,2545 774,2572 665,2572"/>
                    <TextEquiv>
                        <Unicode>château</Unicode>
                    </TextEquiv>
                    <TextStyle fontFamily="Times New Roman" fontSize="8.5"/>
                </Word>
                <Word id="w_w2aab1b7b2b9b1ac69" language="English" custom="readingOrder {index:8;}">
                    <Coords points="789,2545 826,2545 826,2572 789,2572"/>
                    <TextEquiv>
                        <Unicode>du</Unicode>
                    </TextEquiv>
                    <TextStyle fontFamily="Times New Roman" fontSize="8.5"/>
                </Word>
                <Word id="w_w2aab1b7b2b9b1ac75" language="English" custom="readingOrder {index:9;}">
                    <Coords points="842,2546 900,2546 900,2581 842,2581"/>
                    <TextEquiv>
                        <Unicode>Coq</Unicode>
                    </TextEquiv>
                    <TextStyle fontFamily="Times New Roman" fontSize="8.5"/>
                </Word>
                <Word id="w_w2aab1b7b2b9b1ac83" language="English" custom="readingOrder {index:10;}">
                    <Coords points="914,2556 995,2556 995,2572 914,2572"/>
                    <TextEquiv>
                        <Unicode>venes</Unicode>
                    </TextEquiv>
                    <TextStyle fontFamily="Times New Roman" fontSize="8.5"/>
                </Word>
                <Word id="w_w2aab1b7b2b9b1ac95" language="English" custom="readingOrder {index:11;}">
                    <Coords points="1010,2556 1053,2556 1053,2572 1010,2572"/>
                    <TextEquiv>
                        <Unicode>me</Unicode>
                    </TextEquiv>
                    <TextStyle fontFamily="Times New Roman" fontSize="8.5"/>
                </Word>
                <Word id="w_w2aab1b7b2b9b1ad101" language="English" custom="readingOrder {index:12;}">
                    <Coords points="1067,2547 1125,2547 1125,2572 1067,2572"/>
                    <TextEquiv>
                        <Unicode>voir</Unicode>
                    </TextEquiv>
                    <TextStyle fontFamily="Times New Roman" fontSize="8.5"/>
                </Word>
                <Word id="w_w2aab1b7b2b9b1ad111" language="English" custom="readingOrder {index:13;}">
                    <Coords points="1140,2545 1181,2545 1181,2572 1140,2572"/>
                    <TextEquiv>
                        <Unicode>s’il</Unicode>
                    </TextEquiv>
                    <TextStyle fontFamily="Times New Roman" fontSize="8.5"/>
                </Word>
                <Word id="w_w2aab1b7b2b9b1ad121" language="English" custom="readingOrder {index:14;}">
                    <Coords points="1195,2556 1263,2556 1263,2572 1195,2572"/>
                    <TextEquiv>
                        <Unicode>vous</Unicode>
                    </TextEquiv>
                    <TextStyle fontFamily="Times New Roman" fontSize="8.5"/>
                </Word>
                <TextEquiv>
                    <Unicode>« Je suis à Paris dans le château du Coq venes me voir s’il vous</Unicode>
                </TextEquiv>
                <TextStyle fontFamily="Times New Roman" fontSize="8.5"/>
            </TextLine>
            <TextLine id="tl_11" primaryLanguage="English" custom="readingOrder {index:1;}">
                <Coords points="273,2590 1263,2590 1263,2627 273,2627"/>
                <Baseline points="273,2617 313,2617 458,2622 530,2617 660,2622 705,2617 863,2617 1023,2617 1056,2617 1216,2622 1263,2617"/>
                <Word id="w_w2aab1b7b2b9b3ab1" language="English" custom="readingOrder {index:0;}">
                    <Coords points="273,2598 313,2598 313,2617 273,2617"/>
                    <TextEquiv>
                        <Unicode>est</Unicode>
                    </TextEquiv>
                    <TextStyle fontFamily="Times New Roman" fontSize="8.5"/>
                </Word>
                <Word id="w_w2aab1b7b2b9b3ab9" language="English" custom="readingOrder {index:1;}">
                    <Coords points="332,2590 458,2590 458,2626 332,2626"/>
                    <TextEquiv>
                        <Unicode>possible,</Unicode>
                    </TextEquiv>
                    <TextStyle fontFamily="Times New Roman" fontSize="8.5"/>
                </Word>
                <Word id="w_w2aab1b7b2b9b3ac29" language="English" custom="readingOrder {index:2;}">
                    <Coords points="479,2592 530,2592 530,2617 479,2617"/>
                    <TextEquiv>
                        <Unicode>très</Unicode>
                    </TextEquiv>
                    <TextStyle fontFamily="Times New Roman" fontSize="8.5"/>
                </Word>
                <Word id="w_w2aab1b7b2b9b3ac39" language="English" custom="readingOrder {index:3;}">
                    <Coords points="550,2590 660,2590 660,2622 550,2622"/>
                    <TextEquiv>
                        <Unicode>amable,</Unicode>
                    </TextEquiv>
                    <TextStyle fontFamily="Times New Roman" fontSize="8.5"/>
                </Word>
                <Word id="w_w2aab1b7b2b9b3ac55" language="English" custom="readingOrder {index:4;}">
                    <Coords points="678,2592 705,2592 705,2627 678,2627"/>
                    <TextEquiv>
                        <Unicode>je</Unicode>
                    </TextEquiv>
                    <TextStyle fontFamily="Times New Roman" fontSize="8.5"/>
                </Word>
                <Word id="w_w2aab1b7b2b9b3ac61" language="English" custom="readingOrder {index:5;}">
                    <Coords points="724,2598 863,2598 863,2617 724,2617"/>
                    <TextEquiv>
                        <Unicode>retournes</Unicode>
                    </TextEquiv>
                    <TextStyle fontFamily="Times New Roman" fontSize="8.5"/>
                </Word>
                <Word id="w_w2aab1b7b2b9b3ac81" language="English" custom="readingOrder {index:6;}">
                    <Coords points="883,2590 1023,2590 1023,2617 883,2617"/>
                    <TextEquiv>
                        <Unicode>dimanche</Unicode>
                    </TextEquiv>
                    <TextStyle fontFamily="Times New Roman" fontSize="8.5"/>
                </Word>
                <Word id="w_w2aab1b7b2b9b3ac99" language="English" custom="readingOrder {index:7;}">
                    <Coords points="1042,2592 1056,2592 1056,2617 1042,2617"/>
                    <TextEquiv>
                        <Unicode>à</Unicode>
                    </TextEquiv>
                    <TextStyle fontFamily="Times New Roman" fontSize="8.5"/>
                </Word>
                <Word id="w_w2aab1b7b2b9b3ad103" language="English" custom="readingOrder {index:8;}">
                    <Coords points="1075,2591 1216,2591 1216,2622 1075,2622"/>
                    <TextEquiv>
                        <Unicode>Lucienne,</Unicode>
                    </TextEquiv>
                    <TextStyle fontFamily="Times New Roman" fontSize="8.5"/>
                </Word>
                <Word id="w_w2aab1b7b2b9b3ad123" language="English" custom="readingOrder {index:9;}">
                    <Coords points="1237,2598 1263,2598 1263,2617 1237,2617"/>
                    <TextEquiv>
                        <Unicode>et</Unicode>
                    </TextEquiv>
                    <TextStyle fontFamily="Times New Roman" fontSize="8.5"/>
                </Word>
                <TextEquiv>
                    <Unicode>est possible, très amable, je retournes dimanche à Lucienne, et</Unicode>
                </TextEquiv>
                <TextStyle fontFamily="Times New Roman" fontSize="8.5"/>
            </TextLine>
            <TextLine id="tl_12" primaryLanguage="English" custom="readingOrder {index:2;}">
                <Coords points="273,2635 1262,2635 1262,2672 273,2672"/>
                <Baseline points="273,2662 358,2662 447,2662 511,2662 584,2662 648,2662 869,2662 919,2662 994,2662 1143,2661 1189,2662 1262,2662"/>
                <Word id="w_w2aab1b7b2b9b5ab1" language="English" custom="readingOrder {index:0;}">
                    <Coords points="273,2635 358,2635 358,2662 273,2662"/>
                    <TextEquiv>
                        <Unicode>desire</Unicode>
                    </TextEquiv>
                    <TextStyle fontFamily="Times New Roman" fontSize="8.5"/>
                </Word>
                <Word id="w_w2aab1b7b2b9b5ac15" language="English" custom="readingOrder {index:1;}">
                    <Coords points="376,2636 447,2636 447,2662 376,2662"/>
                    <TextEquiv>
                        <Unicode>avoir</Unicode>
                    </TextEquiv>
                    <TextStyle fontFamily="Times New Roman" fontSize="8.5"/>
                </Word>
                <Word id="w_w2aab1b7b2b9b5ac27" language="English" custom="readingOrder {index:2;}">
                    <Coords points="464,2646 511,2646 511,2662 464,2662"/>
                    <TextEquiv>
                        <Unicode>vos</Unicode>
                    </TextEquiv>
                    <TextStyle fontFamily="Times New Roman" fontSize="8.5"/>
                </Word>
                <Word id="w_w2aab1b7b2b9b5ac35" language="English" custom="readingOrder {index:3;}">
                    <Coords points="530,2636 584,2636 584,2662 530,2662"/>
                    <TextEquiv>
                        <Unicode>avis</Unicode>
                    </TextEquiv>
                    <TextStyle fontFamily="Times New Roman" fontSize="8.5"/>
                </Word>
                <Word id="w_w2aab1b7b2b9b5ac45" language="English" custom="readingOrder {index:4;}">
                    <Coords points="603,2646 648,2646 648,2662 603,2662"/>
                    <TextEquiv>
                        <Unicode>sur</Unicode>
                    </TextEquiv>
                    <TextStyle fontFamily="Times New Roman" fontSize="8.5"/>
                </Word>
                <Word id="w_w2aab1b7b2b9b5ac53" language="English" custom="readingOrder {index:5;}">
                    <Coords points="666,2635 869,2635 869,2672 666,2672"/>
                    <TextEquiv>
                        <Unicode>l’arrangement</Unicode>
                    </TextEquiv>
                    <TextStyle fontFamily="Times New Roman" fontSize="8.5"/>
                </Word>
                <Word id="w_w2aab1b7b2b9b5ac81" language="English" custom="readingOrder {index:6;}">
                    <Coords points="887,2635 919,2635 919,2662 887,2662"/>
                    <TextEquiv>
                        <Unicode>de</Unicode>
                    </TextEquiv>
                    <TextStyle fontFamily="Times New Roman" fontSize="8.5"/>
                </Word>
                <Word id="w_w2aab1b7b2b9b5ac87" language="English" custom="readingOrder {index:7;}">
                    <Coords points="938,2646 994,2646 994,2662 938,2662"/>
                    <TextEquiv>
                        <Unicode>mes</Unicode>
                    </TextEquiv>
                    <TextStyle fontFamily="Times New Roman" fontSize="8.5"/>
                </Word>
                <Word id="w_w2aab1b7b2b9b5ac95" language="English" custom="readingOrder {index:8;}">
                    <Coords points="1012,2635 1143,2635 1143,2663 1012,2663"/>
                    <TextEquiv>
                        <Unicode>tableaux.</Unicode>
                    </TextEquiv>
                    <TextStyle fontFamily="Times New Roman" fontSize="8.5"/>
                </Word>
                <Word id="w_w2aab1b7b2b9b5ad115" language="English" custom="readingOrder {index:9;}">
                    <Coords points="1159,2636 1189,2636 1189,2666 1159,2666"/>
                    <TextEquiv>
                        <Unicode>Je</Unicode>
                    </TextEquiv>
                    <TextStyle fontFamily="Times New Roman" fontSize="8.5"/>
                </Word>
                <Word id="w_w2aab1b7b2b9b5ad121" language="English" custom="readingOrder {index:10;}">
                    <Coords points="1208,2637 1262,2637 1262,2662 1208,2662"/>
                    <TextEquiv>
                        <Unicode>suis</Unicode>
                    </TextEquiv>
                    <TextStyle fontFamily="Times New Roman" fontSize="8.5"/>
                </Word>
                <TextEquiv>
                    <Unicode>desire avoir vos avis sur l’arrangement de mes tableaux. Je suis</Unicode>
                </TextEquiv>
                <TextStyle fontFamily="Times New Roman" fontSize="8.5"/>
            </TextLine>
            <TextLine id="tl_13" primaryLanguage="English" custom="readingOrder {index:3;}">
                <Coords points="272,2680 1263,2680 1263,2717 272,2717"/>
                <Baseline points="272,2707 403,2707 523,2707 552,2707 592,2707 757,2712 855,2707 895,2707 978,2707 1051,2707 1141,2707 1211,2707 1263,2707"/>
                <Word id="w_w2aab1b7b2b9b7ab1" language="English" custom="readingOrder {index:0;}">
                    <Coords points="272,2682 403,2682 403,2707 272,2707"/>
                    <TextEquiv>
                        <Unicode>vraiment</Unicode>
                    </TextEquiv>
                    <TextStyle fontFamily="Times New Roman" fontSize="8.5"/>
                </Word>
                <Word id="w_w2aab1b7b2b9b7ac19" language="English" custom="readingOrder {index:1;}">
                    <Coords points="419,2691 523,2691 523,2707 419,2707"/>
                    <TextEquiv>
                        <Unicode>comme</Unicode>
                    </TextEquiv>
                    <TextStyle fontFamily="Times New Roman" fontSize="8.5"/>
                </Word>
                <Word id="w_w2aab1b7b2b9b7ac31" language="English" custom="readingOrder {index:2;}">
                    <Coords points="539,2682 552,2682 552,2707 539,2707"/>
                    <TextEquiv>
                        <Unicode>à</Unicode>
                    </TextEquiv>
                    <TextStyle fontFamily="Times New Roman" fontSize="8.5"/>
                </Word>
                <Word id="w_w2aab1b7b2b9b7ac35" language="English" custom="readingOrder {index:3;}">
                    <Coords points="568,2680 592,2680 592,2707 568,2707"/>
                    <TextEquiv>
                        <Unicode>la</Unicode>
                    </TextEquiv>
                    <TextStyle fontFamily="Times New Roman" fontSize="8.5"/>
                </Word>
                <Word id="w_w2aab1b7b2b9b7ac41" language="English" custom="readingOrder {index:4;}">
                    <Coords points="608,2690 757,2690 757,2716 608,2716"/>
                    <TextEquiv>
                        <Unicode>campagne,</Unicode>
                    </TextEquiv>
                    <TextStyle fontFamily="Times New Roman" fontSize="8.5"/>
                </Word>
                <Word id="w_w2aab1b7b2b9b7ac61" language="English" custom="readingOrder {index:5;}">
                    <Coords points="774,2691 855,2691 855,2707 774,2707"/>
                    <TextEquiv>
                        <Unicode>venes</Unicode>
                    </TextEquiv>
                    <TextStyle fontFamily="Times New Roman" fontSize="8.5"/>
                </Word>
                <Word id="w_w2aab1b7b2b9b7ac73" language="English" custom="readingOrder {index:6;}">
                    <Coords points="868,2682 895,2682 895,2717 868,2717"/>
                    <TextEquiv>
                        <Unicode>je</Unicode>
                    </TextEquiv>
                    <TextStyle fontFamily="Times New Roman" fontSize="8.5"/>
                </Word>
                <Word id="w_w2aab1b7b2b9b7ac79" language="English" custom="readingOrder {index:7;}">
                    <Coords points="911,2691 978,2691 978,2707 911,2707"/>
                    <TextEquiv>
                        <Unicode>vous</Unicode>
                    </TextEquiv>
                    <TextStyle fontFamily="Times New Roman" fontSize="8.5"/>
                </Word>
                <Word id="w_w2aab1b7b2b9b7ac89" language="English" custom="readingOrder {index:8;}">
                    <Coords points="995,2682 1051,2682 1051,2716 995,2716"/>
                    <TextEquiv>
                        <Unicode>prie</Unicode>
                    </TextEquiv>
                    <TextStyle fontFamily="Times New Roman" fontSize="8.5"/>
                </Word>
                <Word id="w_w2aab1b7b2b9b7ac99" language="English" custom="readingOrder {index:9;}">
                    <Coords points="1067,2688 1141,2688 1141,2707 1067,2707"/>
                    <TextEquiv>
                        <Unicode>entre</Unicode>
                    </TextEquiv>
                    <TextStyle fontFamily="Times New Roman" fontSize="8.5"/>
                </Word>
                <Word id="w_w2aab1b7b2b9b7ad111" language="English" custom="readingOrder {index:10;}">
                    <Coords points="1157,2691 1211,2691 1211,2707 1157,2707"/>
                    <TextEquiv>
                        <Unicode>une</Unicode>
                    </TextEquiv>
                    <TextStyle fontFamily="Times New Roman" fontSize="8.5"/>
                </Word>
                <Word id="w_w2aab1b7b2b9b7ad119" language="English" custom="readingOrder {index:11;}">
                    <Coords points="1227,2691 1263,2691 1263,2707 1227,2707"/>
                    <TextEquiv>
                        <Unicode>ou</Unicode>
                    </TextEquiv>
                    <TextStyle fontFamily="Times New Roman" fontSize="8.5"/>
                </Word>
                <TextEquiv>
                    <Unicode>vraiment comme à la campagne, venes je vous prie entre une ou</Unicode>
                </TextEquiv>
                <TextStyle fontFamily="Times New Roman" fontSize="8.5"/>
            </TextLine>
            <TextLine id="tl_14" primaryLanguage="English" custom="readingOrder {index:4;}">
                <Coords points="273,2725 1263,2725 1263,2761 273,2761"/>
                <Baseline points="273,2752 289,2752 340,2752 370,2752 413,2757 470,2752 509,2752 577,2752 658,2752 707,2752 829,2752 889,2752 961,2751 1040,2752 1130,2752 1185,2752 1225,2752 1263,2752"/>
                <Word id="w_w2aab1b7b2b9b9ab1" language="English" custom="readingOrder {index:0;}">
                    <Coords points="273,2726 289,2726 289,2752 273,2752"/>
                    <TextEquiv>
                        <Unicode>2</Unicode>
                    </TextEquiv>
                    <TextStyle fontFamily="Times New Roman" fontSize="8.5"/>
                </Word>
                <Word id="w_w2aab1b7b2b9b9ab5" language="English" custom="readingOrder {index:1;}">
                    <Coords points="304,2736 340,2736 340,2752 304,2752"/>
                    <TextEquiv>
                        <Unicode>ou</Unicode>
                    </TextEquiv>
                    <TextStyle fontFamily="Times New Roman" fontSize="8.5"/>
                </Word>
                <Word id="w_w2aab1b7b2b9b9ac11" language="English" custom="readingOrder {index:2;}">
                    <Coords points="356,2726 370,2726 370,2752 356,2752"/>
                    <TextEquiv>
                        <Unicode>3</Unicode>
                    </TextEquiv>
                    <TextStyle fontFamily="Times New Roman" fontSize="8.5"/>
                </Word>
                <Word id="w_w2aab1b7b2b9b9ac15" language="English" custom="readingOrder {index:3;}">
                    <Coords points="386,2725 413,2725 413,2757 386,2757"/>
                    <TextEquiv>
                        <Unicode>h,</Unicode>
                    </TextEquiv>
                    <TextStyle fontFamily="Times New Roman" fontSize="8.5"/>
                </Word>
                <Word id="w_w2aab1b7b2b9b9ac21" language="English" custom="readingOrder {index:4;}">
                    <Coords points="429,2736 470,2736 470,2752 429,2752"/>
                    <TextEquiv>
                        <Unicode>car</Unicode>
                    </TextEquiv>
                    <TextStyle fontFamily="Times New Roman" fontSize="8.5"/>
                </Word>
                <Word id="w_w2aab1b7b2b9b9ac29" language="English" custom="readingOrder {index:5;}">
                    <Coords points="484,2725 509,2725 509,2752 484,2752"/>
                    <TextEquiv>
                        <Unicode>le</Unicode>
                    </TextEquiv>
                    <TextStyle fontFamily="Times New Roman" fontSize="8.5"/>
                </Word>
                <Word id="w_w2aab1b7b2b9b9ac35" language="English" custom="readingOrder {index:6;}">
                    <Coords points="524,2727 577,2727 577,2752 524,2752"/>
                    <TextEquiv>
                        <Unicode>soir</Unicode>
                    </TextEquiv>
                    <TextStyle fontFamily="Times New Roman" fontSize="8.5"/>
                </Word>
                <Word id="w_w2aab1b7b2b9b9ac45" language="English" custom="readingOrder {index:7;}">
                    <Coords points="591,2736 658,2736 658,2752 591,2752"/>
                    <TextEquiv>
                        <Unicode>vous</Unicode>
                    </TextEquiv>
                    <TextStyle fontFamily="Times New Roman" fontSize="8.5"/>
                </Word>
                <Word id="w_w2aab1b7b2b9b9ac55" language="English" custom="readingOrder {index:8;}">
                    <Coords points="673,2736 707,2736 707,2752 673,2752"/>
                    <TextEquiv>
                        <Unicode>ne</Unicode>
                    </TextEquiv>
                    <TextStyle fontFamily="Times New Roman" fontSize="8.5"/>
                </Word>
                <Word id="w_w2aab1b7b2b9b9ac61" language="English" custom="readingOrder {index:9;}">
                    <Coords points="722,2726 829,2726 829,2761 722,2761"/>
                    <TextEquiv>
                        <Unicode>pouries</Unicode>
                    </TextEquiv>
                    <TextStyle fontFamily="Times New Roman" fontSize="8.5"/>
                </Word>
                <Word id="w_w2aab1b7b2b9b9ac77" language="English" custom="readingOrder {index:10;}">
                    <Coords points="844,2735 889,2735 889,2761 844,2761"/>
                    <TextEquiv>
                        <Unicode>pas</Unicode>
                    </TextEquiv>
                    <TextStyle fontFamily="Times New Roman" fontSize="8.5"/>
                </Word>
                <Word id="w_w2aab1b7b2b9b9ac85" language="English" custom="readingOrder {index:11;}">
                    <Coords points="904,2727 961,2727 961,2752 904,2752"/>
                    <TextEquiv>
                        <Unicode>voir</Unicode>
                    </TextEquiv>
                    <TextStyle fontFamily="Times New Roman" fontSize="8.5"/>
                </Word>
                <Word id="w_w2aab1b7b2b9b9ac95" language="English" custom="readingOrder {index:12;}">
                    <Coords points="976,2736 1040,2736 1040,2752 976,2752"/>
                    <TextEquiv>
                        <Unicode>mon</Unicode>
                    </TextEquiv>
                    <TextStyle fontFamily="Times New Roman" fontSize="8.5"/>
                </Word>
                <Word id="w_w2aab1b7b2b9b9ad103" language="English" custom="readingOrder {index:13;}">
                    <Coords points="1055,2725 1130,2725 1130,2752 1055,2752"/>
                    <TextEquiv>
                        <Unicode>salon</Unicode>
                    </TextEquiv>
                    <TextStyle fontFamily="Times New Roman" fontSize="8.5"/>
                </Word>
                <Word id="w_w2aab1b7b2b9b9ad115" language="English" custom="readingOrder {index:14;}">
                    <Coords points="1144,2726 1185,2726 1185,2752 1144,2752"/>
                    <TextEquiv>
                        <Unicode>&amp;c</Unicode>
                    </TextEquiv>
                    <TextStyle fontFamily="Times New Roman" fontSize="8.5"/>
                </Word>
                <Word id="w_w2aab1b7b2b9b9ad121" language="English" custom="readingOrder {index:15;}">
                    <Coords points="1199,2733 1225,2733 1225,2752 1199,2752"/>
                    <TextEquiv>
                        <Unicode>et</Unicode>
                    </TextEquiv>
                    <TextStyle fontFamily="Times New Roman" fontSize="8.5"/>
                </Word>
                <Word id="w_w2aab1b7b2b9b9ad127" language="English" custom="readingOrder {index:16;}">
                    <Coords points="1239,2725 1263,2725 1263,2752 1239,2752"/>
                    <TextEquiv>
                        <Unicode>la</Unicode>
                    </TextEquiv>
                    <TextStyle fontFamily="Times New Roman" fontSize="8.5"/>
                </Word>
                <TextEquiv>
                    <Unicode>2 ou 3 h, car le soir vous ne pouries pas voir mon salon &amp;c et la</Unicode>
                </TextEquiv>
                <TextStyle fontFamily="Times New Roman" fontSize="8.5"/>
            </TextLine>
            <TextLine id="tl_15" primaryLanguage="English" custom="readingOrder {index:5;}">
                <Coords points="272,2769 1263,2769 1263,2807 272,2807"/>
                <Baseline points="272,2797 325,2797 371,2797 441,2797 487,2797 606,2801 684,2797 751,2797 833,2797 935,2796 976,2797 1061,2797 1178,2797 1263,2797"/>
                <Word id="w_w2aab1b7b2b9c11ab1" language="English" custom="readingOrder {index:0;}">
                    <Coords points="272,2781 325,2781 325,2797 272,2797"/>
                    <TextEquiv>
                        <Unicode>vue</Unicode>
                    </TextEquiv>
                    <TextStyle fontFamily="Times New Roman" fontSize="8.5"/>
                </Word>
                <Word id="w_w2aab1b7b2b9c11ab9" language="English" custom="readingOrder {index:1;}">
                    <Coords points="338,2770 371,2770 371,2797 338,2797"/>
                    <TextEquiv>
                        <Unicode>de</Unicode>
                    </TextEquiv>
                    <TextStyle fontFamily="Times New Roman" fontSize="8.5"/>
                </Word>
                <Word id="w_w2aab1b7b2b9c11ac15" language="English" custom="readingOrder {index:2;}">
                    <Coords points="383,2778 441,2778 441,2797 383,2797"/>
                    <TextEquiv>
                        <Unicode>tant</Unicode>
                    </TextEquiv>
                    <TextStyle fontFamily="Times New Roman" fontSize="8.5"/>
                </Word>
                <Word id="w_w2aab1b7b2b9c11ac25" language="English" custom="readingOrder {index:3;}">
                    <Coords points="454,2770 487,2770 487,2797 454,2797"/>
                    <TextEquiv>
                        <Unicode>de</Unicode>
                    </TextEquiv>
                    <TextStyle fontFamily="Times New Roman" fontSize="8.5"/>
                </Word>
                <Word id="w_w2aab1b7b2b9c11ac31" language="English" custom="readingOrder {index:4;}">
                    <Coords points="496,2770 606,2770 606,2807 496,2807"/>
                    <TextEquiv>
                        <Unicode>jardins,</Unicode>
                    </TextEquiv>
                    <TextStyle fontFamily="Times New Roman" fontSize="8.5"/>
                </Word>
                <Word id="w_w2aab1b7b2b9c11ac49" language="English" custom="readingOrder {index:5;}">
                    <Coords points="620,2771 684,2771 684,2797 620,2797"/>
                    <TextEquiv>
                        <Unicode>c’est</Unicode>
                    </TextEquiv>
                    <TextStyle fontFamily="Times New Roman" fontSize="8.5"/>
                </Word>
                <Word id="w_w2aab1b7b2b9c11ac61" language="English" custom="readingOrder {index:6;}">
                    <Coords points="697,2781 751,2781 751,2797 697,2797"/>
                    <TextEquiv>
                        <Unicode>une</Unicode>
                    </TextEquiv>
                    <TextStyle fontFamily="Times New Roman" fontSize="8.5"/>
                </Word>
                <Word id="w_w2aab1b7b2b9c11ac69" language="English" custom="readingOrder {index:7;}">
                    <Coords points="763,2771 833,2771 833,2797 763,2797"/>
                    <TextEquiv>
                        <Unicode>vraie</Unicode>
                    </TextEquiv>
                    <TextStyle fontFamily="Times New Roman" fontSize="8.5"/>
                </Word>
                <Word id="w_w2aab1b7b2b9c11ac81" language="English" custom="readingOrder {index:8;}">
                    <Coords points="846,2769 935,2769 935,2797 846,2797"/>
                    <TextEquiv>
                        <Unicode>feerie.</Unicode>
                    </TextEquiv>
                    <TextStyle fontFamily="Times New Roman" fontSize="8.5"/>
                </Word>
                <Word id="w_w2aab1b7b2b9c11ac97" language="English" custom="readingOrder {index:9;}">
                    <Coords points="946,2771 976,2771 976,2802 946,2802"/>
                    <TextEquiv>
                        <Unicode>Je</Unicode>
                    </TextEquiv>
                    <TextStyle fontFamily="Times New Roman" fontSize="8.5"/>
                </Word>
                <Word id="w_w2aab1b7b2b9c11ad103" language="English" custom="readingOrder {index:10;}">
                    <Coords points="988,2771 1061,2771 1061,2797 988,2797"/>
                    <TextEquiv>
                        <Unicode>n’ose</Unicode>
                    </TextEquiv>
                    <TextStyle fontFamily="Times New Roman" fontSize="8.5"/>
                </Word>
                <Word id="w_w2aab1b7b2b9c11ad115" language="English" custom="readingOrder {index:11;}">
                    <Coords points="1074,2780 1178,2780 1178,2806 1074,2806"/>
                    <TextEquiv>
                        <Unicode>esperer</Unicode>
                    </TextEquiv>
                    <TextStyle fontFamily="Times New Roman" fontSize="8.5"/>
                </Word>
                <Word id="w_w2aab1b7b2b9c11ad131" language="English" custom="readingOrder {index:12;}">
                    <Coords points="1189,2778 1263,2778 1263,2797 1189,2797"/>
                    <TextEquiv>
                        <Unicode>votre</Unicode>
                    </TextEquiv>
                    <TextStyle fontFamily="Times New Roman" fontSize="8.5"/>
                </Word>
                <TextEquiv>
                    <Unicode>vue de tant de jardins, c’est une vraie feerie. Je n’ose esperer votre</Unicode>
                </TextEquiv>
                <TextStyle fontFamily="Times New Roman" fontSize="8.5"/>
            </TextLine>
            <TextLine id="tl_16" primaryLanguage="English" custom="readingOrder {index:6;}">
                <Coords points="273,2815 1263,2815 1263,2852 273,2852"/>
                <Baseline points="273,2842 349,2842 476,2847 554,2842 589,2842 659,2842 678,2841 718,2842 795,2842 897,2842 933,2842 1015,2842 1079,2842 1159,2842 1263,2842"/>
                <Word id="w_w2aab1b7b2b9c13ab1" language="English" custom="readingOrder {index:0;}">
                    <Coords points="273,2815 349,2815 349,2842 273,2842"/>
                    <TextEquiv>
                        <Unicode>chere</Unicode>
                    </TextEquiv>
                    <TextStyle fontFamily="Times New Roman" fontSize="8.5"/>
                </Word>
                <Word id="w_w2aab1b7b2b9c13ac13" language="English" custom="readingOrder {index:1;}">
                    <Coords points="359,2815 476,2815 476,2847 359,2847"/>
                    <TextEquiv>
                        <Unicode>Julliete,</Unicode>
                    </TextEquiv>
                    <TextStyle fontFamily="Times New Roman" fontSize="8.5"/>
                </Word>
                <Word id="w_w2aab1b7b2b9c13ac33" language="English" custom="readingOrder {index:2;}">
                    <Coords points="490,2816 554,2816 554,2842 490,2842"/>
                    <TextEquiv>
                        <Unicode>c’est</Unicode>
                    </TextEquiv>
                    <TextStyle fontFamily="Times New Roman" fontSize="8.5"/>
                </Word>
                <Word id="w_w2aab1b7b2b9c13ac45" language="English" custom="readingOrder {index:3;}">
                    <Coords points="568,2816 589,2816 589,2842 568,2842"/>
                    <TextEquiv>
                        <Unicode>si</Unicode>
                    </TextEquiv>
                    <TextStyle fontFamily="Times New Roman" fontSize="8.5"/>
                </Word>
                <Word id="w_w2aab1b7b2b9c13ac51" language="English" custom="readingOrder {index:4;}">
                    <Coords points="602,2815 659,2815 659,2842 602,2842"/>
                    <TextEquiv>
                        <Unicode>loin</Unicode>
                    </TextEquiv>
                    <TextStyle fontFamily="Times New Roman" fontSize="8.5"/>
                </Word>
                <Word id="w_w2aab1b7b2b9c13ac61" language="English" custom="readingOrder {index:5;}">
                    <Coords points="673,2816 678,2816 678,2841 673,2841"/>
                    <TextEquiv>
                        <Unicode>!</Unicode>
                    </TextEquiv>
                    <TextStyle fontFamily="Times New Roman" fontSize="8.5"/>
                </Word>
                <Word id="w_w2aab1b7b2b9c13ac65" language="English" custom="readingOrder {index:6;}">
                    <Coords points="691,2816 718,2816 718,2842 691,2842"/>
                    <TextEquiv>
                        <Unicode>A</Unicode>
                    </TextEquiv>
                    <TextStyle fontFamily="Times New Roman" fontSize="8.5"/>
                </Word>
                <Word id="w_w2aab1b7b2b9c13ac69" language="English" custom="readingOrder {index:7;}">
                    <Coords points="730,2826 795,2826 795,2842 730,2842"/>
                    <TextEquiv>
                        <Unicode>mon</Unicode>
                    </TextEquiv>
                    <TextStyle fontFamily="Times New Roman" fontSize="8.5"/>
                </Word>
                <Word id="w_w2aab1b7b2b9c13ac77" language="English" custom="readingOrder {index:8;}">
                    <Coords points="808,2823 897,2823 897,2842 808,2842"/>
                    <TextEquiv>
                        <Unicode>retour</Unicode>
                    </TextEquiv>
                    <TextStyle fontFamily="Times New Roman" fontSize="8.5"/>
                </Word>
                <Word id="w_w2aab1b7b2b9c13ac91" language="English" custom="readingOrder {index:9;}">
                    <Coords points="906,2816 933,2816 933,2852 906,2852"/>
                    <TextEquiv>
                        <Unicode>je</Unicode>
                    </TextEquiv>
                    <TextStyle fontFamily="Times New Roman" fontSize="8.5"/>
                </Word>
                <Word id="w_w2aab1b7b2b9c13ac97" language="English" custom="readingOrder {index:10;}">
                    <Coords points="945,2826 1015,2826 1015,2842 945,2842"/>
                    <TextEquiv>
                        <Unicode>veux</Unicode>
                    </TextEquiv>
                    <TextStyle fontFamily="Times New Roman" fontSize="8.5"/>
                </Word>
                <Word id="w_w2aab1b7b2b9c13ad107" language="English" custom="readingOrder {index:11;}">
                    <Coords points="1028,2825 1079,2825 1079,2851 1028,2851"/>
                    <TextEquiv>
                        <Unicode>que</Unicode>
                    </TextEquiv>
                    <TextStyle fontFamily="Times New Roman" fontSize="8.5"/>
                </Word>
                <Word id="w_w2aab1b7b2b9c13ad115" language="English" custom="readingOrder {index:12;}">
                    <Coords points="1091,2826 1159,2826 1159,2842 1091,2842"/>
                    <TextEquiv>
                        <Unicode>vous</Unicode>
                    </TextEquiv>
                    <TextStyle fontFamily="Times New Roman" fontSize="8.5"/>
                </Word>
                <Word id="w_w2aab1b7b2b9c13ad125" language="English" custom="readingOrder {index:13;}">
                    <Coords points="1171,2816 1263,2816 1263,2842 1171,2842"/>
                    <TextEquiv>
                        <Unicode>venies</Unicode>
                    </TextEquiv>
                    <TextStyle fontFamily="Times New Roman" fontSize="8.5"/>
                </Word>
                <TextEquiv>
                    <Unicode>chere Julliete, c’est si loin ! A mon retour je veux que vous venies</Unicode>
                </TextEquiv>
                <TextStyle fontFamily="Times New Roman" fontSize="8.5"/>
            </TextLine>
            <TextLine id="tl_17" primaryLanguage="English" custom="readingOrder {index:7;}">
                <Coords points="273,2860 1263,2860 1263,2896 273,2896"/>
                <Baseline points="273,2887 410,2887 437,2896 562,2887 587,2887 779,2887 893,2887 1028,2886 1052,2887 1125,2892 1164,2887 1188,2887 1263,2887"/>
                <Word id="w_w2aab1b7b2b9c15ab1" language="English" custom="readingOrder {index:0;}">
                    <Coords points="273,2860 410,2860 410,2888 273,2888"/>
                    <TextEquiv>
                        <Unicode>ensemble</Unicode>
                    </TextEquiv>
                    <TextStyle fontFamily="Times New Roman" fontSize="8.5"/>
                </Word>
                <Word id="w_w2aab1b7b2b9c15ac19" language="English" custom="readingOrder {index:1;}">
                    <Coords points="421,2860 524,2860 524,2896 421,2896"/>
                    <TextEquiv>
                        <Unicode>planter</Unicode>
                    </TextEquiv>
                    <TextStyle fontFamily="Times New Roman" fontSize="8.5"/>
                </Word>
                <Word id="w_w2aab1b7b2b9c15b1b1" language="English" custom="readingOrder {index:2;}">
                    <Coords points="537,2860 562,2860 562,2887 537,2887"/>
                    <TextEquiv>
                        <Unicode>la</Unicode>
                    </TextEquiv>
                    <TextStyle fontFamily="Times New Roman" fontSize="8.5" italic="true"/>
                </Word>
                <Word id="w_w2aab1b7b2b9c15b1b7" language="English" custom="readingOrder {index:3;}">
                    <Coords points="573,2862 716,2862 716,2896 573,2896"/>
                    <TextEquiv>
                        <Unicode>crémayère</Unicode>
                    </TextEquiv>
                    <TextStyle fontFamily="Times New Roman" fontSize="8.5" italic="true"/>
                </Word>
                <Word id="w_w2aab1b7b2b9c15b2b3" language="English" custom="readingOrder {index:4;}">
                    <Coords points="725,2860 779,2860 779,2887 725,2887"/>
                    <TextEquiv>
                        <Unicode>cela</Unicode>
                    </TextEquiv>
                    <TextStyle fontFamily="Times New Roman" fontSize="8.5"/>
                </Word>
                <Word id="w_w2aab1b7b2b9c15b2c13" language="English" custom="readingOrder {index:5;}">
                    <Coords points="789,2868 893,2868 893,2896 789,2896"/>
                    <TextEquiv>
                        <Unicode>portera</Unicode>
                    </TextEquiv>
                    <TextStyle fontFamily="Times New Roman" fontSize="8.5"/>
                </Word>
                <Word id="w_w2aab1b7b2b9c15b2c29" language="English" custom="readingOrder {index:6;}">
                    <Coords points="904,2860 1028,2860 1028,2888 904,2888"/>
                    <TextEquiv>
                        <Unicode>bonheur</Unicode>
                    </TextEquiv>
                    <TextStyle fontFamily="Times New Roman" fontSize="8.5"/>
                </Word>
                <Word id="w_w2aab1b7b2b9c15b2c45" language="English" custom="readingOrder {index:7;}">
                    <Coords points="1038,2862 1052,2862 1052,2887 1038,2887"/>
                    <TextEquiv>
                        <Unicode>à</Unicode>
                    </TextEquiv>
                    <TextStyle fontFamily="Times New Roman" fontSize="8.5"/>
                </Word>
                <Word id="w_w2aab1b7b2b9c15b2c49" language="English" custom="readingOrder {index:8;}">
                    <Coords points="1062,2861 1125,2861 1125,2892 1062,2892"/>
                    <TextEquiv>
                        <Unicode>moi,</Unicode>
                    </TextEquiv>
                    <TextStyle fontFamily="Times New Roman" fontSize="8.5"/>
                </Word>
                <Word id="w_w2aab1b7b2b9c15b2c59" language="English" custom="readingOrder {index:9;}">
                    <Coords points="1138,2868 1164,2868 1164,2887 1138,2887"/>
                    <TextEquiv>
                        <Unicode>et</Unicode>
                    </TextEquiv>
                    <TextStyle fontFamily="Times New Roman" fontSize="8.5"/>
                </Word>
                <Word id="w_w2aab1b7b2b9c15b2c65" language="English" custom="readingOrder {index:10;}">
                    <Coords points="1174,2862 1188,2862 1188,2887 1174,2887"/>
                    <TextEquiv>
                        <Unicode>à</Unicode>
                    </TextEquiv>
                    <TextStyle fontFamily="Times New Roman" fontSize="8.5"/>
                </Word>
                <Word id="w_w2aab1b7b2b9c15b2c69" language="English" custom="readingOrder {index:11;}">
                    <Coords points="1198,2871 1263,2871 1263,2887 1198,2887"/>
                    <TextEquiv>
                        <Unicode>mon</Unicode>
                    </TextEquiv>
                    <TextStyle fontFamily="Times New Roman" fontSize="8.5"/>
                </Word>
                <TextEquiv>
                    <Unicode>ensemble planter la crémayère cela portera bonheur à moi, et à mon</Unicode>
                </TextEquiv>
            </TextLine>
            <TextLine id="tl_18" primaryLanguage="English" custom="readingOrder {index:8;}">
                <Coords points="273,2905 1124,2905 1124,2932 273,2932"/>
                <Baseline points="273,2932 382,2932 428,2931 498,2932 600,2932 662,2932 777,2932 799,2930 859,2932 900,2932 1003,2932 1047,2917 1093,2932 1124,2931"/>
                <Word id="w_w2aab1b7b2b9c17ab1" language="English" custom="readingOrder {index:0;}">
                    <Coords points="273,2905 382,2905 382,2932 273,2932"/>
                    <TextEquiv>
                        <Unicode>chateau</Unicode>
                    </TextEquiv>
                    <TextStyle fontFamily="Times New Roman" fontSize="8.5"/>
                </Word>
                <Word id="w_w2aab1b7b2b9c17ac17" language="English" custom="readingOrder {index:1;}">
                    <Coords points="394,2917 428,2917 428,2931 394,2931"/>
                    <TextEquiv>
                        <Unicode>»...</Unicode>
                    </TextEquiv>
                    <TextStyle fontFamily="Times New Roman" fontSize="8.5"/>
                </Word>
                <Word id="w_w2aab1b7b2b9c17ac27" language="English" custom="readingOrder {index:2;}">
                    <Coords points="442,2905 498,2905 498,2932 442,2932"/>
                    <TextEquiv>
                        <Unicode>Elle</Unicode>
                    </TextEquiv>
                    <TextStyle fontFamily="Times New Roman" fontSize="8.5"/>
                </Word>
                <Word id="w_w2aab1b7b2b9c17ac37" language="English" custom="readingOrder {index:3;}">
                    <Coords points="510,2905 600,2905 600,2932 510,2932"/>
                    <TextEquiv>
                        <Unicode>donne</Unicode>
                    </TextEquiv>
                    <TextStyle fontFamily="Times New Roman" fontSize="8.5"/>
                </Word>
                <Word id="w_w2aab1b7b2b9c17ac49" language="English" custom="readingOrder {index:4;}">
                    <Coords points="613,2916 662,2916 662,2932 613,2932"/>
                    <TextEquiv>
                        <Unicode>son</Unicode>
                    </TextEquiv>
                    <TextStyle fontFamily="Times New Roman" fontSize="8.5"/>
                </Word>
                <Word id="w_w2aab1b7b2b9c17ac57" language="English" custom="readingOrder {index:5;}">
                    <Coords points="674,2905 777,2905 777,2932 674,2932"/>
                    <TextEquiv>
                        <Unicode>adresse</Unicode>
                    </TextEquiv>
                    <TextStyle fontFamily="Times New Roman" fontSize="8.5"/>
                </Word>
                <Word id="w_w2aab1b7b2b9c17ac73" language="English" custom="readingOrder {index:6;}">
                    <Coords points="790,2917 799,2917 799,2930 790,2930"/>
                    <TextEquiv>
                        <Unicode>«</Unicode>
                    </TextEquiv>
                    <TextStyle fontFamily="Times New Roman" fontSize="8.5"/>
                </Word>
                <Word id="w_w2aab1b7b2b9c17ac77" language="English" custom="readingOrder {index:7;}">
                    <Coords points="811,2916 859,2916 859,2932 811,2932"/>
                    <TextEquiv>
                        <Unicode>rue</Unicode>
                    </TextEquiv>
                    <TextStyle fontFamily="Times New Roman" fontSize="8.5"/>
                </Word>
                <Word id="w_w2aab1b7b2b9c17ac85" language="English" custom="readingOrder {index:8;}">
                    <Coords points="872,2906 900,2906 900,2932 872,2932"/>
                    <TextEquiv>
                        <Unicode>St</Unicode>
                    </TextEquiv>
                    <TextStyle fontFamily="Times New Roman" fontSize="8.5"/>
                </Word>
                <Word id="w_w2aab1b7b2b9c17ac91" language="English" custom="readingOrder {index:9;}">
                    <Coords points="912,2906 1003,2906 1003,2932 912,2932"/>
                    <TextEquiv>
                        <Unicode>Lazare</Unicode>
                    </TextEquiv>
                    <TextStyle fontFamily="Times New Roman" fontSize="8.5"/>
                </Word>
                <Word id="w_w2aab1b7b2b9c17ad105" language="English" custom="readingOrder {index:10;}">
                    <Coords points="1015,2906 1047,2906 1047,2932 1015,2932"/>
                    <TextEquiv>
                        <Unicode>n°</Unicode>
                    </TextEquiv>
                    <TextStyle fontFamily="Times New Roman" fontSize="8.5"/>
                </Word>
                <Word id="w_w2aab1b7b2b9c17ad111" language="English" custom="readingOrder {index:11;}">
                    <Coords points="1061,2906 1093,2906 1093,2932 1061,2932"/>
                    <TextEquiv>
                        <Unicode>75</Unicode>
                    </TextEquiv>
                    <TextStyle fontFamily="Times New Roman" fontSize="8.5"/>
                </Word>
                <Word id="w_w2aab1b7b2b9c17ad117" language="English" custom="readingOrder {index:12;}">
                    <Coords points="1107,2917 1124,2917 1124,2931 1107,2931"/>
                    <TextEquiv>
                        <Unicode>».</Unicode>
                    </TextEquiv>
                    <TextStyle fontFamily="Times New Roman" fontSize="8.5"/>
                </Word>
                <TextEquiv>
                    <Unicode>chateau »... Elle donne son adresse « rue St Lazare n° 75 ».</Unicode>
                </TextEquiv>
                <TextStyle fontFamily="Times New Roman" fontSize="8.5"/>
            </TextLine>
            <TextEquiv>
                <Unicode>« Je suis à Paris dans le château du Coq venes me voir s’il vous
est possible, très amable, je retournes dimanche à Lucienne, et
desire avoir vos avis sur l’arrangement de mes tableaux. Je suis
vraiment comme à la campagne, venes je vous prie entre une ou
2 ou 3 h, car le soir vous ne pouries pas voir mon salon &amp;c et la
vue de tant de jardins, c’est une vraie feerie. Je n’ose esperer votre
chere Julliete, c’est si loin ! A mon retour je veux que vous venies
ensemble planter la crémayère cela portera bonheur à moi, et à mon
chateau »... Elle donne son adresse « rue St Lazare n° 75 ».</Unicode>
            </TextEquiv>
        </TextRegion>
        <TextRegion id="region_1582285437062_1954" custom="readingOrder {index:7;}">
            <Coords points="1782,1825 1782,1864 1819,1864 1819,1825"/>
            <TextLine id="line_1582285437229_1957" custom="readingOrder {index:0;}">
                <Coords points="1782,1827 1819,1827 1819,1864 1782,1864"/>
                <Baseline points="1782,1859 1819,1859"/>
                <TextEquiv>
                    <Unicode>17</Unicode>
                </TextEquiv>
            </TextLine>
            <TextEquiv>
                <Unicode>17</Unicode>
            </TextEquiv>
        </TextRegion>
        <TextRegion type="paragraph" id="r_7_1" custom="readingOrder {index:8;}">
            <Coords points="1789,3012 1818,3012 1818,3037 1789,3037"/>
            <TextLine id="tl_19" primaryLanguage="English" custom="readingOrder {index:0;}">
                <Coords points="1790,3013 1817,3013 1817,3036 1790,3036"/>
                <Baseline points="1790,3036 1817,3036"/>
                <Word id="w_w2aab1c13b2b1b1ab1" language="English" custom="readingOrder {index:0;}">
                    <Coords points="1790,3013 1817,3013 1817,3036 1790,3036"/>
                    <TextEquiv>
                        <Unicode>16</Unicode>
                    </TextEquiv>
                    <TextStyle fontFamily="Times New Roman" fontSize="7.5" italic="true"/>
                </Word>
                <TextEquiv>
                    <Unicode>16</Unicode>
                </TextEquiv>
                <TextStyle fontFamily="Times New Roman" fontSize="7.5" italic="true"/>
            </TextLine>
            <TextEquiv>
                <Unicode>16</Unicode>
            </TextEquiv>
        </TextRegion>
        <TextRegion type="paragraph" id="r_8_1" custom="readingOrder {index:9;}">
            <Coords points="2364,3069 2385,3069 2385,3099 2364,3099"/>
            <TextLine id="tl_20" primaryLanguage="English" custom="readingOrder {index:0;}">
                <Coords points="2365,3070 2384,3070 2384,3098 2365,3098"/>
                <Baseline points="2365,3098 2384,3098"/>
                <Word id="w_w2aab1c15b2b1b1ab1" language="English" custom="readingOrder {index:0;}">
                    <Coords points="2365,3070 2384,3070 2384,3098 2365,3098"/>
                    <TextEquiv>
                        <Unicode>7</Unicode>
                    </TextEquiv>
                    <TextStyle fontFamily="Times New Roman" fontSize="9.5" bold="true"/>
                </Word>
                <TextEquiv>
                    <Unicode>7</Unicode>
                </TextEquiv>
                <TextStyle fontFamily="Times New Roman" fontSize="9.5" bold="true"/>
            </TextLine>
            <TextEquiv>
                <Unicode>7</Unicode>
            </TextEquiv>
        </TextRegion>
        <TextRegion type="paragraph" id="r_9_1" custom="readingOrder {index:10;}">
            <Coords points="2395,210 2424,210 2424,392 2395,392"/>
            <TextLine id="tl_21" primaryLanguage="English" custom="readingOrder {index:0;}">
                <Coords points="2396,211 2423,211 2423,391 2396,391"/>
                <Baseline points="2396,391 2422,281 2423,223"/>
                <Word id="w_w2aab1c17b2b1b1ac17" language="English" custom="readingOrder {index:0;}">
                    <Coords points="2406,211 2423,211 2423,250 2406,250"/>
                    <TextEquiv>
                        <Unicode>rts</Unicode>
                    </TextEquiv>
                    <TextStyle fontFamily="Times New Roman" fontSize="8.5" italic="true"/>
                </Word>
                <Word id="w_w2aab1c17b2b1b1ab1" language="English" custom="readingOrder {index:1;}">
                    <Coords points="2396,256 2422,256 2422,391 2396,391"/>
                    <TextEquiv>
                        <Unicode>Beaux-A</Unicode>
                    </TextEquiv>
                    <TextStyle fontFamily="Times New Roman" fontSize="8.5" italic="true"/>
                </Word>
                <TextEquiv>
                    <Unicode>Beaux-Arts</Unicode>
                </TextEquiv>
                <TextStyle fontFamily="Times New Roman" fontSize="8.5" italic="true"/>
            </TextLine>
            <TextEquiv>
                <Unicode>Beaux-Arts</Unicode>
            </TextEquiv>
        </TextRegion>
        <SeparatorRegion id="r_12" custom="readingOrder {index:11;}">
            <Coords points="1529,2466 1701,2466 1701,2473 1529,2473"/>
        </SeparatorRegion>
        <SeparatorRegion id="r_13" custom="readingOrder {index:12;}">
            <Coords points="1510,2562 2100,2562 2100,2570 1510,2570"/>
        </SeparatorRegion>
        <SeparatorRegion id="r_14" custom="readingOrder {index:13;}">
            <Coords points="1510,2941 2102,2941 2102,2949 1510,2949"/>
        </SeparatorRegion>
        <SeparatorRegion id="r_15" custom="readingOrder {index:14;}">
            <Coords points="178,3082 2326,3082 2326,3084 178,3084"/>
        </SeparatorRegion>
        <SeparatorRegion id="r_16" custom="readingOrder {index:15;}">
            <Coords points="2367,213 2370,213 2370,3029 2367,3029"/>
        </SeparatorRegion>
        <GraphicRegion id="r_17" custom="readingOrder {index:16;}">
            <Coords points="219,214 1248,214 1248,1798 219,1798"/>
        </GraphicRegion>
        <GraphicRegion id="r_18" custom="readingOrder {index:17;}">
            <Coords points="1321,397 2272,397 2272,1800 1321,1800"/>
        </GraphicRegion>
        <GraphicRegion id="r_19" custom="readingOrder {index:18;}">
            <Coords points="1387,1897 2220,1897 2220,2978 1387,2978"/>
        </GraphicRegion>
    </Page>
</PcGts>
