2480 3188
1936 163 2270 201 BEAUX-ARTS

199 285 222 314 1.
273 285 544 314 BEAUX-ARTS.
560 285 598 314 22
612 285 722 319 L.A.S.,
736 285 898 314 XIX°-XX°
912 296 933 314 s.
2132 285 2267 314 200/250

296 344 368 371 Léon
380 344 501 375 Bonnat,
515 344 617 380 Aglaüs
631 344 786 376 Bouvenne,
800 344 871 371 Félix
884 344 1093 375 Bracquemond
1107 344 1129 376 (à
1142 344 1263 375 Bonvin),
1278 344 1364 371 Pierre
1378 344 1509 375 Cabanel,
1524 344 1634 371 Charles
1648 344 1765 371 Chaplin
1778 344 1822 376 (Z),
1837 344 1953 380 Georges
1967 344 2077 371 Clairin
2091 344 2146 376 (sur
2159 354 2186 371 sa
2198 352 2267 371 carte

273 389 305 416 de
318 389 415 420 visite),
429 388 571 416 Marcellin
583 389 744 420 Desboutin,
758 389 850 416 André
864 389 1018 420 Devambez,
1033 389 1118 416 Henri
1132 389 1247 420 Gervex,
1261 390 1340 416 Louis
1354 390 1440 416 Leroy
1453 389 1497 421 (2),
1512 383 1596 416 Émile
1609 390 1679 415 Lévy
1692 389 1715 421 (à
1727 390 1819 415 Emma
1831 389 1977 425 Dobigny),
1989 389 2062 420 Jules
2075 390 2265 421 Marmottan,

273 435 367 461 Ernest
378 435 540 461 Meissonier
552 434 596 465 (2),
609 434 751 469 Alphonse
763 434 796 461 de
808 435 946 466 Neuville,
959 434 1055 461 Alcide
1067 434 1198 466 Robaudi,
1211 434 1305 461 Victor
1317 434 1445 466 Schnetz,
1459 434 1521 461 Paul
1532 435 1696 461 Vallotton
1708 434 1731 466 (à
1742 434 1865 465 Gernez).

196 529 222 558 2.
273 529 364 558 Hans
379 529 569 558 BELLMER
582 529 784 563 (1902-1975).
799 529 908 563 L.A.S.,
924 529 1040 558 Castres
1056 529 1070 558 5
1082 530 1196 569 janvier
1211 529 1296 563 1945,
1311 530 1326 558 à
1336 529 1388 563 Joe
1402 529 1560 562 Bousquet
1574 540 1579 563 ;
1597 529 1610 557 1
1626 540 1696 569 page
1710 529 1784 563 in-4,
1799 528 1971 568 enveloppe.
2133 529 2267 558 500/600

296 589 329 615 La
339 587 417 622 façon
428 588 599 615 chaleureuse
611 588 678 615 dont
689 588 825 623 Bousquet
836 588 869 615 l’a
880 599 940 622 reçu
952 588 991 615 lui
1001 587 1050 615 fait
1060 596 1186 624 regretter
1196 598 1247 623 que
1258 587 1296 615 les
1308 588 1414 615 hasards
1426 587 1459 615 de
1469 588 1494 615 la
1504 588 1612 616 débâcle
1622 599 1656 615 ne
1667 588 1759 615 l’aient
1770 598 1814 624 pas
1826 588 1898 624 placé
1909 589 1923 615 à
1934 588 2113 615 Carcassonne
2124 599 2157 615 au
2168 588 2222 615 lieu
2234 588 2267 615 de

273 633 385 660 Castres.
399 633 420 659 Il
432 634 473 660 n’a
485 643 529 669 pas
542 635 587 660 osé
599 633 639 660 lui
651 633 706 660 dire
718 643 769 669 que
782 643 809 660 sa
819 634 862 660 vie
874 634 938 660 était
950 632 1068 660 affreuse
1081 644 1085 659 :
1099 645 1108 658 «
1117 634 1144 670 je
1156 643 1199 660 me
1211 633 1342 660 demande
1355 634 1377 660 si
1389 633 1443 660 cela
1454 633 1546 660 n’était
1558 643 1603 669 pas
1615 632 1726 669 indiqué
1738 633 1831 660 d’aller
1841 635 1855 660 à
1867 633 2046 660 Carcassonne
2058 643 2127 669 pour
2138 633 2267 668 quelques

273 679 412 710 semaines,
427 688 495 713 pour
507 689 525 714 y
539 677 618 705 “faire
631 678 668 705 du
682 678 816 714 portrait”.
831 678 882 705 Car
894 680 908 705 à
921 688 977 705 mes
991 679 1079 705 soucis
1093 679 1202 714 s’ajoute
1216 678 1285 705 celui
1299 678 1331 705 de
1344 678 1455 714 l’argent
1468 688 1519 713 que
1529 679 1556 714 je
1570 678 1628 705 dois
1643 688 1702 705 sans
1716 688 1788 705 cesse
1801 688 1898 714 gagner
1911 689 1945 705 en
1957 677 2054 705 faisant
2067 678 2091 705 la
2105 678 2204 713 “photo
2217 680 2231 705 à
2243 677 2268 705 la

272 723 369 755 main”,
382 733 486 750 comme
498 723 587 750 disent
598 723 637 750 les
649 733 760 760 paysans
772 724 785 750 à
793 724 866 760 juste
878 724 946 750 titre.
959 723 1227 750 Malheureusement
1235 724 1262 759 je
1274 733 1317 750 me
1329 724 1385 750 suis
1397 733 1469 750 assez
1481 723 1533 750 mal
1545 724 1629 759 porté,
1643 723 1736 750 l’autre
1745 724 1808 759 jour
1819 724 1832 750 à
1844 723 2032 755 Carcassonne,
2046 723 2078 750 de
2090 722 2168 757 façon
2180 733 2231 758 que
2240 724 2267 759 je

272 769 369 795 n’avais
380 778 425 804 pas
436 768 460 795 le
471 768 593 795 moindre
604 778 714 804 courage
724 778 793 804 pour
803 779 845 795 me
856 767 920 795 faire
931 779 969 795 un
979 778 1031 804 peu
1042 768 1161 795 l’article.
1173 784 1188 787 -
1198 769 1238 794 En
1247 779 1266 804 y
1275 776 1409 800 revenant,
1418 769 1445 804 je
1456 768 1558 795 devrais
1569 778 1680 804 exposer
1690 768 1819 803 quelques
1830 769 1954 804 portraits
1965 768 2030 795 dans
2041 768 2065 795 la
2074 769 2173 795 vitrine
2184 768 2267 795 d’une

272 813 388 841 librairie
402 823 447 849 par
460 813 588 849 exemple,
600 814 627 849 je
641 813 743 840 devrais
758 815 812 840 être
826 813 958 840 introduit
973 813 1037 840 dans
1052 813 1181 848 quelques
1195 812 1319 845 familles,
1335 821 1383 840 etc.
1399 814 1441 845 (...)
1456 814 1530 840 Vous
1544 823 1650 840 recevez
1664 821 1721 840 tant
1736 813 1830 840 d’amis
1845 824 1850 839 :
1865 812 1924 840 l’un
1938 824 1974 840 ou
1988 813 2090 844 l’autre,
2106 823 2151 849 par
2164 813 2265 845 hasard,

273 859 350 885 serait
364 859 497 894 peut-être
511 858 618 894 disposé
633 858 665 885 de
680 859 815 894 s’occuper
828 869 866 885 un
880 868 932 894 peu
947 857 980 885 de
994 859 1049 885 moi
1063 859 1076 884 ?
1090 858 1200 894 Chaque
1214 858 1286 894 ligne
1301 858 1333 885 de
1348 866 1416 885 cette
1430 858 1506 885 lettre
1521 868 1675 885 commence
1689 868 1734 894 par
1747 869 1786 885 un
1801 858 1866 889 “Je”.
1878 859 1938 889 J’en
1952 859 2007 885 suis
2022 858 2121 890 désolé,
2137 868 2178 885 car
2191 866 2267 885 notre

273 904 456 930 conversation
468 914 481 930 a
493 903 606 930 touchée
618 904 632 930 à
643 911 701 930 tant
713 903 745 930 de
758 904 896 938 questions
908 903 1033 930 d’intérêt
1045 902 1159 939 objectif
1168 904 1214 939 qui
1226 904 1344 930 auraient
1355 903 1439 930 voulu
1452 914 1506 930 une
1518 904 1587 930 suite
1600 915 1634 929 »...

196 998 222 1027 3.
273 999 364 1027 Hans
379 998 576 1027 BELLMER.
592 998 690 1027 L.A.S.
706 1011 716 1025 «
730 998 801 1027 H.B.
816 1011 836 1032 »,
852 998 989 1032 [Castres]
1004 998 1043 1027 20
1053 999 1121 1038 juin
1137 998 1222 1032 1945,
1237 999 1252 1027 à
1261 998 1313 1032 Joe
1327 998 1485 1031 Bousquet
1499 1009 1505 1032 ;
1521 998 1538 1027 2
1552 1009 1637 1037 pages
1651 998 1716 1027 in-4
1730 1009 1780 1027 sur
1793 999 1892 1037 papier
1905 1009 2020 1038 orange,
2035 997 2206 1037 enveloppe.

2133 1048 2267 1077 500/700

295 1108 364 1134 Tout
377 1107 476 1143 change
489 1107 694 1134 éternellement
707 1107 832 1143 d’aspect,
847 1107 1108 1135 irrémédiablement
1122 1118 1126 1133 :
1141 1119 1151 1132 «
1165 1108 1243 1134 Cette
1255 1115 1335 1134 vente
1348 1107 1381 1134 de
1394 1107 1518 1135 tableaux
1531 1107 1614 1143 prend
1627 1118 1681 1134 une
1695 1107 1777 1134 allure
1791 1107 2049 1135 considérablement
2063 1107 2123 1143 plus
2137 1107 2265 1134 modeste.

272 1152 428 1184 L’acheteur,
442 1152 474 1179 de
486 1160 576 1179 retour
587 1152 619 1179 de
631 1152 709 1183 Paris,
722 1152 824 1188 d’après
836 1162 864 1179 ce
876 1152 941 1188 qu’il
952 1162 995 1179 me
1006 1151 1055 1179 fait
1066 1152 1130 1184 dire,
1143 1153 1185 1179 n’a
1196 1162 1240 1188 pas
1253 1163 1286 1179 eu
1298 1152 1323 1179 le
1334 1152 1445 1180 nombre
1457 1152 1541 1179 voulu
1553 1152 1586 1179 de
1598 1152 1688 1180 billets
1699 1162 1848 1179 nouveaux.
1861 1152 1882 1178 Il
1894 1162 1990 1188 pourra
2001 1152 2105 1179 acheter
2117 1152 2267 1179 seulement

272 1208 326 1224 une
338 1197 417 1224 chose
429 1198 507 1233 (pour
519 1198 553 1224 50
564 1198 618 1224 000
629 1196 685 1228 frs).
698 1213 713 1216 -
724 1197 763 1223 Eh
774 1197 845 1228 bien,
857 1197 882 1224 la
889 1198 944 1233 joie
955 1205 995 1224 est
1006 1197 1109 1224 réduite
1121 1209 1155 1223 »...
1168 1198 1199 1224 Et
1209 1197 1229 1223 il
1240 1208 1273 1224 ne
1285 1198 1334 1224 sait
1345 1207 1396 1233 que
1407 1196 1471 1224 faire
1482 1197 1515 1224 de
1527 1207 1554 1224 sa
1564 1196 1672 1228 femme,
1684 1198 1730 1233 qui
1741 1197 1852 1224 réclame
1863 1197 1910 1224 des
1921 1207 2045 1224 vacances
2056 1207 2090 1224 en
2101 1197 2196 1224 Alsace
2207 1207 2267 1224 avec

272 1242 311 1269 les
323 1241 429 1269 enfants
442 1253 447 1268 :
460 1254 469 1267 «
482 1243 536 1269 Son
547 1242 718 1278 télégramme
730 1243 793 1269 était
804 1253 858 1269 une
870 1241 1006 1269 insolence
1018 1254 1036 1274 »,
1049 1250 1075 1269 et
1087 1252 1128 1269 ses
1140 1252 1288 1278 promesses
1300 1243 1467 1278 témoignent
1480 1242 1630 1269 seulement
1641 1242 1674 1269 de
1686 1254 1695 1267 «
1708 1253 1757 1269 son
1768 1244 1834 1278 goût
1845 1243 1909 1269 inné
1921 1242 1954 1269 de
1965 1242 1989 1269 la
2000 1243 2122 1274 traîtrise,
2136 1242 2168 1269 de
2180 1242 2204 1269 la
2212 1243 2267 1278 joie

273 1287 306 1314 de
315 1287 340 1314 la
349 1287 469 1314 trahison
479 1299 513 1313 »...
525 1287 546 1313 Il
556 1287 646 1314 donne
656 1287 703 1314 des
713 1287 853 1314 nouvelles
863 1287 896 1314 de
906 1287 977 1314 leurs
987 1287 1113 1314 relations
1123 1287 1261 1314 littéraires
1271 1295 1297 1314 et
1307 1288 1459 1323 artistiques
1471 1298 1475 1313 :
1486 1287 1578 1314 André
1589 1288 1693 1319 Breton,
1706 1288 1808 1314 Gaston
1818 1287 1890 1319 Puel,
1899 1288 1981 1323 jeune
1991 1289 2069 1323 poète
2079 1287 2178 1319 d’Albi,
2190 1288 2267 1314 Loïze

272 1332 373 1364 Paulin,
386 1333 491 1359 Tristan
502 1333 589 1364 Tzara,
603 1340 629 1359 et
641 1332 678 1359 du
691 1333 775 1368 projet
788 1332 870 1359 d’une
883 1332 986 1359 édition
998 1332 1117 1359 illustrée
1130 1332 1163 1359 de
1176 1333 1212 1359 La
1226 1332 1337 1359 Sorcière
1347 1332 1380 1359 de
1392 1332 1523 1359 Michelet
1537 1343 1541 1358 :
1555 1345 1565 1357 «
1577 1333 1624 1359 Les
1639 1332 1755 1364 “Quatre
1767 1333 1866 1359 Vents”
1879 1332 1990 1359 veulent
2002 1333 2167 1359 maintenant
2179 1342 2230 1368 que
2240 1333 2267 1368 je

272 1376 341 1404 fasse
355 1377 401 1404 des
414 1387 537 1413 gravures
550 1377 692 1413 originales
705 1379 719 1404 à
730 1377 755 1404 la
767 1378 859 1413 pointe
873 1377 950 1404 sèche
964 1388 1009 1404 sur
1022 1378 1110 1404 cuivre
1123 1378 1192 1413 pour
1205 1378 1241 1404 La
1255 1377 1367 1404 Sorcière
1377 1388 1411 1404 en
1424 1376 1564 1404 m’offrant
1576 1377 1601 1404 le
1614 1379 1702 1404 même
1714 1377 1854 1404 honoraire
1867 1378 1912 1408 (40
1925 1378 1979 1404 000
1992 1376 2054 1409 frcs)
2068 1385 2094 1404 et
2106 1387 2141 1404 en
2153 1385 2267 1404 avouant

273 1422 460 1449 candidement
474 1432 525 1458 que
540 1422 594 1449 cela
607 1422 666 1449 leur
679 1421 755 1449 ferait
769 1433 823 1449 une
837 1423 976 1449 économie
990 1422 1023 1449 de
1039 1423 1090 1449 100
1104 1423 1158 1449 000
1172 1421 1225 1449 frcs
1239 1423 1350 1449 environ
1364 1422 1412 1453 (les
1426 1421 1489 1449 frais
1504 1422 1537 1449 de
1551 1422 1740 1458 reproduction
1754 1433 1788 1449 en
1801 1422 1994 1458 héliogravure)
2009 1434 2043 1448 »...
2059 1422 2217 1458 Cependant
2232 1423 2268 1449 La

274 1468 381 1494 Fiancée
394 1467 429 1494 du
443 1467 546 1494 ventl’z
558 1469 732 1503 accompagné
745 1467 863 1503 pendant
877 1478 926 1494 son
938 1478 1036 1503 voyage
1051 1478 1055 1493 :
1070 1479 1079 1492 «
1093 1468 1168 1498 ainsi,
1182 1477 1243 1494 avec
1254 1478 1331 1499 vous,
1342 1468 1430 1504 j’étais
1443 1468 1531 1494 moins
1545 1467 1710 1495 abandonné.
1722 1468 1770 1498 J’ai
1783 1478 1821 1494 un
1834 1466 1915 1495 faible
1928 1467 2066 1494 immédiat
2079 1477 2147 1503 pour
2160 1478 2188 1494 ce
2201 1467 2267 1494 livre

273 1513 318 1548 qui
331 1513 395 1539 était
408 1513 540 1548 peut-être
553 1520 626 1539 votre
640 1513 767 1548 première
780 1512 953 1548 publication.
968 1512 989 1538 Il
1002 1523 1015 1539 a
1027 1523 1066 1539 un
1080 1513 1175 1548 “goût”
1190 1512 1286 1548 auquel
1296 1513 1323 1549 je
1336 1522 1370 1539 ne
1382 1513 1474 1539 résiste
1488 1522 1532 1548 pas
1546 1520 1572 1539 et
1582 1513 1723 1548 j’aimerais
1736 1512 1842 1540 obtenir
1855 1512 1888 1539 de
1900 1513 1940 1538 M.
1955 1513 2089 1539 Cazanave
2102 1523 2141 1539 un
2153 1512 2221 1540 bout
2234 1512 2267 1539 de

273 1557 364 1584 dessin
375 1558 421 1593 qui
433 1557 534 1584 devrait
547 1558 669 1593 s’ajouter
680 1559 694 1584 à
705 1557 729 1584 la
740 1557 836 1584 reliure
848 1569 882 1583 »...

195 1652 222 1681 4.
273 1653 364 1681 Hans
379 1652 576 1681 BELLMER.
593 1652 610 1681 2
624 1652 734 1686 L.A.S.,
749 1652 865 1681 Castres
881 1652 895 1681 5
911 1661 940 1681 et
956 1652 991 1681 10
1000 1651 1101 1692 juillet
1117 1652 1202 1686 1945,
1219 1652 1243 1687 [à
1252 1652 1304 1686 Joe
1318 1652 1485 1686 Bousquet]
1502 1663 1507 1686 ;
1522 1652 1540 1681 6
1554 1663 1639 1692 pages
1653 1652 1726 1681 in-8.
2100 1652 2190 1681 800/1
2206 1652 2267 1681 000

299 1711 314 1747 5
324 1711 418 1747 juillet,
435 1719 504 1738 belle
519 1719 609 1738 lettre
624 1719 672 1738 SUR
686 1719 719 1738 la
733 1719 854 1738 COULEUR
870 1722 874 1737 :
891 1723 900 1736 «
916 1711 972 1738 Elle
987 1719 1027 1738 est
1042 1711 1106 1738 chez
1121 1712 1176 1738 moi
1192 1722 1295 1738 comme
1310 1711 1335 1738 la
1349 1713 1401 1738 très
1416 1711 1487 1739 belle
1501 1710 1601 1738 femme
1616 1712 1747 1747 toujours,
1763 1711 1968 1738 éternellement
1983 1712 2075 1743 aimée,
2091 1711 2105 1738 à
2122 1711 2268 1738 l’exclusion

273 1756 306 1783 de
320 1756 344 1783 la
358 1756 508 1792 déception,
524 1756 585 1784 bref
599 1767 603 1782 :
619 1767 672 1783 une
687 1766 830 1792 promesse.
846 1757 879 1783 Le
893 1756 1040 1788 frou-frou,
1056 1756 1081 1783 le
1096 1766 1164 1792 coup
1179 1756 1212 1783 de
1226 1756 1251 1783 la
1261 1757 1403 1792 jarretière,
1419 1756 1444 1783 le
1459 1757 1560 1783 sourire
1575 1756 1612 1783 du
1628 1757 1799 1792 “peut-être”.
1815 1756 1959 1783 D’ailleurs
1974 1757 2032 1783 rien
2046 1767 2080 1783 ne
2094 1756 2219 1792 m’oblige
2234 1756 2267 1783 de

272 1802 345 1828 m’en
358 1811 472 1837 occuper
485 1802 685 1828 sérieusement.
700 1802 770 1828 Mais
785 1801 826 1828 s’il
839 1802 942 1828 m’était
955 1801 1045 1828 donné
1059 1801 1092 1828 de
1105 1802 1214 1832 revivre,
1225 1802 1252 1838 je
1266 1802 1339 1828 m’en
1352 1802 1502 1837 occuperais
1516 1801 1605 1837 quand
1618 1803 1713 1828 même.
1729 1802 1771 1833 [...]
1786 1802 1830 1828 Un
1840 1802 1903 1838 jour
1916 1801 1981 1828 dans
1995 1812 2033 1828 un
2046 1801 2139 1829 bordel
2152 1802 2267 1837 parisien

273 1846 306 1873 de
320 1847 447 1882 première
461 1846 560 1882 qualité
574 1854 600 1873 et
614 1857 652 1873 un
666 1854 739 1873 autre
750 1847 813 1883 jour
826 1846 887 1882 plus
901 1848 990 1873 récent
1005 1846 1102 1873 devant
1116 1857 1154 1873 un
1168 1846 1240 1882 lapin
1254 1846 1371 1878 écorché,
1384 1847 1429 1882 j’ai
1443 1848 1495 1873 très
1510 1846 1573 1874 bien
1587 1857 1618 1873 su
1633 1846 1698 1882 qu’il
1711 1857 1729 1883 y
1743 1857 1756 1873 a
1770 1846 1817 1873 des
1830 1847 2018 1873 ravissements
2032 1847 2078 1882 qui
2092 1846 2240 1882 échappent
2254 1848 2268 1873 à

272 1891 469 1927 l’exploitation
483 1891 556 1918 seule
570 1891 602 1918 de
616 1891 640 1918 la
652 1890 739 1918 forme
753 1899 778 1918 et
792 1891 824 1918 de
838 1891 862 1918 la
875 1892 990 1918 matière.
1005 1903 1015 1916 »
1029 1892 1083 1918 Son
1096 1891 1238 1918 infirmière
1252 1902 1286 1918 en
1299 1891 1435 1927 regardant
1448 1902 1508 1918 avec
1521 1891 1560 1918 lui
1573 1891 1612 1918 les
1625 1891 1828 1927 reproductions
1841 1891 1874 1918 de
1887 1891 2008 1919 l’Album
2022 1891 2061 1918 lui
2074 1902 2087 1918 a
2100 1891 2231 1918 demandé
2245 1892 2267 1918 si

273 1936 327 1963 cela
339 1938 488 1972 représente
501 1936 548 1963 des
560 1936 686 1963 maladies
700 1947 704 1962 :
719 1948 728 1961 «
741 1937 774 1963 Le
787 1937 863 1972 point
876 1937 1028 1972 pourriture
1041 1944 1067 1963 et
1079 1936 1191 1963 maladie
1204 1944 1244 1963 est
1256 1936 1391 1963 d’ailleurs
1404 1938 1418 1963 à
1429 1937 1526 1963 retenir
1538 1936 1603 1963 dans
1616 1936 1776 1968 l’anatomie,
1790 1947 1894 1963 comme
1907 1936 1976 1963 celui
1989 1936 2021 1963 de
2034 1936 2058 1963 la
2070 1936 2150 1963 mode
2163 1948 2180 1962 ».
2194 1936 2215 1963 Il
2227 1944 2267 1963 est

272 1981 310 2008 las
322 1981 355 2008 de
367 1992 401 2008 ne
413 1982 527 2017 pouvoir
538 1981 669 2008 travailler
680 1989 706 2008 et
718 1981 751 2008 de
763 1989 831 2008 cette
842 1982 885 2008 vie
897 1981 967 2013 vide,
981 1989 1007 2008 et
1019 1992 1046 2008 se
1058 1982 1154 2018 réjouit
1167 1981 1213 2008 des
1224 1982 1317 2008 visites
1330 1981 1376 2008 des
1389 1993 1398 2006 «
1407 1982 1503 2018 jeunes
1516 1981 1614 2013 d’Albi,
1628 1991 1688 2008 avec
1700 1981 1802 2008 Gaston
1814 1981 1881 2008 Puel
1892 1993 1901 2006 »
1915 1992 1919 2007 :
1933 1981 1965 2008 ils
1978 1981 2080 2017 parlent
2092 1981 2175 2008 d’une
2186 1992 2267 2008 revue

274 2027 361 2053 Rimes
375 2033 399 2053 et
410 2027 520 2053 Raisons
532 2037 536 2052 :
551 2039 561 2051 «
574 2026 609 2053 Ils
622 2027 697 2053 n’ont
710 2036 755 2062 pas
768 2026 952 2062 d’expérience
966 2034 991 2053 et
1004 2036 1049 2062 pas
1063 2026 1213 2053 d’horizon.
1227 2026 1269 2053 De
1282 2036 1325 2053 ma
1337 2025 1415 2060 façon
1428 2026 1612 2062 glacialement
1625 2026 1809 2053 enthousiaste
1822 2034 1848 2053 et
1861 2027 2074 2062 intransigeante,
2086 2027 2112 2063 je
2126 2036 2196 2062 peux
2209 2026 2268 2053 leur

273 2072 326 2098 être
338 2071 406 2098 utile
418 2088 432 2090 -
445 2073 577 2107 peut-être
590 2083 624 2097 »...

299 2117 331 2143 10
337 2116 426 2152 juillet
435 2127 439 2142 :
452 2116 471 2143 il
483 2124 523 2143 est
535 2116 592 2143 seul
604 2127 664 2143 avec
676 2127 702 2143 sa
713 2116 767 2143 fille
778 2117 896 2143 Doriane
908 2117 954 2152 qui
965 2124 1005 2143 est
1016 2116 1118 2143 malade
1130 2124 1155 2143 et
1167 2116 1234 2143 dont
1245 2116 1264 2143 il
1276 2117 1396 2152 s’occupe
1408 2116 1506 2152 malgré
1518 2126 1545 2143 sa
1556 2128 1565 2141 «
1576 2126 1680 2152 paresse
1691 2116 1822 2153 physique
1834 2128 1851 2142 ».
1864 2116 1885 2142 Il
1897 2127 1910 2143 a
1920 2127 1981 2150 reçu
1992 2116 2017 2143 le
2028 2117 2061 2143 n°
2075 2117 2087 2143 1
2102 2116 2134 2143 de
2146 2116 2170 2143 la
2182 2117 2269 2143 Revue

274 2161 318 2188 des
334 2161 433 2193 Quatre
451 2162 532 2193 Vents,
549 2163 651 2197 évoque
667 2161 777 2188 l’article
793 2161 826 2188 de
842 2162 929 2188 Parrot
945 2172 991 2188 sur
1006 2162 1157 2188 Scutenaire
1173 2161 1238 2188 dans
1254 2162 1301 2188 Les
1315 2162 1409 2188 Lettres
1424 2162 1578 2195 Françaises,
1596 2161 1665 2188 celui
1681 2161 1713 2188 de
1729 2161 1857 2188 Paulhan
1873 2172 1918 2188 sur
1934 2172 1983 2188 son
1998 2162 2056 2197 prix
2072 2161 2105 2188 de
2120 2161 2267 2188 littérature

273 2206 305 2233 de
319 2206 480 2233 l’Académie
493 2205 659 2240 française.et
673 2217 722 2233 son
736 2206 816 2233 étude
831 2206 876 2233 sur
890 2206 967 2233 Sade.
982 2206 1003 2232 Il
1016 2207 1058 2233 n’a
1071 2206 1132 2242 plus
1146 2206 1179 2233 de
1193 2206 1333 2233 nouvelles
1347 2205 1393 2233 des
1407 2205 1489 2233 frères
1503 2206 1597 2242 Berger
1610 2214 1636 2233 et
1650 2217 1677 2233 se
1691 2206 1830 2242 désespère
1845 2217 1849 2232 :
1864 2218 1874 2231 «
1889 2206 1951 2238 Que
1961 2207 2018 2243 j’en
2031 2207 2055 2233 ai
2068 2217 2140 2233 assez
2154 2222 2169 2225 -
2184 2207 2188 2232 !
2204 2206 2267 2238 Que

269 2252 369 2287 j’envie
382 2251 525 2283 Rimbaud,
537 2251 637 2287 Joseph
649 2251 757 2283 Vacher,
772 2259 836 2278 etc...
851 2252 919 2278 Leur
930 2252 973 2278 vie
987 2252 1050 2278 était
1063 2251 1196 2283 brillante,
1211 2252 1371 2282 consciente,
1386 2267 1401 2270 -
1414 2251 1469 2278 cela
1481 2262 1515 2278 ne
1528 2251 1677 2279 trébuchait
1690 2261 1734 2287 pas
1748 2251 1813 2278 dans
1827 2251 1865 2278 les
1879 2252 2077 2278 inconsciences
2091 2259 2265 2287 opportunes,

273 2296 338 2323 dans
353 2296 392 2323 les
408 2304 603 2332 arrangements
620 2297 662 2328 (...)
679 2304 705 2323 et
720 2296 753 2323 de
768 2296 793 2323 la
807 2296 917 2323 volonté
934 2296 1035 2323 d’avoir
1050 2307 1100 2323 une
1111 2305 1162 2332 peu
1178 2296 1210 2323 de
1223 2296 1367 2332 gentillesse
1380 2304 1476 2323 autour
1491 2296 1524 2323 de
1539 2296 1598 2323 leur
1613 2297 1675 2323 moi.
1692 2296 1727 2323 Ils
1742 2297 1873 2323 n’avaient
1889 2306 1933 2332 pas
1949 2296 1974 2323 le
1989 2304 2075 2332 temps
2091 2296 2124 2323 de
2141 2296 2268 2323 solliciter

273 2349 340 2368 cette
355 2341 547 2377 “gentillesse”,
561 2349 629 2368 cette
642 2341 750 2368 chaleur
761 2341 896 2368 humaine.
911 2341 945 2368 Ils
958 2352 992 2368 ne
1005 2342 1200 2368 connaissaient
1213 2351 1353 2377 personne.
1367 2353 1377 2366 »
1390 2341 1411 2368 Il
1423 2341 1534 2368 redoute
1547 2341 1572 2368 le
1584 2349 1674 2368 retour
1686 2341 1719 2368 de
1733 2352 1759 2368 sa
1771 2341 1871 2368 femme
1883 2341 2018 2373 Marcelle,
2033 2341 2100 2368 dont
2112 2341 2132 2367 il
2145 2341 2267 2368 souhaite

273 2386 392 2413 divorcer
404 2397 409 2413 :
422 2399 431 2410 «
441 2387 470 2418 Je
482 2387 544 2413 n’en
556 2396 626 2422 peux
638 2386 707 2422 plus.
721 2386 759 2413 Ce
772 2386 873 2413 suicide
885 2386 968 2413 moral
980 2394 1006 2413 et
1018 2387 1156 2422 artistique
1168 2397 1201 2413 ne
1214 2394 1278 2422 peut
1290 2386 1351 2422 plus
1364 2386 1443 2413 durer
1454 2398 1489 2413 »...

197 2482 222 2510 5.
273 2482 364 2510 Hans
381 2481 578 2510 BELLMER.
595 2481 613 2510 9
629 2481 739 2515 L.A.S.,
756 2481 872 2510 Castres
887 2492 927 2510 ou
943 2481 1142 2510 Carcassonne
1160 2481 1245 2516 1945,
1261 2482 1276 2510 à
1291 2492 1346 2510 son
1361 2482 1418 2510 ami
1433 2480 1572 2510 l’éditeur
1586 2481 1681 2510 Henri
1696 2481 1821 2510 Parisot
1837 2492 1843 2516 ;
1862 2482 1897 2510 17
1911 2492 1996 2521 pages
2012 2482 2086 2515 in-4,
2104 2492 2154 2510 sur
2168 2482 2268 2520 papier

272 2542 337 2560 rose
351 2542 390 2560 ou
400 2532 499 2571 jaune.
2068 2531 2085 2560 2
2101 2531 2191 2560 500/3
2206 2531 2267 2560 000

296 2591 469 2617 Intéressant
480 2598 607 2617 ensemble
619 2598 667 2617 sur
679 2598 718 2617 ses
730 2598 830 2620 projets
842 2594 1008 2622 éditoriaux,
1021 2591 1190 2617 notamment
1203 2591 1249 2617 Les
1255 2591 1322 2622 Jeux
1332 2598 1365 2617 de
1376 2598 1406 2617 la
1420 2590 1524 2617 Poupée.

299 2636 401 2662 Castres
413 2636 424 2662 1
428 2640 445 2649 er
457 2646 526 2662 mars
539 2636 611 2662 1945.
625 2636 850 2662 Remerciements
862 2645 931 2671 pour
942 2646 983 2662 ses
995 2635 1147 2662 démarches
1159 2637 1252 2671 auprès
1264 2635 1297 2662 de
1309 2635 1406 2662 Caillet
1417 2643 1443 2662 et
1455 2635 1488 2662 de
1500 2635 1523 2662 la
1535 2636 1670 2672 concierge
1682 2635 1715 2662 de
1727 2646 1776 2662 son
1788 2636 1880 2662 ancien
1892 2643 2082 2671 appartement.
2095 2648 2104 2660 «
2117 2636 2191 2662 C’est
2203 2635 2267 2662 chez

272 2681 323 2707 Mr.
336 2681 430 2716 Berger
441 2681 544 2716 (Roger)
556 2690 607 2716 que
615 2681 706 2717 j’avais
717 2682 774 2707 casé
788 2687 843 2707 tous
854 2691 906 2707 mes
917 2680 1026 2716 négatifs
1034 2688 1082 2707 etc.
1096 2681 1122 2707 Si
1133 2680 1157 2707 la
1168 2682 1271 2707 maison
1282 2688 1322 2707 est
1333 2681 1509 2707 entièrement
1520 2680 1645 2712 détruite,
1654 2681 1681 2717 je
1692 2691 1726 2707 ne
1738 2681 1835 2707 saurais
1847 2690 1898 2716 que
1908 2679 1972 2707 faire
1984 2691 2052 2716 pour
2063 2680 2147 2707 éditer
2157 2680 2196 2712 les
2203 2681 2271 2712 Jeux

274 2725 306 2752 de
319 2725 344 2752 la
357 2725 458 2761 Poupée.
472 2742 487 2744 -
500 2724 603 2752 Refaire
616 2725 655 2752 les
668 2725 761 2752 choses
774 2727 788 2752 à
800 2725 824 2752 la
836 2727 916 2757 main,
930 2727 944 2752 à
956 2725 1060 2757 l’huile,
1074 2725 1176 2761 d’après
1189 2725 1227 2752 les
1240 2725 1338 2761 photos
1351 2727 1501 2752 existantes.
1516 2742 1531 2744 -
1541 2726 1570 2757 Je
1583 2727 1638 2752 suis
1652 2725 1743 2752 désolé
1756 2725 1789 2752 de
1801 2725 1826 2752 la
1838 2733 1909 2752 mort
1922 2725 1955 2752 de
1967 2726 2088 2752 Maurice
2101 2726 2185 2752 Heine
2197 2737 2231 2751 »...
2246 2725 2267 2752 Il

273 2770 454 2798 collaborerait
466 2781 526 2797 avec
538 2770 629 2806 plaisir
640 2781 691 2797 aux
703 2770 882 2806 publications
896 2770 928 2797 de
941 2770 1048 2802 Parisot,
1063 2778 1088 2797 et
1101 2770 1232 2797 demande
1245 2770 1291 2797 des
1304 2771 1445 2807 consignes
1458 2780 1526 2806 pour
1538 2770 1562 2797 la
1574 2770 1717 2797 collection
1730 2770 1762 2797 de
1775 2770 1923 2806 plaquettes
1937 2770 2109 2802 surréalistes,
2123 2778 2267 2806 proposant

273 2815 306 2842 de
316 2823 410 2842 mettre
421 2826 453 2842 au
464 2823 574 2842 courant
584 2816 688 2847 Breton,
700 2816 787 2847 Ernst,
798 2816 913 2852 Tanguy,
924 2816 1061 2851 Magritte,
1073 2823 1120 2842 etc.
1132 2816 1280 2842 Lui-même
1291 2815 1408 2842 travaille
1418 2817 1432 2842 à
1442 2815 1468 2842 sa
1479 2815 1556 2842 Petite
1565 2816 1706 2842 Anatomie
1715 2815 1747 2842 de
1758 2815 1934 2842 l’inconscient
1939 2815 2070 2851 physique,
2082 2816 2117 2842 ou
2129 2816 2269 2842 Anatomie

274 2860 306 2887 de
319 2859 421 2896 l’image
434 2871 438 2886 :
453 2872 462 2885 «
476 2861 509 2887 Le
522 2868 592 2887 texte
606 2877 620 2879 -
634 2860 671 2887 du
685 2860 852 2887 surréalisme
866 2860 1031 2896 scientifique
1044 2877 1059 2879 -
1073 2871 1128 2887 sera
1141 2862 1314 2896 accompagné
1328 2860 1410 2887 d’une
1423 2861 1554 2887 trentaine
1568 2860 1600 2887 de
1614 2860 1718 2887 dessins
1731 2871 1764 2887 au
1777 2861 1837 2887 trait
1851 2861 1885 2887 »...
1903 2861 1933 2887 16
1948 2870 2022 2887 mars.
2036 2873 2045 2885 «
2059 2860 2144 2887 L’idée
2157 2860 2190 2887 de
2203 2859 2267 2887 faire

273 2905 319 2932 des
332 2905 436 2932 dessins
448 2906 517 2941 pour
530 2906 565 2932 La
579 2906 690 2932 Sorcière
700 2905 733 2932 de
745 2906 881 2932 Michelet
893 2916 926 2932 ne
939 2916 981 2932 me
994 2905 1093 2941 déplaît
1105 2915 1150 2941 pas
1163 2905 1200 2932 du
1212 2913 1280 2937 tout,
1294 2916 1327 2932 au
1339 2907 1467 2932 contraire
1481 2906 1485 2931 !
1496 2906 1544 2936 J’ai
1556 2905 1585 2932 lu
1597 2916 1626 2932 ce
1638 2905 1703 2932 livre
1715 2905 1735 2932 il
1746 2916 1765 2942 y
1776 2916 1789 2932 a
1801 2905 1872 2932 deux
1884 2916 1920 2932 ou
1932 2906 1996 2932 trois
2009 2916 2055 2932 ans
2067 2907 2081 2932 à
2093 2906 2197 2932 Castres
2210 2913 2236 2932 et
2248 2905 2267 2931 il

272 2951 345 2977 m’en
358 2958 425 2977 reste
438 2961 492 2977 une
505 2952 664 2986 impression
677 2961 749 2977 assez
762 2950 839 2977 forte.
854 2951 896 2982 (La
909 2950 983 2977 seule
996 2950 1076 2977 chose
1089 2952 1103 2977 à
1115 2950 1170 2977 dire
1185 2961 1189 2976 :
1201 2951 1307 2987 j’aurais
1320 2949 1421 2986 préféré
1435 2951 1481 2977 Les
1494 2950 1639 2986 Infortunes
1651 2950 1683 2977 de
1697 2950 1721 2977 la
1737 2955 1815 2982 vertu)
1829 2962 1863 2976 »...
1879 2951 1937 2977 Suit
1950 2961 2004 2977 une
2017 2950 2169 2977 discussion
2182 2952 2267 2977 serrée

2187 3010 2208 3036 ...
2221 3010 2232 3036 /
2245 3031 2267 3036 ...

2366 3069 2382 3099 3
