2480 3188
273 222 335 241 sont
347 213 466 249 capables
479 213 512 241 de
524 213 612 241 lancer
624 213 670 241 des
683 215 807 249 portraits
820 214 905 245 (Mme
918 215 1053 250 Laguerre,
1067 215 1144 240 Mme
1156 213 1319 245 Boussarkis,
1333 214 1399 245 etc.).
1424 215 1455 241 Et
1467 213 1569 241 d’autre
1581 222 1647 249 part,
1658 214 1704 250 j’ai
1716 222 1805 241 toutes
1817 213 1856 241 les
1869 215 1960 249 peines
1974 214 2010 240 du
2023 213 2122 241 monde
2135 215 2148 240 à
2160 221 2268 241 trouver

273 258 319 286 des
332 260 525 294 souscriptions
537 260 631 295 payées
643 258 712 294 pour
725 258 751 286 la
762 259 827 286 Rase
838 269 873 286 au
886 259 966 286 Cœtir
976 258 1053 286 violet
1061 271 1078 285 ».
1092 258 1113 285 Il
1124 259 1166 285 n’a
1177 269 1222 294 pas
1235 258 1268 286 de
1280 260 1344 294 quoi
1355 269 1433 295 payer
1445 269 1486 286 ses
1498 267 1600 286 avocats
1612 269 1681 294 pour
1693 269 1742 286 son
1754 260 1844 294 procès
1857 260 1903 294 qui
1914 269 1946 286 va
1958 259 2071 286 s’ouvrir
2081 260 2095 285 à
2107 259 2236 286 Castres...

195 354 222 383 8.
273 354 364 383 Hans
378 354 574 383 BELLMER.
588 354 606 382 4
619 353 728 388 L.A.S.,
742 354 858 383 Castres
871 365 910 383 ou
923 354 1122 383 Carcassonne
1136 353 1316 388 1945-1948,
1329 355 1344 383 à
1356 365 1410 383 son
1422 355 1479 382 ami
1491 353 1630 383 l’éditeur
1641 353 1736 383 Henri
1748 353 1873 388 Parisot
1885 365 1891 388 ;
1906 354 1920 382 1
1934 364 2005 393 page
2016 354 2081 382 in-4
2094 353 2205 392 chaque
2217 365 2267 383 sur

272 405 372 443 papier
384 415 457 433 rose.
2100 404 2190 433 800/1
2206 404 2267 433 000

299 463 401 490 Castres
414 463 430 490 3
448 463 545 490 octobre
561 463 634 489 1945.
651 463 672 489 Il
687 463 757 498 parle
773 462 805 490 de
817 462 923 499 joindre
939 463 1048 490 Ginette
1065 463 1190 498 Conquet
1205 473 1250 498 par
1265 473 1303 490 un
1317 464 1378 494 ami,
1394 471 1420 490 et
1435 462 1566 490 demande
1582 462 1628 490 des
1643 464 1788 498 précisions
1805 473 1850 490 sur
1864 462 1902 490 les
1921 464 1950 489 11
1967 462 2071 490 dessins
2087 471 2113 490 et
2129 464 2144 489 2
2160 462 2265 498 photos.

273 520 282 533 «
294 508 374 535 Deux
385 507 476 535 lettres
488 507 610 535 d’amour
621 508 629 539 (
631 508 771 535 Anatomie
771 509 778 539 )
791 516 853 535 sont
863 509 957 543 prêtes.
967 509 996 539 Je
1008 507 1067 535 dois
1079 518 1113 535 en
1124 507 1188 535 faire
1200 507 1271 535 deux
1281 516 1368 535 autres
1380 509 1415 534 »...
1428 508 1521 535 Mardi
1530 508 1584 535 soir
1592 508 1635 539 [16
1648 508 1769 539 ?]octobre
1781 508 1854 534 1945.
1867 520 1877 532 «
1889 508 2028 540 Qu’est-ce
2040 517 2091 543 que
2103 507 2267 535 deviennent

273 553 401 580 Simonne
413 553 534 580 Lamblin
546 561 572 580 et
583 552 664 580 Alain
676 553 854 580 Gheerbrant
866 553 878 579 ?
890 553 994 588 Depuis
1006 552 1158 589 longtemps
1167 554 1194 589 je
1206 554 1261 580 suis
1274 563 1334 580 sans
1345 552 1485 580 nouvelles
1499 564 1503 579 :
1514 554 1540 589 je
1552 552 1591 580 les
1603 552 1708 580 attends
1720 554 1941 588 impatiemment,
1955 563 1996 580 car
2007 552 2027 579 il
2037 552 2096 580 faut
2108 563 2135 580 se
2147 561 2242 580 mettre
2254 554 2267 579 à

272 598 297 624 la
307 597 465 626 fabrication
476 597 511 625 du
524 598 597 625 livre.
610 614 624 617 -
635 597 657 624 Il
667 599 736 625 n’est
747 608 792 633 pas
803 597 878 625 exclu
890 598 932 633 qu’
936 594 1042 625 Éluard
1053 597 1143 625 refuse
1154 597 1178 624 la
1189 597 1355 633 publication
1366 598 1398 625 de
1410 608 1451 625 ses
1462 606 1554 625 textes.
1566 598 1593 624 A
1603 608 1632 625 ce
1643 597 1802 625 moment-là
1812 597 1832 624 il
1844 598 1919 634 s’agit
1929 597 1992 625 d’en
2002 597 2066 625 faire
2078 597 2193 625 d’autres
2205 614 2219 617 -
2231 608 2266 625 ou

273 642 386 670 d’éditer
396 642 435 670 les
446 642 544 678 photos
556 653 615 670 sans
627 651 711 670 textes
722 643 735 669 ?
746 643 780 670 »...
796 643 971 670 Carcassonne
983 643 1014 670 18
1020 643 1082 679 juin
1094 643 1166 669 1947.
1179 655 1188 667 «
1197 644 1226 674 Je
1237 644 1289 669 n’ai
1299 653 1344 678 pas
1356 642 1447 670 oublié
1458 642 1497 670 les
1510 644 1624 670 “Lettres
1635 642 1668 670 de
1679 642 1757 679 l’Age
1769 642 1852 670 d’Or”
1865 652 1916 678 que
1924 644 1951 679 je
1961 653 2029 670 vous
2041 644 2064 669 ai
2074 644 2182 678 promis.
2195 643 2267 669 Brün

273 688 330 715 s’en
340 696 380 715 est
390 689 496 723 occupé.
506 689 535 719 Je
544 689 621 715 viens
632 687 664 715 de
675 688 750 714 relire
760 696 828 715 tout.
837 689 866 719 Je
876 688 901 715 le
911 689 1017 715 renvoie
1028 690 1041 714 à
1051 688 1124 715 Brün
1135 689 1185 719 [...].
1194 689 1223 719 Je
1234 698 1267 715 ne
1279 689 1328 715 sais
1339 698 1384 723 pas
1395 689 1417 715 si
1424 689 1451 724 je
1461 689 1568 723 pourrai
1577 689 1653 715 venir
1662 689 1828 715 maintenant
1838 689 1851 715 à
1861 688 1930 715 Paris
1940 698 2009 723 pour
2018 687 2203 723 l’Exposition.
2215 704 2230 707 -
2238 689 2267 719 Je

272 734 324 759 n’ai
335 743 380 768 pas
393 732 426 760 de
437 732 548 769 l’argent
560 741 586 760 et
594 734 621 769 je
632 734 716 760 verrai
727 734 860 768 peut-être
872 743 961 768 passer
972 741 1048 760 outre
1060 732 1084 759 la
1096 732 1169 760 seule
1182 732 1279 760 chance
1291 732 1324 760 de
1336 743 1378 759 me
1391 734 1471 760 sortir
1482 732 1515 760 de
1527 743 1555 760 ce
1567 741 1627 760 trou
1639 732 1737 760 mortel
1749 733 1781 760 de
1794 733 1973 760 Carcassonne
1986 734 2020 759 »...
2034 733 2069 760 28
2082 733 2180 760 octobre
2192 733 2265 760 1948.

273 777 294 804 Il
305 779 347 804 n’a
358 779 479 805 retrouvé
491 779 590 813 qu’une
602 779 685 813 partie
698 777 744 805 des
756 777 879 814 négatifs,
892 779 957 805 mais
969 788 1051 813 pense
1064 788 1178 814 envoyer
1189 786 1264 805 toute
1276 777 1300 804 la
1312 779 1379 805 série
1391 778 1417 808 (6
1428 789 1445 804 x
1457 779 1482 809 6)
1495 777 1560 805 dans
1572 788 1626 805 une
1638 777 1741 805 dizaine
1753 777 1786 805 de
1795 779 1878 814 jours.
1892 790 1901 802 «
1914 778 2007 810 Quant
2018 779 2032 804 à
2043 777 2067 805 la
2078 777 2267 813 reproduction

273 822 305 850 de
321 824 387 850 Tour
397 822 641 858 menthe-poivrée...,
651 824 677 859 je
689 833 732 850 me
745 824 800 850 suis
812 824 863 850 mis
875 822 994 850 d’accord
1006 833 1067 850 avec
1078 823 1102 850 le
1114 833 1229 859 graveur.
1243 839 1257 842 -
1270 823 1438 850 Seriez-vous
1450 833 1522 850 assez
1534 823 1617 859 gentil
1629 822 1662 850 de
1673 833 1740 850 vous
1752 831 1847 850 mettre
1859 833 1893 850 en
1904 831 2011 858 rapport
2023 833 2083 850 avec
2094 822 2134 850 lui
2146 831 2172 850 et
2183 822 2216 850 de
2227 822 2267 850 lui

273 867 371 895 confier
381 867 514 904 l’original
525 868 538 894 ?
550 880 584 894 »...

195 963 222 992 9.
273 963 364 992 Hans
380 963 576 992 BELLMER.
592 963 610 991 2
624 963 734 997 L.A.S.,
748 964 763 992 à
777 974 832 992 son
844 964 902 992 ami
915 962 1055 992 l’éditeur
1067 963 1162 992 Henri
1176 963 1301 997 Parisot
1315 974 1320 997 ;
1336 963 1352 992 3
1367 971 1396 992 et
1410 963 1427 991 2
1441 973 1527 1002 pages
1540 963 1605 991 in-4
1620 974 1670 992 sur
1682 964 1782 1002 papier
1794 974 1867 992 rose.
2133 963 2267 992 500/700

296 1022 395 1049 Parisot
410 1022 449 1049 lui
464 1022 579 1049 rendrait
595 1033 633 1049 un
648 1023 748 1049 service
763 1023 894 1049 immense
910 1032 944 1049 en
958 1023 1128 1049 intervenant
1143 1024 1236 1057 auprès
1251 1021 1284 1049 de
1300 1023 1403 1049 Zervos
1418 1032 1486 1057 pour
1500 1024 1638 1057 récupérer
1651 1021 1690 1049 les
1708 1022 1738 1049 13
1755 1022 1860 1049 dessins
1875 1030 1901 1049 et
1916 1021 1963 1049 des
1978 1021 2076 1057 photos
2091 1021 2124 1049 de
2139 1022 2244 1057 Poupée
2260 1032 2265 1053 ;

273 1068 373 1094 Zervos
385 1077 399 1093 a
410 1066 495 1094 choisi
507 1066 553 1094 des
566 1066 670 1094 dessins
682 1077 717 1094 en
728 1068 852 1102 présence
865 1067 897 1094 de
909 1067 996 1103 Roger
1007 1067 1101 1103 Berger
1112 1075 1138 1094 et
1150 1066 1182 1094 de
1195 1066 1257 1094 Paul
1269 1068 1383 1094 Eluard.
1396 1067 1406 1094 «
1420 1067 1491 1094 Série
1503 1067 1534 1094 de
1546 1067 1644 1094 dessins
1656 1066 1765 1094 illustrés
1777 1067 1809 1094 de
1821 1073 1903 1094 textes.
1916 1066 1938 1093 Il
1948 1078 1967 1103 y
1978 1077 1992 1093 a
2003 1077 2036 1094 au
2048 1068 2136 1094 moins
2148 1067 2219 1094 deux
2231 1077 2267 1094 ou

273 1113 337 1139 trois
350 1111 454 1139 dessins
468 1111 532 1139 chez
545 1113 645 1139 Zervos
659 1113 704 1147 qui
717 1113 877 1139 entreraient
889 1112 1153 1139 merveilleusement
1166 1111 1229 1140 bien
1242 1112 1306 1139 dans
1320 1120 1387 1139 cette
1401 1113 1475 1139 série.
1490 1113 1554 1139 L’un
1567 1112 1648 1139 d’eux
1660 1120 1700 1139 est
1712 1111 1761 1139 fait
1773 1122 1808 1139 en
1820 1111 2011 1140 collaboration
2023 1122 2083 1139 avec
2095 1113 2160 1138 Max
2173 1113 2265 1139 Ernst.

274 1158 315 1188 [...]
325 1157 371 1193 j’ai
382 1156 540 1185 abandonné
552 1156 765 1184 définitivement
776 1156 855 1184 l’idée
867 1156 900 1184 de
912 1157 1069 1184 restreindre
1081 1165 1148 1184 cette
1161 1158 1227 1184 série
1239 1167 1290 1184 aux
1301 1156 1405 1184 dessins
1418 1167 1463 1184 sur
1473 1158 1563 1192 papier
1574 1167 1680 1184 marron
1690 1156 1884 1193 photographié
1896 1167 1941 1192 par
1953 1156 2049 1184 Caillet
2061 1169 2095 1183 »...
2108 1157 2129 1183 Il
2141 1158 2267 1184 énumère

273 1212 323 1229 son
336 1201 422 1233 choix,
437 1210 463 1229 et
476 1203 579 1237 prévoit
592 1212 643 1237 que
657 1201 695 1229 les
710 1203 838 1229 écrivains
851 1202 987 1229 voudront
1000 1202 1098 1229 choisir
1111 1213 1149 1229 un
1163 1202 1254 1229 dessin
1266 1203 1358 1237 précis.
1373 1214 1382 1226 «
1396 1202 1552 1229 Demandez
1566 1202 1579 1228 à
1592 1202 1728 1233 Paulhan,
1743 1203 1757 1229 à
1769 1203 1903 1229 Michaux
1916 1202 1942 1229 et
1955 1202 2077 1228 Bataille
2090 1212 2123 1229 au
2138 1203 2207 1238 sujet
2220 1202 2266 1229 des

273 1246 377 1274 dessins
391 1257 436 1274 sur
448 1248 538 1282 papier
549 1257 655 1274 marron
668 1246 700 1274 de
713 1246 777 1274 chez
789 1257 865 1274 vous.
880 1247 973 1279 Quant
986 1247 999 1273 à
1010 1247 1076 1279 Arp,
1091 1246 1133 1274 s’il
1145 1255 1185 1274 est
1198 1246 1318 1274 d’accord
1331 1257 1365 1274 en
1377 1248 1496 1282 principe
1506 1248 1533 1283 je
1545 1247 1585 1274 lui
1598 1248 1728 1274 enverrais
1742 1257 1780 1274 un
1792 1247 1891 1278 dessin,
1906 1257 1941 1274 ou
1954 1246 2096 1282 plusieurs.
2111 1247 2204 1279 Quant
2216 1257 2267 1274 aux

272 1292 359 1319 autres
373 1292 479 1324 Gracq,
493 1293 664 1323 Frédérique,
678 1293 983 1319 Fardoulis-Lagrange
995 1292 1188 1319 montrez-leur
1201 1302 1229 1319 ce
1242 1301 1293 1327 que
1305 1302 1373 1319 vous
1386 1302 1447 1319 avez
1460 1291 1493 1319 de
1506 1293 1561 1319 moi
1575 1293 1625 1323 [...].
1640 1292 1708 1319 Pour
1720 1291 1811 1319 Gisèle
1824 1292 1966 1319 Prassinos
1979 1292 2135 1328 également.
2149 1293 2180 1319 Et
2193 1292 2267 1319 René

273 1337 352 1364 Char
363 1349 397 1363 »...
410 1336 432 1363 Il
443 1347 470 1364 se
481 1336 566 1372 plaint
577 1338 739 1364 amèrement
750 1337 783 1364 de
795 1349 804 1361 «
816 1347 844 1364 ce
856 1337 908 1364 sale
920 1345 1110 1372 entrepreneur
1120 1347 1155 1364 en
1165 1336 1311 1364 littérature
1325 1337 1329 1364 :
1342 1337 1456 1364 Seghers
1468 1349 1477 1361 »
1489 1338 1535 1372 qui
1546 1347 1559 1364 a
1569 1336 1629 1364 volé
1641 1336 1706 1364 dans
1718 1337 1768 1364 son
1779 1336 1878 1364 Album
1888 1348 1926 1364 un
1937 1336 2028 1364 dessin
2039 1337 2107 1372 pour
2118 1337 2265 1364 America...

299 1382 401 1409 Castres
414 1382 498 1409 mardi
508 1383 565 1409 soir.
579 1382 757 1409 Gheerbrant
769 1392 796 1409 se
808 1390 911 1417 trompe
924 1393 928 1408 :
942 1381 961 1408 il
973 1392 986 1408 a
998 1382 1022 1408 la
1033 1381 1117 1417 photo
1129 1382 1238 1413 voulue,
1251 1390 1277 1409 et
1289 1382 1438 1413 lui-même,
1451 1381 1489 1409 les
1502 1382 1573 1409 deux
1584 1390 1679 1409 autres.
1692 1394 1702 1406 «
1715 1382 1741 1409 Si
1754 1392 1807 1409 une
1819 1382 1917 1410 bombe
1929 1383 2064 1417 atomique
2076 1393 2112 1409 ou
2124 1392 2162 1409 un
2174 1381 2267 1409 hasard

273 1426 375 1454 d’ordre
388 1426 540 1454 individuel
553 1427 689 1455 abîmerait
702 1437 763 1458 une,
778 1437 814 1454 ou
827 1435 916 1454 toutes
929 1437 971 1454 ces
984 1427 1091 1462 photos,
1105 1427 1170 1454 c’est
1182 1435 1232 1454 moi
1243 1426 1282 1454 les
1295 1426 1481 1462 remplacerait.
1496 1428 1538 1458 (...)
1553 1427 1591 1454 Ce
1604 1428 1650 1462 qui
1663 1435 1703 1454 est
1715 1427 1853 1462 beaucoup
1867 1426 1928 1462 plus
1941 1437 2017 1463 grave
2030 1437 2098 1462 pour
2110 1437 2188 1458 nous,
2203 1427 2267 1454 c’est

273 1481 324 1507 que
338 1472 506 1500 Gheerbrant
520 1472 637 1503 soudain,
652 1482 666 1499 a
678 1472 758 1499 l’idée
772 1471 805 1499 de
819 1482 862 1499 me
875 1472 960 1507 parler
973 1472 1005 1499 de
1019 1482 1142 1499 nouveau
1157 1471 1189 1499 de
1204 1472 1258 1499 200
1272 1472 1333 1507 expi.
1348 1471 1381 1499 de
1395 1472 1464 1503 luxe,
1480 1472 1526 1503 des
1537 1473 1605 1503 Jeux
1616 1472 1648 1499 de
1662 1472 1686 1499 la
1700 1472 1796 1507 Poupée
1808 1488 1823 1491 -
1837 1471 1873 1499 du
1889 1472 1969 1499 “haut
1982 1472 2069 1504 luxe”,
2084 1474 2136 1499 très
2150 1471 2218 1503 cher,
2233 1482 2267 1499 en

273 1518 441 1552 supprimant
452 1525 512 1544 tout
523 1516 615 1548 cliché,
628 1525 654 1544 et
665 1525 740 1544 toute
752 1517 855 1544 édition
866 1516 1086 1553 typographique.
1099 1533 1114 1536 -
1125 1517 1155 1544 C.
1168 1518 1181 1543 à
1192 1516 1217 1544 d.
1231 1527 1235 1543 :
1247 1516 1267 1543 il
1277 1528 1311 1544 ne
1322 1516 1445 1544 voudrait
1456 1516 1519 1544 faire
1531 1518 1582 1552 que
1594 1517 1648 1544 200
1657 1516 1725 1552 expi.
1737 1527 1797 1544 avec
1808 1516 1855 1544 des
1866 1516 1964 1552 photos
1975 1517 2126 1553 originales,
2139 1516 2266 1544 coloriées

272 1563 286 1589 à
298 1561 322 1588 la
334 1563 406 1588 main
418 1578 433 1580 -
446 1570 472 1589 et
483 1561 553 1589 voilà
565 1570 633 1589 tout.
646 1563 688 1589 Ne
700 1562 740 1589 lui
753 1561 821 1589 dites
834 1572 879 1597 pas
892 1571 943 1597 que
952 1563 979 1598 je
991 1572 1059 1589 vous
1071 1563 1095 1589 ai
1107 1564 1224 1597 prévenu
1239 1563 1243 1588 !
1256 1563 1327 1589 Mais
1340 1562 1404 1589 c’est
1416 1572 1455 1589 un
1468 1561 1520 1589 sale
1533 1572 1609 1597 coup.
1623 1562 1738 1598 N’ayant
1750 1562 1811 1597 plus
1824 1562 1849 1588 le
1862 1572 1920 1593 sou,
1934 1561 1954 1588 il
1966 1570 2063 1589 tourne
2075 1572 2179 1589 comme
2191 1561 2216 1589 le
2229 1570 2267 1589 rat

273 1606 338 1634 dans
350 1607 374 1633 la
386 1617 445 1643 cage
457 1619 491 1633 »...
505 1607 526 1633 Il
539 1617 565 1634 se
578 1607 662 1642 plaint
674 1617 767 1634 encore
780 1606 817 1634 du
829 1607 955 1643 chantage
967 1609 1056 1634 exercé
1067 1617 1113 1642 par
1124 1607 1148 1633 la
1160 1608 1230 1634 mère
1243 1607 1275 1634 de
1288 1617 1315 1634 sa
1326 1606 1379 1634 fille
1392 1607 1534 1634 Doriane...

1127 1675 1313 1711 Reproduction
1322 1684 1388 1711 page
1398 1676 1415 1702 2

181 1991 224 2021 10.
273 1991 396 2021 Gaston
418 1991 630 2026 CHAISSAC
649 1992 848 2026 (1910-1964).
868 1991 967 2021 L.A.S.
987 2000 1054 2021 avec
1073 2000 1178 2026 dessin,

274 2042 343 2076 [Vix
361 2050 502 2071 automne
523 2041 600 2071 1960
619 2042 653 2076 ?],
674 2043 688 2071 à
707 2041 759 2071 des
778 2055 789 2068 «
809 2041 903 2071 Chers
922 2042 995 2071 amis
1014 2055 1025 2068 »
1046 2053 1052 2076 ;
1074 2042 1088 2070 1
1110 2052 1180 2081 page

272 2092 337 2120 in-4
354 2103 391 2121 au
408 2091 486 2131 stylo
502 2103 601 2131 rouge,
619 2091 720 2121 dessin
736 2103 773 2121 au
789 2103 873 2121 verso
891 2103 941 2121 sur
956 2100 1040 2121 toute
1057 2091 1084 2121 la
1100 2102 1178 2131 page.

1047 2142 1180 2171 500/700

296 2200 317 2227 Il
333 2202 457 2227 remercie
474 2211 515 2228 ses
531 2202 597 2228 amis
613 2200 646 2228 de
662 2200 721 2227 leur
737 2213 746 2225 «
762 2202 897 2236 précieuse
914 2202 1097 2227 intervention
1112 2211 1181 2236 pour

273 2256 315 2272 me
332 2245 446 2273 délester
462 2245 494 2273 de
511 2256 539 2273 ce
555 2256 615 2282 gros
632 2247 723 2272 ennui.
739 2247 808 2273 Tout
825 2246 881 2273 s’en
896 2246 974 2277 mêle,
991 2245 1180 2281 l’atmosphère

273 2301 406 2327 orageuse,
425 2290 450 2318 le
469 2290 558 2317 climat
577 2292 709 2317 maritime
728 2303 762 2317 »...
782 2291 830 2318 Iris
849 2291 932 2318 Clert
951 2303 960 2315 «
979 2291 1041 2318 s’est
1060 2292 1180 2318 montrée

273 2337 436 2363 entousiaste
447 2335 480 2363 de
491 2346 548 2363 mes
559 2335 734 2363 nombreuses
746 2337 875 2363 créations
886 2335 919 2363 de
931 2335 1080 2371 septembre
1091 2335 1180 2363 datées

273 2380 305 2408 de
317 2382 371 2407 Vix
383 2389 409 2407 et
421 2380 472 2407 elle
485 2391 498 2407 a
511 2380 611 2408 semblé
624 2380 819 2417 agréablement
832 2382 949 2416 surprise
962 2380 994 2408 de
1006 2380 1180 2408 l’abondance

273 2434 299 2453 et
317 2426 341 2452 la
360 2425 458 2461 qualité
478 2425 510 2453 de
530 2436 595 2452 mon
614 2436 705 2453 œuvre
724 2427 821 2461 peinte.
839 2426 887 2457 J’ai
906 2436 940 2452 en
959 2436 987 2452 ce
1006 2434 1128 2453 moment
1147 2436 1181 2452 en

273 2470 391 2498 chantier
406 2481 459 2497 une
475 2470 573 2507 grande
588 2472 718 2506 peinture.
735 2471 823 2507 Ayant
838 2472 879 2498 été
895 2470 1023 2506 remplacé
1038 2472 1131 2506 auprès
1147 2470 1180 2498 de

273 2526 315 2542 ma
327 2515 480 2543 belle-mère
490 2516 535 2552 j’ai
547 2526 584 2551 pu
596 2515 705 2551 peindre
718 2526 752 2542 en
764 2517 946 2551 conséquence
959 2517 1024 2543 mais
1036 2515 1056 2542 il
1068 2526 1110 2542 me
1122 2515 1180 2542 faut

273 2571 315 2588 me
325 2562 452 2596 réocuper
461 2560 550 2592 d’elle,
561 2571 594 2587 au
604 2560 750 2588 détriment
759 2560 792 2588 de
802 2571 867 2587 mon
876 2569 916 2588 art
926 2573 960 2587 »...
972 2561 1056 2592 [C’est
1066 2571 1100 2588 en
1111 2561 1180 2588 1960

273 2615 324 2641 que
338 2605 462 2633 Chaissac
475 2605 558 2641 prend
572 2614 676 2633 contact
689 2616 749 2633 avec
762 2607 809 2633 Iris
824 2605 907 2637 Clert,
922 2607 967 2641 qui
980 2605 1020 2633 lui
1033 2607 1181 2642 organisera

273 2661 307 2677 en
324 2650 431 2678 octobre
451 2651 515 2677 1961
537 2661 563 2678 sa
580 2652 708 2686 première
725 2650 824 2687 grande
842 2652 993 2686 exposition
1010 2650 1180 2686 personnelle

273 2695 338 2723 dans
350 2706 376 2723 sa
386 2695 483 2732 galerie
494 2695 531 2723 du
543 2695 681 2732 Faubourg
693 2696 896 2727 Saint-Honoré,
909 2695 1034 2722 intitulée
1046 2697 1080 2723 Le
1092 2696 1183 2723 monde

268 2740 398 2777 fabuleux
408 2740 440 2768 de
452 2741 549 2768 Gaston
562 2740 687 2768 Chaissac
687 2742 702 2772 .]

296 2786 340 2812 Au
364 2785 412 2813 dos
435 2785 468 2813 de
491 2785 515 2812 la
537 2785 622 2817 lettre,
646 2785 729 2822 grand
752 2794 839 2813 dessin
861 2796 894 2812 au
918 2785 987 2822 stylo
1010 2796 1090 2822 rouge
1114 2785 1181 2813 d’un

272 2831 553 2867 personnage-animal.

2366 3070 2381 3099 5

2406 211 2423 250 rts
2396 256 2422 391 Beaux-A
