2480 3188
308 1421 370 1447 n’en
383 1428 445 1447 sont
457 1430 502 1456 pas
516 1420 552 1447 du
565 1428 626 1447 tout
639 1422 733 1447 crevés.
748 1421 787 1447 Ce
799 1420 914 1456 point-là
926 1420 989 1448 bien
1002 1420 1082 1448 établi
1096 1428 1122 1447 et
1134 1422 1148 1447 à
1161 1420 1234 1447 seule
1247 1420 1283 1447 fin
1296 1420 1329 1447 de
1342 1431 1375 1447 ne
1388 1431 1433 1456 pas
1447 1431 1489 1447 me
1502 1420 1593 1447 laisser
1606 1421 1686 1447 croire
1699 1430 1751 1456 que
1763 1428 1794 1447 tu
1807 1431 1834 1447 es
1848 1420 2022 1447 malheureux
2034 1431 2138 1447 comme
2151 1431 2205 1447 une
2217 1421 2302 1456 pierre

308 1466 343 1497 (te
356 1465 530 1501 rappelles-tu
544 1466 643 1501 qu’une
656 1465 772 1493 baderne
786 1473 811 1492 et
824 1473 872 1492 ton
885 1467 954 1501 père,
969 1476 997 1499 ça
1010 1464 1058 1492 fait
1071 1465 1142 1492 deux
1155 1466 1176 1497 ?)
1186 1466 1213 1502 je
1227 1466 1283 1492 suis
1296 1467 1348 1492 très
1362 1465 1482 1492 heureux
1495 1465 1528 1492 de
1541 1473 1567 1492 te
1581 1465 1636 1492 dire
1649 1475 1700 1501 que
1714 1473 1744 1492 tu
1758 1466 1865 1492 sortiras
1879 1465 2019 1492 dimanche
2033 1477 2067 1492 »...
2082 1466 2097 1492 -
2113 1466 2140 1492 11
2157 1465 2301 1501 septembre.

308 1523 317 1535 «
331 1511 469 1537 Continue
481 1526 496 1529 -
509 1521 538 1537 ce
550 1511 618 1537 n’est
630 1519 675 1546 pas
687 1519 755 1546 pour
767 1511 817 1537 moi
827 1520 878 1546 que
890 1518 921 1537 tu
933 1510 1073 1542 travailles,
1086 1521 1120 1537 ne
1133 1510 1158 1537 le
1171 1518 1276 1537 sens-tu
1288 1520 1333 1546 pas
1346 1511 1358 1536 ?
1371 1526 1386 1529 -
1399 1511 1437 1537 Ce
1450 1512 1504 1537 soir
1517 1511 1530 1537 l
1534 1515 1558 1524 ere
1570 1510 1603 1537 de
1617 1510 1759 1546 Lobengrin
1772 1521 1777 1542 ;
1788 1511 1833 1546 j’ai
1846 1510 1986 1537 tellement
1998 1510 2112 1547 échangé
2125 1510 2158 1537 de
2171 1510 2302 1546 dépêches

308 1556 368 1582 avec
379 1556 548 1590 Lamoureux
560 1565 611 1590 que
619 1556 646 1591 je
657 1556 702 1592 n’y
712 1557 735 1582 ai
747 1555 808 1591 plus
819 1556 877 1582 rien
888 1556 1003 1591 compris
1015 1556 1057 1587 [...]
1069 1563 1095 1582 et
1103 1556 1149 1592 j’ai
1160 1557 1213 1582 raté
1224 1566 1260 1589 ça,
1273 1566 1301 1582 ce
1312 1556 1358 1591 qui
1369 1566 1412 1582 me
1423 1556 1552 1582 contrarie
1564 1555 1702 1591 beaucoup
1713 1565 1782 1591 pour
1792 1556 1957 1582 Lamoureux
1968 1563 1994 1582 et
2005 1566 2073 1591 pour
2083 1556 2146 1582 moi.
2160 1556 2201 1587 [...]
2211 1556 2240 1586 Je
2251 1556 2302 1582 n’ai

308 1610 353 1636 pas
366 1600 461 1628 besoin
474 1600 507 1627 de
519 1608 545 1627 te
559 1600 614 1627 dire
627 1610 678 1636 que
691 1611 719 1634 ça
731 1611 774 1627 me
787 1599 835 1627 fait
848 1600 881 1627 de
894 1600 918 1627 la
930 1602 1009 1636 peine
1022 1600 1055 1627 de
1067 1601 1125 1627 voir
1138 1610 1189 1636 que
1202 1609 1232 1627 tu
1245 1611 1273 1627 es
1286 1602 1357 1627 aussi
1369 1600 1451 1628 faible
1464 1611 1498 1627 en
1510 1600 1643 1627 allemand
1657 1611 1662 1632 ;
1677 1617 1691 1619 -
1705 1611 1733 1634 ça
1745 1608 1771 1627 te
1784 1601 1882 1627 servira
1897 1601 1947 1627 100
1960 1600 2012 1627 fois
2025 1600 2086 1636 plus
2100 1610 2151 1636 que
2164 1600 2202 1627 les
2215 1608 2302 1627 autres

308 1644 422 1676 affaires,
436 1645 501 1672 dans
514 1645 538 1672 la
550 1646 593 1672 vie
606 1661 638 1664 —
650 1646 715 1672 c’est
727 1645 796 1672 donc
809 1645 877 1672 idiot
890 1657 924 1671 »...
939 1646 954 1677 -
967 1646 1040 1677 [Vers
1054 1645 1076 1672 le
1088 1646 1105 1672 8
1118 1645 1263 1677 décembre],
1278 1657 1287 1670 «
1297 1646 1326 1677 Je
1340 1646 1395 1672 suis
1408 1645 1536 1677 heureux,
1550 1647 1602 1672 très
1615 1645 1743 1677 heureux,
1758 1646 1793 1677 (ta
1805 1647 1876 1672 mère
1888 1646 1968 1676 aussi)
1982 1646 2062 1681 qu’on
2074 1653 2100 1672 te
2112 1653 2206 1672 trouve
2219 1645 2282 1673 bien
2296 1656 2301 1677 ;

308 1707 323 1709 -
333 1691 379 1727 j’ai
391 1701 463 1717 assez
476 1690 602 1722 fulminé,
617 1690 682 1717 dans
695 1701 737 1717 ma
750 1691 867 1722 carrière,
881 1700 949 1726 pour
962 1690 1091 1717 atteindre
1104 1701 1133 1717 ce
1145 1690 1203 1722 but,
1217 1691 1282 1717 c’est
1294 1690 1352 1727 déjà
1365 1700 1399 1726 qq
1412 1690 1500 1722 chose,
1514 1698 1540 1717 et
1550 1691 1577 1727 je
1590 1690 1744 1718 t’embrasse
1757 1690 1954 1717 cordialement.
1969 1691 2011 1722 [...]
2026 1691 2100 1717 C’est
2112 1692 2245 1726 peut-être
2258 1700 2303 1726 par

308 1735 332 1762 la
344 1735 463 1762 douceur
474 1743 500 1762 et
512 1735 550 1762 les
563 1735 675 1771 qualités
687 1745 738 1771 que
747 1735 911 1772 j’appellerai
923 1735 956 1762 de
969 1735 1142 1762 demi-teintes
1152 1735 1199 1766 (les
1211 1735 1363 1762 meilleures
1376 1743 1490 1762 souvent
1502 1745 1571 1771 pour
1583 1746 1610 1762 se
1621 1736 1684 1762 tirer
1695 1734 1816 1762 d’affaire
1828 1743 1854 1762 et
1866 1736 1953 1762 même
1965 1745 2034 1771 pour
2045 1737 2099 1762 être
2111 1736 2238 1771 apprécié)
2251 1745 2302 1771 que

308 1788 338 1807 tu
352 1781 477 1807 réussiras
493 1791 498 1812 ;
513 1782 578 1807 mais
592 1780 617 1807 le
631 1780 750 1816 diplôme
764 1791 797 1807 au
811 1780 893 1816 grand
907 1780 1023 1816 complet
1036 1788 1076 1807 est
1090 1781 1234 1807 nécessaire
1248 1781 1327 1812 aussi,
1343 1788 1369 1807 et
1382 1791 1416 1807 ne
1430 1780 1503 1807 lâche
1517 1791 1562 1816 pas
1577 1781 1717 1807 Descartes
1731 1788 1757 1807 et
1770 1780 1959 1808 Malebranche
1975 1781 1979 1806 !
1995 1781 2047 1807 Ces
2062 1781 2077 1807 2
2091 1780 2195 1807 vieilles
2209 1780 2302 1808 barbes

307 1825 419 1852 veillent
432 1836 477 1852 sur
488 1827 526 1852 toi
540 1826 544 1851 !
558 1837 592 1852 »...
606 1826 621 1857 -
633 1825 784 1857 [Décembre
797 1826 823 1857 ?].
837 1838 847 1850 «
859 1826 901 1852 Ne
913 1825 1056 1852 m’attends
1069 1835 1114 1861 pas
1126 1836 1155 1852 ce
1167 1826 1281 1857 mois-ci,
1294 1826 1363 1852 Paris
1376 1833 1416 1852 est
1428 1825 1551 1853 imbécile
1563 1833 1589 1852 et
1601 1825 1674 1861 plein
1686 1825 1719 1852 de
1731 1825 1810 1857 boue,
1824 1836 1860 1852 on
1872 1826 1917 1862 n’y
1928 1835 2010 1861 pense
2023 1826 2082 1861 qu’à
2093 1836 2206 1862 manger,
2220 1836 2248 1859 ça
2259 1836 2302 1852 me

308 1870 424 1907 dégoûte
436 1882 471 1897 »...
485 1871 500 1897 -
512 1871 548 1897 20
560 1870 696 1897 décembre.
710 1870 979 1897 Recommandations
992 1880 1060 1906 pour
1071 1870 1096 1897 le
1108 1881 1205 1907 voyage
1219 1881 1223 1896 :
1237 1882 1246 1895 «
1255 1871 1284 1901 Je
1296 1881 1330 1897 ne
1341 1881 1411 1897 veux
1423 1880 1467 1906 pas
1480 1880 1531 1906 que
1543 1878 1573 1897 tu
1585 1881 1696 1907 voyages
1709 1870 1733 1897 la
1744 1872 1812 1897 nuit.
1826 1871 1939 1897 Comme
1951 1878 1981 1897 tu
1994 1871 2049 1897 n’es
2061 1881 2106 1906 pas
2118 1872 2170 1897 très
2183 1878 2301 1902 couvert,

308 1923 338 1942 tu
352 1915 477 1951 prendras
492 1915 538 1942 des
554 1915 690 1947 secondes,
706 1916 770 1942 c’est
784 1916 872 1942 moins
887 1915 949 1942 cher
963 1916 1062 1951 qu’une
1076 1915 1178 1942 fluxion
1193 1915 1225 1942 de
1240 1916 1356 1951 poitrine
1371 1923 1397 1942 et
1411 1926 1504 1942 encore
1519 1917 1607 1942 moins
1622 1915 1771 1951 dangereux
1785 1927 1821 1942 »...
1836 1916 1851 1942 -
1866 1916 1896 1942 21
1914 1915 2051 1942 décembre.
2067 1927 2076 1940 «
2090 1916 2130 1941 M.
2146 1915 2263 1942 Bideaux
2276 1923 2302 1942 te

308 1968 431 1987 remettra
442 1961 483 1992 (...)
495 1960 533 1987 les
543 1960 647 1996 patards
657 1961 815 1987 nécessaires
826 1970 894 1996 pour
903 1962 979 1987 venir
988 1960 1134 1988 embrasser
1144 1968 1170 1987 ta
1179 1959 1281 1987 famille
1291 1968 1317 1987 et
1327 1961 1383 1987 t’en
1392 1968 1531 1987 retourner
1541 1960 1687 1988 embrasser
1696 1961 1845 1992 Descartes,
1856 1971 1895 1987 un
1904 1960 1987 1987 vilain
1996 1960 2097 1996 bougre
2108 1972 2143 1986 »...
2155 1960 2302 1987 Nouvelles

308 2005 565 2032 recommandations
578 2015 646 2041 pour
657 2005 682 2032 le
693 2016 791 2042 voyage
804 2016 838 2032 en
849 2007 941 2032 train...

333 2051 368 2077 La
376 2050 530 2077 Membrolle
536 2050 626 2082 [début
626 2050 734 2086 janvier
741 2050 817 2077 1892
826 2051 852 2082 ?].
862 2063 871 2075 «
880 2051 921 2077 Ne
929 2058 955 2077 te
963 2052 1109 2086 préoccupe
1118 2060 1163 2086 pas
1171 2050 1204 2077 de
1212 2058 1260 2077 ton
1268 2050 1411 2086 parapluie,
1417 2051 1444 2087 je
1452 2050 1496 2077 l’ai
1504 2052 1623 2086 emporté
1631 2060 1677 2086 par
1684 2050 1813 2087 mégarde.
1823 2051 1900 2077 Nous
1909 2052 2005 2081 étions,
2014 2050 2301 2082 vraisemblablement,

309 2096 330 2122 si
343 2095 462 2123 troublés
475 2094 534 2122 l’un
547 2103 572 2122 et
585 2095 687 2127 l’autre,
701 2106 735 2122 en
747 2106 817 2122 nous
831 2097 958 2131 séparant,
973 2105 1024 2131 que
1037 2106 1106 2122 nous
1119 2106 1199 2122 avons
1213 2095 1296 2131 perdu
1309 2095 1333 2122 la
1345 2097 1407 2122 tête.
1418 2096 1447 2126 Je
1460 2096 1614 2131 m’aperçois
1627 2096 1785 2122 néanmoins
1798 2105 1849 2131 que
1859 2096 1905 2132 j’ai
1918 2097 2044 2122 conservé
2057 2095 2081 2122 la
2094 2096 2202 2122 mienne
2216 2096 2257 2127 (...)
2271 2096 2302 2122 Et

308 2141 481 2172 maintenant,
493 2148 613 2167 remonte
624 2140 688 2167 dans
699 2148 725 2167 ta
735 2140 857 2168 chambre
868 2148 894 2167 et
903 2142 1034 2176 présente,
1045 2140 1092 2167 dès
1103 2140 1217 2172 demain,
1229 2151 1285 2167 mes
1296 2140 1447 2167 meilleures
1459 2140 1616 2167 salutations
1626 2151 1677 2167 aux
1687 2141 1809 2167 nommés
1820 2141 2029 2172 Malebranche,
2041 2141 2192 2167 Descartes
2202 2148 2228 2167 et
2238 2150 2303 2176 papa

309 2186 409 2221 Saisset
419 2195 470 2221 que
478 2186 549 2222 j’eus
556 2185 625 2222 jadis
636 2195 705 2221 pour
715 2185 857 2222 indulgent
867 2186 1048 2212 examinateur
1058 2198 1092 2211 »...
1105 2186 1120 2217 -
1131 2186 1175 2217 [10
1185 2185 1267 2217 avril],
1280 2197 1289 2210 «
1300 2186 1377 2212 Nous
1388 2193 1414 2212 te
1425 2185 1596 2217 conseillons,
1609 2193 1635 2212 ta
1645 2187 1716 2212 mère
1727 2193 1752 2212 et
1763 2186 1826 2217 moi,
1839 2185 1872 2212 de
1882 2186 1963 2217 venir,
1976 2186 2017 2217 ici,
2029 2195 2118 2221 passer
2128 2193 2167 2212 tes
2178 2196 2302 2212 vacances

308 2230 341 2257 de
353 2230 453 2266 Pâques
466 2238 491 2257 et
504 2230 549 2267 d’y
561 2238 642 2257 rester
650 2231 756 2267 jusqu’à
768 2238 816 2257 ton
828 2230 920 2266 départ
933 2242 942 2255 »
956 2241 961 2262 ;
975 2230 1088 2266 longues
1100 2230 1358 2257 recommandations
1370 2240 1439 2266 pour
1451 2230 1475 2257 le
1487 2241 1585 2266 voyage
1597 2241 1631 2257 en
1643 2232 1711 2257 train
1720 2231 1826 2267 jusqu’à
1836 2231 1944 2257 Tours...
1958 2231 2015 2257 -11
2031 2230 2104 2257 avril.
2118 2242 2127 2255 «
2139 2231 2214 2257 Voici
2226 2232 2302 2266 vingt

308 2275 403 2302 francs.
419 2276 461 2307 (...)
475 2276 529 2302 Fais
543 2276 675 2302 attention
688 2277 701 2302 à
714 2283 781 2302 tout.
793 2276 841 2306 J’ai
854 2285 920 2311 peur
933 2285 984 2311 que
997 2283 1027 2302 tu
1040 2276 1121 2302 n’aies
1134 2275 1272 2311 beaucoup
1286 2275 1442 2302 d’excédent
1455 2275 1557 2311 d’après
1570 2286 1598 2302 ce
1612 2285 1663 2311 que
1676 2286 1719 2302 me
1732 2275 1772 2302 dit
1784 2283 1811 2302 ta
1823 2277 1894 2302 mère
1907 2287 1942 2302 »...
1956 2276 1971 2307 -
1984 2276 2072 2307 [Paris,
2088 2275 2157 2302 avril
2169 2276 2195 2307 ?].
2210 2288 2219 2300 «
2233 2276 2303 2302 Mon

308 2322 375 2356 petit
387 2320 495 2352 Marcel,
509 2321 594 2347 Viens
607 2331 649 2347 me
662 2320 774 2356 prendre
786 2322 800 2347 à
812 2320 836 2347 la
848 2321 951 2347 maison
964 2320 1070 2347 demain
1082 2322 1096 2347 à
1108 2321 1124 2347 6
1137 2320 1163 2346 h.
1177 2321 1254 2347 Nous
1267 2320 1366 2347 dînons
1378 2328 1440 2347 tous
1453 2320 1491 2347 les
1504 2320 1600 2347 deux...
1614 2320 1678 2347 chez
1690 2321 1767 2347 Mme
1779 2320 1864 2347 Alice.
1878 2321 1930 2347 Ces
1943 2320 2063 2347 chaleurs
2076 2320 2252 2347 neutralisent
2264 2331 2303 2347 un

308 2375 360 2401 peu
371 2364 459 2392 l’effet
470 2365 517 2392 des
528 2365 655 2392 douches.
664 2366 693 2397 Je
704 2376 738 2392 ne
748 2367 803 2392 vais
815 2375 859 2401 pas
871 2376 975 2392 comme
982 2366 1009 2402 je
1020 2365 1045 2392 le
1055 2365 1180 2392 voudrais
1193 2376 1197 2397 ;
1210 2375 1261 2401 que
1272 2373 1332 2392 tout
1343 2376 1371 2399 ça
1382 2373 1422 2392 est
1432 2365 1489 2392 lent
1501 2366 1506 2391 !
1519 2377 1552 2391 »...
1566 2366 1580 2392 -
1592 2366 1628 2392 La
1639 2365 1792 2392 Membrolle
1801 2366 1838 2392 20
1849 2366 1907 2392 mai.
1920 2377 1929 2390 «
1940 2366 1996 2392 Ton
2006 2367 2067 2401 père
2078 2376 2112 2392 ne
2122 2376 2154 2392 va
2165 2376 2209 2401 pas
2221 2365 2284 2393 bien
2296 2376 2301 2397 ;

308 2421 336 2437 ce
347 2412 500 2437 traitement
510 2410 649 2438 m’abrutit
660 2421 692 2437 au
703 2410 758 2437 lieu
769 2410 802 2437 de
813 2421 856 2437 me
867 2410 964 2437 calmer
974 2418 1000 2437 et
1010 2410 1043 2437 de
1054 2421 1097 2437 me
1108 2410 1249 2442 rafraîchir,
1262 2410 1281 2436 il
1292 2421 1334 2437 me
1345 2409 1403 2437 faut
1414 2421 1468 2437 une
1478 2410 1640 2437 médication
1651 2410 1712 2446 plus
1723 2412 1873 2446 énergique.
1887 2411 1929 2442 (...)
1938 2411 1986 2442 J’ai
1997 2410 2021 2437 la
2031 2412 2085 2437 tête
2096 2412 2148 2437 très
2159 2410 2301 2446 fatiguée...

307 2455 434 2482 Travaille
446 2455 517 2487 bien,
531 2466 595 2482 mon
607 2465 705 2491 pauvre
717 2455 790 2482 chéri
803 2466 808 2487 ;
822 2465 904 2491 pense
916 2457 929 2482 à
941 2463 989 2482 ton
1000 2457 1069 2491 père,
1083 2457 1129 2491 qui
1141 2463 1205 2482 veut
1217 2466 1311 2482 encore
1323 2455 1386 2483 bien
1398 2455 1529 2482 travailler
1540 2457 1599 2491 près
1612 2455 1644 2482 de
1656 2466 1723 2482 vous
1736 2463 1797 2482 tous
1810 2463 1836 2482 et
1848 2466 1915 2482 vous
1927 2456 1999 2482 avoir
2010 2455 2162 2491 longtemps
2174 2457 2188 2482 à
2199 2457 2257 2482 côté
2269 2455 2302 2482 de

308 2500 354 2527 lui.
368 2501 394 2527 Si
405 2500 546 2527 dimanche
557 2509 587 2527 tu
598 2511 624 2527 as
636 2511 674 2527 un
685 2508 806 2527 moment
817 2500 882 2527 dans
893 2500 918 2527 la
928 2501 1051 2532 matinée,
1063 2511 1095 2527 va
1105 2511 1163 2527 vers
1174 2500 1198 2527 la
1209 2501 1314 2527 Nanine
1326 2508 1352 2527 et
1362 2499 1464 2527 fais-lui
1475 2511 1529 2527 une
1540 2502 1622 2536 petite
1633 2502 1717 2536 prière
1728 2510 1797 2536 pour
1807 2508 1855 2527 ton
1865 2502 1926 2536 père
1939 2511 1944 2532 ;
1956 2500 2007 2527 elle
2018 2500 2147 2527 entendra
2157 2511 2192 2534 ça,
2204 2508 2303 2527 venant

308 2545 341 2572 de
355 2547 401 2577 toi,
417 2545 513 2581 qu’elle
527 2546 616 2572 aimait
629 2553 687 2572 tant
701 2557 736 2571 »...
752 2546 811 2572 Suit
824 2556 878 2572 une
892 2545 968 2572 lettre
982 2545 1015 2572 de
1029 2546 1105 2572 Mme
1120 2545 1255 2577 Chabrier,
1271 2556 1316 2572 sur
1329 2545 1354 2572 le
1368 2546 1520 2572 traitement
1534 2553 1560 2572 et
1573 2545 1597 2572 la
1611 2547 1684 2572 santé
1698 2545 1731 2572 de
1746 2556 1795 2572 son
1808 2546 1898 2572 mari...
1914 2546 1929 2577 -
1943 2546 2015 2577 [Mai
2028 2556 2059 2572 ou
2068 2545 2144 2581 juin],
2160 2557 2169 2570 «
2183 2546 2302 2572 Veux-tu

309 2592 388 2617 sortir
400 2590 464 2617 chez
477 2590 568 2617 Enoch
581 2590 721 2617 dimanche
734 2591 747 2616 ?
756 2591 783 2627 je
796 2590 965 2617 demanderai
977 2591 1114 2617 vivement
1126 2592 1140 2617 à
1152 2598 1192 2617 cet
1205 2592 1257 2617 ami
1270 2590 1303 2617 de
1315 2598 1341 2617 te
1354 2590 1482 2617 conduire
1495 2592 1508 2617 à
1520 2590 1594 2626 l’Op.
1609 2591 1741 2626 Comique
1755 2591 1797 2622 (...)
1811 2590 1832 2616 Il
1844 2590 1959 2617 faudrait
1972 2590 2042 2617 donc
2054 2600 2105 2626 que
2118 2590 2148 2617 tu
2163 2590 2305 2626 bouffasses

308 2635 372 2662 chez
384 2635 432 2667 lui,
446 2637 459 2662 à
471 2637 559 2662 moins
572 2635 617 2671 d’y
629 2635 806 2672 déjeunasser,
819 2643 845 2662 et
858 2635 950 2662 d’aller
962 2635 1039 2662 dîner
1050 2635 1115 2662 chez
1127 2635 1165 2662 les
1178 2635 1285 2662 Brussel
1297 2637 1370 2671 après
1383 2635 1407 2662 la
1419 2636 1501 2671 petite
1513 2634 1576 2662 fête.
1592 2636 1633 2667 (...)
1646 2635 1772 2662 Travaille
1784 2634 1877 2667 ferme,
1891 2645 1988 2671 pauvre
2001 2635 2109 2672 bougre,
2123 2643 2153 2662 tu
2167 2646 2227 2662 sens
2240 2635 2303 2663 bien

308 2690 359 2716 que
371 2691 399 2714 ça
410 2691 442 2707 va
453 2680 558 2708 bientôt
569 2680 629 2707 finir
640 2688 701 2707 tout
713 2691 740 2714 ça
752 2692 786 2707 »...
800 2681 815 2707 -
828 2681 844 2707 4
851 2680 912 2716 juin
925 2691 929 2706 :
943 2692 952 2705 «
964 2688 994 2707 tu
1006 2691 1033 2707 as
1045 2682 1132 2707 raison
1144 2680 1177 2707 de
1189 2680 1308 2707 réfléchir
1319 2681 1394 2712 ainsi,
1407 2688 1437 2707 tu
1450 2690 1563 2716 prouves
1576 2690 1627 2716 que
1639 2688 1669 2707 tu
1681 2680 1791 2707 deviens
1803 2691 1842 2707 un
1853 2691 1948 2716 garçon
1961 2681 2065 2707 sérieux
2077 2688 2103 2707 et
2115 2690 2166 2716 que
2178 2688 2208 2707 tu
2220 2691 2264 2707 vas
2276 2688 2302 2707 te

308 2725 412 2752 donner
424 2733 484 2752 tout
497 2726 582 2752 entier
594 2727 607 2752 à
619 2733 667 2752 ton
679 2736 797 2752 examen.
812 2726 854 2757 (...)
868 2725 888 2751 Il
901 2725 993 2752 faudra
1006 2735 1057 2761 que
1066 2725 1149 2762 j’aille
1162 2727 1175 2752 à
1187 2725 1256 2752 Paris
1269 2727 1282 2752 à
1294 2725 1318 2752 la
1330 2724 1366 2752 fin
1379 2725 1416 2752 du
1428 2727 1497 2752 mois
1510 2733 1620 2752 courant
1632 2736 1701 2761 pour
1712 2733 1760 2752 ton
1772 2725 1875 2753 bachot.
1890 2726 1932 2757 (...)
1945 2725 2071 2752 Travaille
2084 2725 2301 2761 d’arrache-pied,

308 2781 342 2797 ne
352 2770 430 2806 perds
441 2780 486 2806 pas
497 2781 551 2797 une
562 2771 675 2802 minute,
684 2771 711 2807 je
722 2772 779 2797 vois
791 2780 842 2806 que
853 2778 883 2797 tu
894 2771 964 2797 tiens
975 2772 989 2797 à
999 2781 1033 2797 en
1043 2770 1103 2796 finir
1115 2781 1120 2802 ;
1133 2772 1155 2797 si
1166 2779 1196 2797 tu
1207 2771 1318 2806 pouvais
1329 2772 1383 2797 être
1394 2770 1476 2798 libéré
1487 2781 1519 2797 au
1531 2771 1599 2797 mois
1611 2770 1643 2797 de
1651 2770 1750 2806 juillet,
1763 2770 1851 2806 quelle
1859 2771 1914 2807 joie
1926 2771 1931 2797 !
1943 2778 1969 2797 et
1980 2770 2068 2806 quelle
2080 2771 2132 2797 scie
2143 2770 2269 2797 nouvelle
2281 2772 2302 2797 si

308 2823 338 2842 tu
350 2816 427 2842 ratais
441 2816 445 2841 !
459 2827 493 2841 »...
507 2831 521 2834 -
535 2816 612 2847 (Paris
625 2816 641 2842 9
650 2815 758 2852 juillet).
772 2827 781 2840 «
793 2815 878 2842 Tâche
891 2815 924 2842 de
936 2816 1021 2842 savoir
1033 2816 1054 2842 si
1066 2816 1131 2842 c’est
1142 2815 1167 2842 le
1180 2816 1233 2842 soir
1244 2817 1331 2842 même
1343 2815 1380 2842 du
1395 2816 1426 2842 13
1439 2825 1490 2851 que
1502 2823 1532 2842 tu
1545 2815 1604 2842 dois
1616 2816 1670 2842 être
1682 2815 1730 2842 fixé
1743 2826 1788 2842 sur
1800 2823 1848 2842 ton
1860 2823 1923 2847 sort,
1937 2826 1973 2842 ou
1985 2815 2027 2842 s’il
2039 2815 2154 2842 s’écoule
2166 2826 2204 2842 un
2216 2823 2302 2851 temps

308 2860 492 2887 relativement
504 2860 568 2896 long
580 2861 622 2892 (...)
632 2861 659 2897 je
671 2870 753 2896 pense
765 2870 824 2896 que,
838 2868 967 2896 narguant
979 2871 1021 2887 ces
1033 2860 1147 2887 torrides
1160 2860 1259 2892 soleils,
1273 2868 1303 2887 tu
1315 2860 1537 2896 philosophailles
1549 2862 1562 2887 à
1574 2868 1699 2887 outrance
1713 2861 1717 2886 !
1731 2872 1765 2886 »...

334 2905 575 2941 Correspondance(
577 2906 611 2932 88
614 2922 623 2924 -
626 2906 661 2932 90
665 2906 669 2937 ,
682 2906 717 2932 90
720 2922 729 2924 -
732 2906 767 2932 70
770 2906 775 2937 ,
788 2906 823 2932 90
825 2922 834 2924 -
837 2906 870 2932 85
876 2906 881 2937 ,
893 2906 924 2932 91
929 2922 938 2924 -
942 2906 975 2932 54
979 2906 984 2937 ,
996 2906 1027 2932 91
1032 2922 1042 2924 -
1045 2906 1080 2932 77
1080 2906 1085 2937 ,
1097 2906 1128 2932 91
1133 2922 1142 2924 -
1146 2906 1180 2932 79
1184 2906 1188 2937 ,
1201 2906 1232 2932 91
1237 2922 1246 2924 -
1249 2906 1284 2932 80
1287 2906 1292 2937 ,
1305 2906 1335 2932 91
1341 2922 1350 2924 -
1355 2906 1405 2932 107
1405 2906 1409 2937 ,
1422 2906 1453 2932 91
1458 2921 1467 2924 -
1472 2906 1520 2932 110
1523 2906 1528 2937 ,
1541 2906 1572 2932 91
1577 2921 1586 2924 -
1590 2906 1637 2932 115
1643 2906 1647 2937 ,
1660 2906 1690 2932 91
1696 2922 1705 2924 -
1710 2906 1757 2932 116
1761 2906 1766 2936 ,
1778 2906 1809 2932 91
1814 2922 1823 2924 -
1828 2906 1879 2932 120
1883 2906 1887 2937 ,
1900 2906 1935 2932 92
1937 2921 1947 2924 -
1949 2906 1984 2932 47
1983 2906 1988 2937 ,
2001 2906 2036 2932 92
2038 2921 2048 2924 -
2050 2906 2085 2932 48
2089 2906 2094 2937 ,
2106 2906 2141 2932 92
2144 2922 2153 2924 -
2157 2906 2190 2932 54
2194 2906 2199 2937 ,
2212 2906 2246 2932 92
2249 2921 2258 2924 -
2261 2906 2291 2932 61
2296 2927 2301 2936 ,

308 2951 343 2977 92
346 2966 355 2969 -
358 2951 393 2977 66
396 2951 401 2982 ,
415 2951 450 2977 92
453 2967 462 2969 -
465 2951 500 2977 70
503 2951 508 2982 ,
522 2951 557 2977 92
559 2967 569 2969 -
571 2951 607 2977 84
608 2951 624 2982 ).
638 2951 775 2977 Ancienne
787 2950 917 2977 collection
929 2950 1033 2977 Francis
1044 2950 1169 2977 Poulenc.

83 3064 126 3102 12
