2480 3188
308 222 334 241 et
345 213 469 241 détaillée
480 222 588 249 portant
600 224 645 241 sur
656 213 694 241 les
706 213 859 241 conditions
871 213 1027 249 techniques
1039 222 1065 240 et
1076 213 1229 241 financières
1241 214 1273 241 de
1285 214 1449 249 l’opération.
1463 227 1472 238 «
1481 215 1510 245 Je
1521 213 1598 241 ferais
1610 224 1670 240 avec
1681 213 1771 249 plaisir
1782 224 1821 241 un
1831 213 1989 249 frontispice
2000 224 2069 249 pour
2079 213 2104 240 le
2115 215 2183 249 petit
2193 213 2302 241 volume

308 259 341 286 de
354 261 463 295 poèmes
477 261 609 295 érotiques
624 259 656 286 de
671 260 787 296 Georges
801 260 923 286 Bataille
936 260 970 286 »...
986 259 1072 286 Lundi
1083 260 1246 295 [printemps].
1262 259 1282 286 Il
1296 270 1309 286 a
1322 270 1383 294 reçu
1396 259 1421 286 le
1435 261 1581 286 manuscrit
1594 267 1620 286 et
1633 259 1671 286 les
1685 259 1756 286 deux
1769 259 1895 295 planches
1909 259 1942 286 de
1955 259 2013 287 bois
2027 270 2096 295 pour
2109 259 2133 286 le
2146 259 2255 286 volume
2269 259 2302 286 de

308 306 438 337 Bataille,
452 313 478 332 et
489 305 600 332 réclame
613 305 659 332 des
672 306 817 341 précisions
830 316 875 332 sur
887 315 915 332 ce
928 306 973 341 qui
986 313 1026 332 est
1037 305 1146 332 voulu...
1161 305 1190 332 31
1207 306 1266 332 mai.
1279 305 1457 341 Explications
1471 315 1516 332 sur
1528 316 1578 332 son
1589 313 1780 332 renoncement
1792 307 1806 332 à
1817 305 1935 332 illustrer
1948 306 1983 332 La
1997 305 2108 332 Sorcière
2119 313 2144 332 et
2156 305 2181 332 le
2194 305 2302 332 Bataille

308 361 376 386 pour
387 350 425 378 les
437 350 559 378 Editions
571 350 617 378 des
630 351 731 383 Quatre
742 352 835 382 Vents,
848 359 874 378 et
885 350 1052 378 confidences
1065 361 1110 378 sur
1120 350 1145 378 le
1157 363 1167 375 «
1179 350 1284 378 combat
1295 350 1384 378 brutal
1396 363 1405 375 »
1417 361 1477 378 avec
1489 361 1515 378 sa
1526 350 1625 378 femme
1637 361 1706 386 pour
1716 350 1788 378 leurs
1800 350 1871 378 deux
1881 352 1977 386 petites
1989 350 2056 378 filles
2070 361 2074 377 :
2087 363 2096 375 «
2105 352 2135 382 Je
2145 352 2186 378 vis
2198 361 2302 378 comme

308 407 346 423 un
359 404 493 423 automate
506 396 563 423 loin
577 396 609 423 de
623 407 651 423 ce
665 398 710 432 qui
724 404 764 423 est
779 397 872 423 “moi”.
887 398 934 423 Ma
946 398 997 428 vie,
1013 396 1110 423 devant
1123 396 1148 423 le
1161 396 1316 433 cataclysme
1330 398 1343 423 à
1356 398 1460 432 prévoir
1473 397 1550 428 (cette
1563 396 1644 423 vache
1657 396 1775 423 travaille
1788 407 1848 423 avec
1861 405 1923 423 tous
1937 396 1975 423 les
1989 404 2100 423 ressorts
2114 396 2147 424 de
2161 396 2301 428 l’infâmie,

308 442 341 469 de
355 442 379 469 la
392 443 514 474 traîtrise,
530 442 563 469 de
576 442 601 469 la
614 442 812 473 dénonciation,
828 442 860 469 de
874 442 899 469 la
912 442 1042 469 calomnie
1056 443 1114 472 etc.)
1128 443 1197 469 n’est
1211 442 1271 478 plus
1286 453 1339 469 une
1353 443 1396 469 vie
1410 454 1444 468 »...
1460 442 1480 468 Il
1495 452 1607 478 propose
1621 443 1779 469 néanmoins
1794 442 1840 469 des
1854 443 2014 478 compromis
2028 443 2097 478 pour
2111 443 2147 469 La
2163 442 2258 469 Touche
2269 442 2302 469 de

308 488 454 514 Bataille...
474 488 506 515 10
516 488 584 524 juin.
600 487 621 514 Il
637 487 707 523 parle
723 487 756 515 de
771 487 795 514 la
810 487 953 515 collection
969 500 978 512 «
994 488 1077 524 L’Age
1093 488 1150 515 d’or
1165 500 1183 519 »,
1200 496 1226 515 et
1241 487 1340 515 félicite
1356 488 1455 515 Parisot
1470 487 1517 515 des
1533 488 1630 515 Poésies
1646 487 1778 523 complètes
1792 487 1824 519 de
1837 489 1930 519 Jarry,
1946 489 2007 523 puis
2022 489 2127 515 résume
2143 488 2181 515 les
2197 487 2302 515 accords

308 535 415 560 trouvés
426 535 495 569 pour
507 535 543 560 La
555 534 689 560 Sorcière...
705 534 736 560 12
742 533 810 569 juin.
823 533 956 560 Nouvelle
968 535 1034 560 mise
1046 544 1079 560 au
1090 535 1167 569 point
1178 533 1211 560 de
1223 544 1264 560 ses
1275 533 1428 560 conditions
1440 535 1508 569 pour
1520 535 1556 560 La
1569 534 1686 565 Sorcière,
1699 535 1772 569 après
1783 541 1921 560 rencontre
1933 533 1966 560 de
1978 534 2080 560 Gaston
2092 533 2223 560 Bonheur.
2236 534 2302 565 «J’ai

308 581 470 606 récemment
484 578 601 606 effectué
615 590 669 606 une
683 587 761 606 vente
776 581 828 606 très
842 580 1003 615 importante
1017 579 1050 606 de
1064 579 1187 607 tableaux
1201 587 1227 606 et
1241 579 1274 606 de
1288 579 1400 606 dessins.
1415 576 1442 605 À
1455 581 1512 606 côté
1527 579 1573 606 des
1587 580 1646 615 prix
1660 579 1775 607 obtenus
1790 579 1922 611 (tableaux
1936 580 1969 606 45
1985 580 2040 606 000
2054 580 2135 615 pièce,
2151 579 2255 606 dessins
2269 579 2302 606 de

311 625 342 652 10
354 625 408 652 000
421 626 434 652 à
447 625 481 652 30
494 625 566 656 000),
579 624 618 652 les
630 625 666 652 40
678 625 733 652 000
744 624 797 652 frcs
810 626 879 660 pour
891 626 926 652 La
940 625 1052 652 Sorcière
1062 633 1124 652 sont
1135 625 1196 660 plus
1209 635 1260 660 que
1272 624 1416 656 modestes,
1430 626 1503 652 étant
1515 624 1613 656 donné,
1627 635 1661 652 en
1673 624 1743 660 plus,
1756 635 1808 660 que
1820 635 1862 652 ces
1875 624 1979 652 dessins
1991 633 2040 652 ont
2052 635 2090 652 un
2102 626 2171 661 sujet
2183 626 2301 660 prescrit,

308 679 334 697 et
345 670 508 697 demandent
518 681 563 706 par
573 672 739 706 conséquent
749 681 787 697 un
797 670 888 697 travail
898 670 1051 706 particulier
1062 672 1096 697 »...
1111 671 1144 697 17
1147 670 1241 706 juillet.
1252 672 1458 707 Interrogations
1470 681 1516 697 sur
1526 670 1550 697 le
1560 670 1669 697 volume
1680 670 1745 706 qu’il
1756 670 1887 697 illustrera
1897 681 1966 706 pour
1976 670 2014 697 les
2025 667 2147 697 Éditions
2158 671 2284 697 Fontaine
2297 681 2301 697 :

309 716 478 748 Swinburne,
493 716 550 743 K.P.
564 717 674 748 Moritz,
690 716 801 748 Cardan,
816 716 881 743 Sade
896 727 901 748 ;
916 727 962 743 sur
975 727 1015 743 ses
1029 717 1136 752 propres
1145 717 1213 748 Jeux
1224 716 1256 743 de
1270 716 1294 743 la
1307 716 1403 752 Poupée
1414 727 1474 743 avec
1486 724 1571 743 textes
1584 716 1717 747 d’Eluard,
1732 724 1757 743 et
1771 716 1816 743 sur
1828 716 1846 743 Y
1850 716 2013 743 Anatomie...
2028 717 2061 742 24
2070 716 2163 752 juillet.
2178 716 2199 743 Il
2212 716 2302 743 donne

309 772 358 789 son
373 761 476 789 adresse
491 772 560 797 pour
574 761 703 797 quelques
719 763 849 789 semaines
864 763 878 788 à
893 762 975 789 Revel
990 762 1260 793 (Haute-Garonne)...
1279 762 1455 789 Carcassonne
1468 762 1504 789 26
1514 761 1607 798 juillet.
1624 761 1645 788 Il
1659 763 1741 796 reçoit
1757 772 1797 789 ses
1812 762 1903 789 lettres
1918 772 1964 797 par
1978 761 2194 789 l’intermédiaire
2210 761 2243 789 de
2255 763 2302 793 Joe

308 808 457 838 Bousquet.
472 809 482 834 «
496 807 720 834 LJ'abandonnons
729 816 778 843 pas
789 807 877 839 l’idée,
892 807 925 834 de
937 818 1005 834 vous
1018 809 1083 843 prie,
1098 807 1131 834 de
1144 807 1289 834 demander
1302 807 1348 834 des
1361 815 1446 834 textes
1459 818 1510 834 aux
1523 809 1651 834 écrivains
1665 818 1698 834 en
1712 809 1844 843 question.
1858 809 1918 834 Moi
1928 809 1955 844 je
1968 818 2050 843 pense
2064 808 2115 843 que
2128 808 2256 834 Paulhan
2268 818 2302 834 ne

308 853 440 880 marchera
452 863 497 889 pas
511 861 537 880 et
550 863 601 888 que
614 853 638 880 la
650 854 740 889 poésie
754 853 836 880 d’ARP
849 870 864 872 -
877 861 934 880 tant
947 863 998 889 que
1011 864 1081 880 nous
1094 853 1118 880 la
1131 854 1304 880 connaissons
1318 870 1332 872 -
1346 861 1482 889 comporte
1495 864 1533 880 un
1546 853 1663 880 élément
1676 853 1824 880 d’humour
1836 854 1881 889 qui
1895 864 1927 880 au
1940 852 2007 880 fond
2020 861 2060 880 est
2073 853 2302 880 diamétralement

308 900 408 934 opposé
420 900 434 925 à
445 909 487 925 ma
498 900 613 926 manière
625 898 658 926 de
670 900 809 926 concevoir
821 910 859 925 un
870 907 1032 926 monument
1043 900 1056 925 à
1067 899 1091 925 la
1102 900 1228 926 Mineure
1240 907 1274 930 et,
1287 909 1321 925 en
1333 909 1444 930 somme,
1457 900 1471 926 à
1481 898 1629 934 l’érotique.
1642 900 1783 931 Michaux,
1797 899 1919 925 Bataille
1930 907 1977 926 etc.
1992 900 2104 926 seraient
2115 898 2303 934 parfaitement

308 955 342 971 en
354 955 458 971 mesure
471 944 503 971 de
515 944 579 971 faire
591 944 706 980 quelque
718 944 798 971 chose
810 944 843 971 de
856 944 1038 971 sensationnel
1050 957 1084 971 »...

231 1040 257 1069 6.
308 1041 399 1069 Hans
418 1040 615 1069 BELLMER.
632 1040 651 1069 4
667 1040 777 1075 L.A.S.,
796 1040 904 1075 [1945],
922 1041 937 1069 à
953 1051 1007 1069 son
1023 1041 1080 1069 ami
1096 1039 1235 1070 l’éditeur
1251 1040 1345 1069 Henri
1362 1040 1487 1069 Parisot
1503 1051 1509 1075 ;
1527 1040 1544 1069 9
1560 1051 1646 1080 pages
1662 1040 1727 1069 in-4
1743 1039 1880 1079 remplies
1897 1039 1988 1069 d’une
2004 1041 2095 1079 petite
2111 1041 2236 1069 écriture
2253 1051 2303 1069 sur

308 1092 408 1130 papier
420 1090 460 1119 fin
473 1102 546 1120 rose.
2103 1091 2120 1119 2
2136 1091 2226 1120 500/3
2242 1091 2302 1120 000

331 1152 519 1177 Intéressante
530 1159 771 1177 correspondance
783 1159 832 1177 sur
842 1159 869 1177 le
881 1159 969 1181 projet
980 1152 1026 1182 des
1033 1152 1101 1182 Jeux
1110 1159 1143 1177 de
1154 1159 1185 1177 la
1198 1151 1302 1177 Poupée.

336 1196 468 1223 Vendredi.
483 1196 503 1223 Il
516 1196 555 1223 lui
569 1197 662 1223 envoie
675 1196 722 1223 des
735 1196 849 1233 négatifs
863 1204 888 1223 et
902 1196 948 1223 des
961 1196 1067 1232 photos,
1082 1197 1147 1223 mais
1161 1196 1185 1223 le
1198 1197 1255 1232 prie
1268 1196 1416 1223 d’attendre
1429 1207 1468 1223 un
1480 1207 1533 1232 peu
1546 1207 1614 1232 pour
1627 1196 1651 1223 la
1663 1196 1747 1232 photo
1761 1196 1825 1223 dans
1839 1196 1972 1223 l’escalier.
1987 1196 2008 1223 Il
2021 1197 2144 1223 remercie
2158 1196 2190 1223 de
2204 1196 2302 1223 l’envoi

308 1242 341 1269 de
352 1242 431 1269 livres
445 1243 449 1268 :
462 1243 496 1269 Le
508 1241 601 1269 Grand
605 1243 660 1273 Jeu,
673 1241 711 1269 les
724 1242 794 1269 deux
805 1242 960 1278 Manifestes
969 1242 1015 1277 par
1025 1242 1140 1274 Breton,
1155 1242 1190 1269 les
1200 1242 1337 1269 Malheurs
1349 1242 1380 1269 de
1392 1241 1417 1269 la
1429 1248 1508 1273 vertu,
1524 1242 1582 1269 Ubu
1593 1242 1648 1273 Roi,
1661 1250 1708 1269 etc.
1722 1250 1747 1269 et
1759 1241 1805 1269 des
1817 1254 1826 1267 «
1839 1242 1910 1269 deux
1920 1241 2018 1277 photos
2030 1241 2188 1269 excellentes
2200 1241 2302 1277 d’après

308 1298 364 1314 mes
377 1287 481 1314 dessins
493 1300 510 1314 ».
524 1287 545 1314 Il
557 1287 647 1314 donne
659 1287 706 1315 des
718 1289 893 1314 instructions
905 1298 974 1323 pour
985 1287 1024 1314 les
1036 1287 1238 1323 reproductions
1250 1296 1276 1314 et
1288 1287 1312 1314 le
1325 1287 1452 1324 brochage
1466 1298 1470 1314 :
1484 1300 1493 1312 «
1505 1287 1525 1314 il
1536 1296 1576 1315 est
1588 1287 1642 1315 bon
1654 1297 1705 1323 que
1717 1298 1784 1315 vous
1796 1298 1857 1315 avez
1869 1287 1908 1314 les
1920 1287 2160 1324 agrandissements
2173 1288 2217 1318 (24
2229 1299 2246 1314 x
2258 1288 2302 1319 30)

308 1333 341 1360 de
355 1334 459 1365 Breton,
474 1333 506 1360 ils
520 1341 638 1369 peuvent
651 1333 688 1360 du
702 1335 789 1360 moins
804 1334 887 1360 servir
900 1335 913 1360 à
926 1333 1023 1360 Caillet
1036 1344 1140 1360 comme
1153 1333 1259 1360 modèle
1273 1345 1290 1359 ».
1305 1333 1326 1360 Il
1340 1335 1417 1360 serait
1430 1333 1484 1361 bon
1498 1333 1530 1360 de
1544 1333 1689 1360 demander
1701 1335 1772 1360 aussi
1785 1333 1860 1360 l’avis
1874 1333 1906 1360 de
1920 1333 2021 1361 Robert
2034 1333 2168 1370 Valançay.
2183 1334 2276 1366 Quant
2289 1335 2303 1360 à

307 1378 400 1406 André
412 1379 519 1406 Breton
530 1391 540 1404 «
552 1379 571 1405 il
582 1389 616 1406 ne
629 1378 730 1407 semble
742 1389 786 1414 pas
798 1380 856 1406 voir
866 1379 1036 1414 l’apparition
1048 1379 1080 1406 de
1092 1380 1244 1406 Minotaure
1254 1387 1280 1406 et
1291 1389 1325 1406 en
1336 1379 1440 1415 général
1452 1379 1476 1406 le
1488 1389 1605 1415 message
1618 1378 1768 1406 surréaliste
1780 1379 1812 1406 de
1825 1380 1976 1406 Minotaure
1986 1389 2049 1406 sous
2061 1389 2115 1406 une
2126 1379 2238 1406 lumière
2250 1380 2302 1406 très

308 1426 444 1460 optimiste
456 1437 473 1451 ».
485 1424 507 1451 Il
518 1433 558 1452 est
569 1426 694 1460 question
705 1424 772 1451 d’un
782 1424 872 1452 article
884 1424 916 1451 de
928 1425 1024 1451 Breton
1036 1435 1081 1451 sur
1091 1424 1139 1456 lui,
1152 1426 1216 1451 mais
1228 1424 1248 1451 il
1258 1425 1330 1451 n’ose
1342 1424 1381 1451 lui
1391 1424 1476 1460 parler
1486 1424 1553 1452 d’un
1565 1424 1662 1451 second
1674 1424 1779 1451 recueil.
1792 1437 1801 1449 «
1812 1424 1904 1451 André
1916 1425 2013 1452 Breton
2023 1435 2066 1451 me
2077 1424 2117 1452 dit
2128 1426 2221 1461 ajuste
2232 1426 2301 1456 titre,

308 1470 372 1506 qu’il
385 1478 425 1497 est
436 1470 607 1498 absolument
619 1470 744 1497 essentiel
757 1470 896 1506 d’exposer
908 1481 941 1497 en
953 1481 1021 1497 mars
1033 1481 1086 1497 une
1098 1472 1203 1506 poupée
1215 1470 1294 1497 réelle
1306 1478 1332 1497 et
1344 1481 1399 1497 non
1412 1481 1461 1497 son
1472 1471 1556 1506 image
1568 1483 1585 1497 ».
1599 1470 1619 1497 Il
1631 1471 1720 1497 n’aura
1731 1481 1776 1506 pas
1789 1482 1798 1495 «
1810 1470 1835 1497 le
1847 1479 1933 1506 temps
1945 1470 2054 1497 d’écrire
2066 1481 2104 1497 un
2116 1478 2186 1497 texte
2198 1480 2266 1506 pour
2278 1470 2302 1497 le

309 1516 407 1543 second
419 1516 517 1543 recueil
529 1517 583 1551 qui,
596 1518 610 1543 à
620 1516 645 1543 la
656 1517 771 1552 rigueur,
785 1517 903 1552 pourrait
915 1517 969 1543 être
981 1515 1102 1551 fabriqué
1114 1526 1160 1552 par
1170 1517 1326 1543 moi-même
1339 1526 1442 1543 comme
1454 1516 1479 1542 la
1490 1517 1617 1551 première
1630 1516 1733 1543 édition
1744 1516 1892 1543 allemande
1905 1528 1939 1542 »...
1953 1517 2006 1543 Etc.

333 1562 383 1589 Sur
392 1561 417 1588 le
429 1561 507 1588 choix
517 1561 555 1589 du
565 1561 671 1593 format,
684 1561 720 1588 du
731 1563 827 1597 papier,
840 1561 873 1589 de
883 1561 908 1588 la
918 1561 1022 1593 reliure,
1034 1570 1060 1589 et
1071 1561 1104 1589 de
1115 1561 1139 1588 la
1150 1570 1314 1589 couverture.
1327 1562 1348 1588 Il
1359 1561 1417 1589 faut
1428 1574 1437 1586 «
1451 1563 1474 1593 1)
1486 1561 1575 1588 Relier
1584 1561 1609 1588 le
1620 1561 1685 1588 livre
1697 1561 1762 1589 dans
1773 1572 1812 1588 un
1822 1563 1912 1597 papier
1922 1563 2045 1597 précieux
2056 1570 2082 1588 et
2092 1563 2302 1597 caractéristique

309 1608 351 1639 [...]
368 1608 408 1639 2°)
423 1608 562 1643 Imprimer
575 1618 629 1634 une
644 1607 790 1643 enveloppe
807 1607 854 1634 “de
869 1607 993 1634 défense”
1010 1609 1054 1643 qui
1070 1615 1174 1643 portera
1188 1607 1212 1634 le
1226 1609 1296 1639 titre,
1312 1615 1369 1639 etc.,
1385 1615 1411 1634 et
1426 1607 1493 1634 dont
1507 1607 1615 1643 l’aspect
1629 1607 1842 1644 typographique
1857 1609 1935 1634 serait
1949 1618 2021 1634 assez
2036 1607 2244 1634 conventionnel
2259 1608 2301 1639 [...]

308 1661 415 1680 trouver
431 1653 477 1680 des
494 1653 584 1680 lettres
601 1653 789 1689 d’impression
804 1654 1028 1688 caractéristiques
1044 1663 1113 1689 pour
1128 1653 1153 1680 le
1169 1661 1226 1680 mot
1242 1665 1252 1677 «
1268 1653 1372 1689 Poupée
1389 1665 1398 1678 »
1415 1654 1461 1688 qui
1477 1653 1578 1680 devrait
1594 1655 1648 1680 être
1664 1654 1788 1688 imprimé
1804 1664 1838 1680 en
1854 1664 1912 1680 rose
1928 1664 1974 1680 cru
1991 1665 2008 1679 ».
2027 1653 2074 1680 S’il
2090 1661 2130 1680 est
2146 1653 2239 1681 absent
2255 1653 2302 1680 des

311 1698 419 1726 Cahiers
431 1698 512 1730 d’Art,
526 1698 545 1725 il
558 1709 591 1725 ne
604 1707 669 1734 peut
682 1709 709 1726 se
721 1698 746 1725 le
759 1698 897 1734 reprocher
909 1699 968 1734 qu’à
980 1698 1120 1725 lui-même
1134 1710 1139 1730 ;
1153 1709 1187 1725 en
1200 1698 1267 1725 effet
1278 1698 1298 1725 il
1310 1709 1323 1725 a
1336 1698 1446 1726 cherché
1458 1700 1472 1725 à
1484 1700 1564 1726 écrire
1577 1709 1630 1725 une
1643 1698 1719 1725 lettre
1732 1700 1936 1726 circonstanciée
1949 1700 1962 1725 à
1973 1698 2066 1726 André
2079 1699 2176 1725 Breton
2187 1709 2220 1725 au
2234 1700 2303 1735 sujet

308 1744 341 1771 de
354 1755 403 1771 son
414 1744 534 1771 discours
546 1755 579 1771 au
591 1745 710 1781 Congrès
723 1744 769 1771 des
782 1741 923 1776 Écrivains,
937 1746 1001 1771 mais
1014 1755 1063 1771 son
1075 1744 1187 1778 français
1199 1744 1353 1771 insuffisant
1365 1744 1420 1771 l’en
1431 1755 1444 1771 a
1456 1744 1590 1780 empêché,
1604 1752 1630 1771 et
1641 1744 1660 1771 il
1672 1745 1713 1771 n’a
1724 1744 1772 1771 fait
1784 1754 1835 1780 que
1847 1744 1871 1771 le
1883 1746 2021 1771 remercier
2031 1744 2171 1780 poliment.
2185 1744 2205 1771 Il
2217 1755 2230 1771 a
2241 1755 2302 1778 reçu

309 1790 488 1817 L’Immaculée
500 1790 654 1826 Conception
664 1802 674 1814 «
685 1800 745 1817 avec
756 1801 810 1817 une
822 1790 943 1817 dédicace
955 1792 1007 1817 très
1018 1790 1162 1817 touchante
1174 1798 1200 1817 et
1211 1790 1318 1817 amicale
1330 1789 1447 1817 d’André
1459 1790 1555 1817 Breton
1567 1798 1592 1817 et
1604 1790 1636 1817 de
1648 1790 1710 1817 Paul
1722 1787 1825 1822 Éluard,
1835 1791 1862 1826 je
1873 1791 2009 1817 reconnais
2021 1790 2111 1826 plutôt
2122 1801 2175 1817 une
2187 1791 2302 1817 certaine

309 1835 458 1872 sympathie
471 1835 504 1863 de
516 1835 540 1862 la
551 1844 609 1871 part
621 1835 738 1863 d’André
750 1836 847 1863 Breton
859 1837 905 1871 qui
917 1836 996 1863 m’est
1007 1844 1099 1863 autant
1111 1835 1172 1871 plus
1184 1835 1328 1863 valeureux
1339 1845 1390 1871 que
1399 1837 1426 1872 je
1438 1836 1490 1862 n’ai
1501 1837 1559 1863 rien
1570 1835 1619 1863 fait
1630 1846 1699 1871 pour
1710 1835 1734 1862 la
1746 1845 1895 1871 provoquer
1906 1848 1923 1862 ».
1937 1835 1958 1862 Il
1970 1837 2072 1871 évoque
2083 1835 2122 1863 les
2134 1835 2258 1864 tableaux
2269 1835 2302 1863 de

305 1882 409 1913 Jérôme
421 1882 519 1913 Bosch,
532 1881 599 1908 dont
611 1881 629 1908 il
642 1892 675 1908 ne
688 1883 795 1908 connaît
806 1891 857 1917 que
869 1881 916 1908 des
928 1881 1139 1917 reproductions,
1152 1889 1178 1908 et
1190 1881 1228 1908 les
1240 1881 1365 1908 relations
1377 1881 1410 1908 de
1422 1882 1521 1908 Parisot
1533 1892 1592 1908 avec
1604 1882 1692 1908 Mario
1704 1882 1854 1908 Prassinos.
1867 1882 1905 1908 En
1917 1883 2129 1917 post-scriptum,
2143 1881 2161 1908 il
2174 1881 2212 1908 lui
2225 1889 2302 1908 conte

308 1927 332 1954 la
343 1928 421 1954 visite
433 1927 558 1954 matinale
570 1927 603 1954 de
615 1926 639 1954 la
651 1939 660 1952 «
673 1927 751 1954 Sœur
761 1928 842 1954 Anna
853 1927 890 1954 du
903 1927 1007 1954 Service
1019 1927 1111 1963 public
1122 1937 1191 1962 pour
1202 1927 1240 1954 les
1253 1927 1378 1954 maladies
1390 1927 1571 1962 pulmonaires
1583 1939 1601 1959 »,
1614 1927 1682 1954 alors
1694 1927 1759 1962 qu’il
1771 1928 1838 1954 avait
1850 1926 1898 1954 fait
1910 1927 1956 1954 des
1969 1927 2066 1963 photos
2078 1927 2103 1954 la
2113 1927 2192 1954 veille
2205 1935 2231 1954 et
2242 1935 2302 1954 tout

308 1972 385 2000 laissé
396 1983 430 1999 en
440 1972 563 2000 désordre
576 1983 580 1999 :
592 1985 601 1997 «
612 1983 654 1999 ma
664 1972 789 1999 demeure
799 1972 965 2000 ressemblait
975 1974 988 1999 à
997 1972 1109 1999 l’atelier
1119 1972 1156 2000 du
1166 1974 1247 2000 vieux
1257 1981 1283 1999 et
1292 1972 1439 2000 honorable
1449 1972 1554 2000 Landru
1565 1985 1599 1999 »...
1611 1972 1632 1999 Il
1641 1983 1673 2000 va
1683 1983 1798 2009 envoyer
1807 1972 1854 2000 des
1865 1974 1991 2008 épreuves
2002 1974 2015 1999 à
2025 1969 2120 2000 Éluard
2131 1981 2157 2000 et
2166 1972 2301 2009 Valançay.

328 2018 411 2050 Jeudi.
425 2019 475 2045 Sur
486 2018 510 2045 le
522 2020 580 2054 prix
592 2018 638 2045 des
650 2018 747 2054 photos
760 2026 786 2045 et
797 2018 835 2045 les
847 2018 910 2045 frais
922 2018 1109 2054 d’impression
1123 2029 1127 2050 ;
1141 2018 1165 2045 la
1176 2018 1270 2045 reliure
1283 2031 1292 2043 «
1304 2018 1361 2045 doit
1373 2020 1444 2045 avoir
1455 2018 1570 2054 quelque
1582 2018 1662 2045 chose
1674 2018 1706 2045 de
1718 2020 1841 2054 précieux
1852 2029 1888 2045 ou
1900 2018 2087 2045 d’individuel.
2101 2019 2134 2045 La
2145 2026 2302 2045 couverture

308 2065 423 2100 projetée
434 2074 479 2100 par
488 2065 535 2090 Mr
545 2064 609 2100 Guy
619 2065 796 2091 Lévis-Mano
806 2080 821 2083 -
832 2064 1016 2091 relativement
1026 2064 1081 2092 bon
1091 2064 1195 2091 marché
1206 2080 1221 2083 -
1231 2074 1265 2091 ne
1276 2064 1487 2100 correspondrait
1498 2074 1543 2100 pas
1554 2063 1752 2091 suffisamment
1762 2075 1795 2091 au
1806 2066 1931 2091 caractère
1942 2064 1974 2091 de
1985 2063 2109 2091 l’édition
2120 2076 2137 2090 ».
2149 2064 2170 2090 Il
2181 2065 2302 2100 envisage

308 2109 454 2145 d’accepter
465 2109 556 2136 l’offre
568 2109 601 2137 de
611 2110 709 2141 Jeanne
722 2110 838 2141 Bûcher,
851 2111 917 2137 mais
930 2109 984 2137 cela
996 2109 1129 2145 dépendra
1142 2109 1188 2137 des
1201 2109 1353 2137 conditions
1366 2109 1518 2137 financières
1532 2120 1536 2136 :
1551 2122 1560 2134 «
1573 2109 1637 2137 dans
1650 2109 1675 2136 le
1687 2120 1728 2137 cas
1740 2109 1765 2136 le
1777 2109 1838 2145 plus
1851 2109 2027 2141 défavorable,
2037 2111 2064 2146 je
2076 2109 2153 2137 ferais
2166 2111 2303 2145 imprimer

308 2155 333 2182 le
346 2163 416 2182 texte
429 2157 443 2182 à
456 2155 544 2182 Berlin
558 2156 628 2182 »...La
641 2155 792 2182 traduction
805 2155 844 2182 lui
857 2166 922 2191 pose
936 2155 982 2182 des
995 2155 1146 2191 problèmes
1160 2163 1186 2182 et
1199 2155 1218 2182 il
1232 2163 1338 2182 soumet
1351 2155 1397 2182 des
1411 2155 1483 2182 idées
1497 2155 1530 2182 de
1543 2157 1618 2182 titres
1631 2166 1700 2191 pour
1713 2155 1751 2182 les
1764 2155 1862 2191 photos
1877 2166 1881 2182 :
1896 2168 1906 2180 «
1920 2156 1976 2186 (LE)
1990 2156 2075 2182 PAYS
2089 2156 2177 2182 SAGE
2191 2156 2263 2186 (DU)
2277 2152 2303 2182 À

307 2201 379 2228 VER
390 2202 443 2228 AU
455 2201 535 2227 LAIT
548 2213 557 2226 »
570 2212 605 2228 ou
619 2213 628 2226 «
641 2201 717 2228 L’AN
729 2202 776 2227 DE
788 2201 925 2233 MAIN(S)
938 2213 983 2233 »...,
997 2209 1022 2228 et
1034 2202 1138 2237 recopie
1150 2214 1159 2225 «
1172 2212 1210 2228 un
1222 2202 1277 2228 vrai
1289 2202 1384 2237 poème
1397 2213 1415 2232 »,
1429 2201 1496 2228 dont
1509 2213 1518 2226 «
1530 2201 1555 2228 le
1567 2211 1625 2228 vers
1638 2203 1652 2228 à
1664 2209 1754 2236 quatre
1767 2201 1889 2229 semblait
1902 2201 1973 2228 doué
1985 2201 2068 2228 d’une
2080 2202 2150 2228 vraie
2163 2203 2302 2237 stupeurté

307 2246 453 2274 fascinante
466 2255 492 2273 et
503 2255 662 2283 engageante
674 2248 688 2273 à
699 2246 745 2274 des
757 2248 953 2282 permutations
965 2248 979 2273 à
990 2246 1087 2273 l’infini
1099 2247 1319 2278 (“Automatisme
1331 2246 1364 2274 de
1376 2246 1400 2273 la
1410 2247 1553 2278 variante”)
1565 2259 1583 2273 ».
1595 2248 1666 2274 Mais
1678 2246 1698 2273 il
1709 2247 1777 2274 n’est
1788 2257 1834 2282 pas
1847 2248 1892 2274 sûr
1903 2246 1936 2274 de
1949 2257 1998 2274 son
2009 2246 2121 2281 français
2134 2255 2160 2274 et
2171 2246 2302 2274 demande

309 2292 382 2319 l’avis
395 2292 428 2319 de
440 2293 539 2319 Parisot
551 2300 628 2319 avant
640 2292 702 2319 d’en
714 2292 798 2328 parler
809 2294 823 2319 à
834 2292 895 2319 Paul
908 2289 1011 2319 Éluard.
1025 2305 1034 2317 «
1047 2293 1080 2319 Le
1092 2293 1152 2319 titre
1166 2293 1230 2319 Rose
1242 2303 1273 2319 ou
1289 2293 1362 2319 Verte
1375 2292 1400 2319 la
1411 2293 1479 2319 Nuit
1488 2292 1589 2320 semble
1600 2303 1669 2328 pour
1680 2292 1705 2319 le
1717 2300 1839 2319 moment
1850 2292 1875 2319 le
1887 2292 1948 2328 plus
1961 2292 2028 2320 beau
2040 2305 2074 2319 »...

332 2338 464 2365 Mercredi
472 2339 529 2365 soir.
542 2350 551 2363 «
563 2339 596 2365 La
607 2338 758 2365 traduction
769 2338 802 2365 de
813 2348 878 2365 mon
888 2337 991 2374 préface
1002 2338 1071 2374 pour
1084 2338 1109 2365 la
1119 2338 1215 2374 Poupée
1224 2346 1264 2365 est
1275 2337 1405 2369 devenue,
1418 2338 1494 2365 selon
1504 2339 1568 2370 moi,
1581 2338 1726 2365 excellente
1737 2350 1746 2363 »
1758 2346 1784 2365 et
1795 2338 1814 2364 il
1825 2338 1859 2365 l’a
1870 2340 1986 2374 envoyée
1997 2340 2010 2365 à
2021 2338 2122 2366 Robert
2132 2339 2284 2370 VALANÇAY
2296 2349 2301 2370 ;

308 2383 327 2410 11
338 2392 450 2420 regrette
461 2384 494 2411 de
506 2384 605 2411 n’avoir
616 2394 652 2419 pu
664 2392 797 2411 contacter
808 2385 909 2411 Zervos
921 2383 967 2411 des
981 2383 1090 2411 Cahiers
1101 2384 1119 2411 d
1124 2384 1178 2411 Art
1186 2385 1231 2419 qui
1243 2396 1252 2408 «
1264 2383 1404 2419 disposent
1415 2383 1461 2411 des
1473 2383 1584 2411 chances
1596 2383 1628 2411 de
1639 2392 1718 2411 vente
1730 2392 1756 2410 et
1767 2383 1800 2411 de
1811 2383 1922 2410 réclame
1934 2394 1993 2411 sans
2005 2383 2088 2411 doute
2099 2383 2160 2419 plus
2172 2383 2302 2411 étendues

308 2439 359 2465 que
371 2429 495 2456 Madame
508 2429 611 2456 Bûcher
622 2441 639 2456 ».
652 2429 671 2456 Il
685 2437 796 2466 regrette
807 2429 832 2456 le
844 2429 912 2456 délai
926 2440 930 2456 :
943 2442 952 2454 «
964 2429 1078 2456 retarder
1089 2429 1258 2465 l’apparition
1270 2429 1302 2456 de
1314 2440 1342 2456 ce
1354 2429 1428 2461 livre,
1441 2430 1506 2456 c’est
1517 2429 1541 2456 la
1552 2429 1645 2456 rendre
1657 2429 1746 2456 stérile
1760 2440 1764 2456 :
1777 2440 1810 2456 au
1821 2431 1969 2465 printemps
1981 2440 2017 2456 on
2029 2440 2056 2456 se
2068 2429 2244 2456 désintéresse
2255 2429 2302 2456 des

308 2477 426 2511 poupées
439 2487 456 2501 ».
470 2475 491 2501 Il
502 2476 596 2502 insiste
609 2486 654 2502 sur
665 2475 690 2502 le
702 2475 830 2511 brochage
843 2486 847 2502 :
861 2488 870 2500 «
883 2475 916 2502 de
928 2475 952 2502 la
964 2476 1019 2502 soie
1030 2483 1104 2502 verte
1116 2475 1149 2502 de
1161 2483 1246 2502 corset
1259 2476 1336 2502 serait
1347 2475 1437 2502 l’idéal
1449 2487 1467 2507 »,
1480 2476 1545 2502 mais
1558 2475 1577 2501 il
1589 2474 1703 2502 faudrait
1715 2476 1786 2502 aussi
1798 2486 1852 2502 une
1864 2474 2011 2511 enveloppe
2023 2485 2091 2511 pour
2103 2475 2127 2502 la
2138 2477 2258 2511 protéger
2269 2475 2302 2502 de

308 2521 332 2547 la
345 2522 489 2556 poussière.
504 2520 526 2547 Il
540 2521 681 2556 s’inquiète
695 2520 727 2548 de
741 2520 765 2547 la
779 2522 904 2556 parution
918 2520 954 2548 du
969 2521 1121 2548 Minotaure
1132 2529 1158 2548 et
1172 2522 1301 2557 envisage,
1316 2531 1377 2548 avec
1390 2520 1586 2548 l’autorisation
1599 2520 1632 2548 de
1646 2520 1737 2548 Gisèle
1751 2521 1901 2552 Prassinos,
1916 2520 1949 2548 de
1963 2520 2067 2548 donner
2080 2522 2094 2547 à
2108 2520 2180 2548 Skira
2193 2520 2218 2547 le
2232 2529 2302 2548 texte

308 2566 405 2602 qu’elle
416 2577 430 2593 a
441 2568 505 2593 écrit
517 2577 562 2593 sur
573 2566 619 2593 lui.
632 2566 653 2593 Il
665 2567 786 2593 s’étonne
797 2566 953 2602 qu’Alberto
965 2567 1131 2593 Glacometti
1142 2577 1176 2593 ne
1188 2568 1239 2593 soit
1250 2577 1295 2602 pas
1307 2579 1317 2591 «
1328 2568 1478 2602 représenté
1489 2577 1540 2593 aux
1551 2567 1653 2599 Quatre
1665 2566 1795 2593 Chemins
1807 2575 1833 2593 et
1844 2566 1909 2593 dans
1921 2566 1946 2593 le
1957 2566 2082 2593 fascicule
2094 2566 2244 2593 surréaliste
2255 2566 2302 2593 des

311 2612 419 2639 Cahiers
430 2612 511 2639 d’Art.
522 2613 551 2643 Je
563 2623 605 2639 me
617 2612 742 2648 reproche
755 2612 872 2648 pendant
884 2620 960 2639 toute
971 2612 1076 2639 l’année
1088 2612 1121 2639 de
1133 2623 1167 2639 ne
1178 2612 1218 2639 lui
1230 2613 1301 2639 avoir
1312 2622 1357 2648 pas
1370 2613 1434 2639 écrit
1447 2624 1481 2639 »...

235 2708 257 2737 7.
308 2708 399 2737 Hans
415 2708 612 2737 BELLMER.
627 2708 737 2742 L.A.S.,
751 2707 900 2737 Toulouse
914 2708 952 2736 22
963 2709 1077 2747 janvier
1092 2708 1177 2742 1948,
1194 2708 1218 2742 [à
1227 2708 1280 2742 Joe
1294 2708 1460 2742 Bousquet]
1476 2719 1482 2742 ;
1499 2708 1513 2737 1
1529 2719 1599 2747 page
1613 2708 1677 2736 in-4
1692 2719 1742 2737 sur
1754 2709 1854 2747 papier
1867 2719 1931 2737 rose
1944 2707 2017 2747 pâle.
2168 2708 2302 2737 500/600

332 2780 341 2792 «
353 2767 453 2800 Quand
464 2769 664 2794 réunirez-vous
675 2776 737 2794 tous
747 2778 795 2794 vos
806 2767 1036 2803 comptes-rendus
1048 2767 1094 2794 des
1105 2767 1294 2794 interférences
1305 2767 1343 2794 du
1355 2767 1515 2804 “physique”
1528 2775 1554 2794 et
1564 2767 1602 2795 du
1614 2767 1789 2804 “psychique”
1802 2767 1869 2794 dont
1879 2778 1946 2794 vous
1957 2769 2012 2794 êtes
2024 2767 2082 2794 seul
2093 2769 2106 2794 à
2117 2769 2170 2794 être
2182 2767 2302 2794 médium

308 2821 334 2840 et
347 2813 519 2841 observateur
531 2815 545 2840 à
557 2813 581 2840 la
593 2813 653 2840 fois.
669 2814 710 2845 [...]
725 2813 820 2840 Faut-il
833 2824 900 2840 vous
914 2813 969 2840 dire
982 2813 1106 2841 combien
1119 2814 1273 2849 compterait
1286 2823 1354 2849 pour
1366 2824 1408 2840 ma
1420 2814 1463 2840 vie
1476 2830 1491 2832 -
1504 2814 1656 2849 imaginaire
1669 2813 1710 2840 -le
1723 2812 1771 2840 fait
1784 2823 1835 2849 que
1848 2824 1915 2840 vous
1928 2813 2096 2849 reprendriez
2108 2824 2156 2840 vos
2169 2821 2253 2840 textes
2266 2824 2302 2840 ou

308 2867 384 2886 notes
396 2860 409 2886 à
420 2869 485 2886 mon
496 2860 565 2895 sujet
578 2860 581 2885 !
595 2859 657 2891 Que
668 2860 766 2895 puis-je
777 2858 841 2886 faire
852 2869 921 2894 pour
931 2858 1024 2886 rendre
1035 2867 1103 2886 cette
1114 2859 1173 2886 idée
1184 2859 1245 2894 plus
1257 2867 1377 2886 tentante
1388 2859 1401 2885 ?
1412 2871 1429 2885 ».
1441 2854 1467 2885 À
1478 2869 1575 2894 propos
1586 2858 1619 2886 de
1631 2859 1701 2886 Sade
1713 2869 1717 2885 :
1730 2871 1739 2884 «
1751 2860 1764 2886 à
1774 2858 1853 2886 l’aide
1864 2858 1901 2886 du
1912 2861 2002 2886 récent
2012 2860 2125 2886 numéro
2136 2858 2182 2886 des
2196 2858 2305 2886 Cahiers

310 2904 345 2931 du
361 2904 416 2931 Sud
427 2904 512 2936 (Sade)
524 2905 570 2941 j’ai
584 2915 621 2940 pu
636 2915 678 2931 me
693 2904 786 2932 rendre
801 2906 853 2931 très
868 2913 1018 2931 nettement
1032 2913 1136 2940 compte
1151 2915 1185 2931 en
1200 2904 1288 2940 quelle
1303 2915 1407 2931 mesure
1422 2904 1461 2931 les
1477 2904 1700 2940 “réadaptateurs”
1717 2904 1749 2931 de
1765 2904 1831 2931 Sade
1846 2915 1873 2931 se
1888 2913 1991 2931 cassent
2005 2904 2044 2931 les
2059 2904 2137 2932 dents
2152 2915 2221 2940 pour
2236 2915 2263 2931 se
2278 2904 2302 2931 le

308 2950 401 2977 rendre
415 2950 516 2987 digeste
530 2951 600 2977 »...Sa
614 2952 743 2977 situation
756 2950 902 2977 matérielle
917 2958 957 2977 est
971 2950 1136 2977 désastreuse
1151 2961 1156 2982 ;
1172 2950 1191 2976 il
1205 2951 1246 2977 n’a
1260 2950 1321 2986 plus
1335 2951 1393 2977 rien
1407 2952 1421 2977 à
1434 2961 1541 2986 manger
1556 2961 1560 2976 :
1576 2962 1585 2975 «
1600 2950 1621 2977 Il
1634 2951 1680 2987 n’y
1693 2961 1707 2977 a
1720 2960 1771 2986 que
1785 2950 1824 2977 les
1838 2949 1951 2977 femmes
1966 2950 2045 2977 celles
2060 2950 2096 2977 du
2112 2950 2241 2977 “monde”
2257 2952 2302 2986 qui

96 3070 116 3098 4
