2480 3188
215 215 261 244 26.
308 214 498 244 Emmanuel
513 215 738 244 CHABRIER.
753 215 852 244 L.A.S.
867 228 878 241 «
891 214 1066 244 Emmanuel
1080 228 1100 249 »,
1116 214 1287 249 [Bruxelles]
1302 214 1468 244 Dimanche
1483 215 1512 249 [7
1525 226 1600 244 mars
1617 215 1713 249 1886],
1728 216 1743 244 à
1757 226 1786 244 sa
1798 213 1909 244 femme
1924 226 1929 249 ;
1946 215 1962 244 3
1976 225 2062 254 pages
2076 215 2149 244 in-8.
2166 215 2302 244 400/500

332 275 400 301 Lors
410 282 456 301 des
466 277 626 301 répétitions
636 274 669 301 de
681 274 858 301 GwendOLINE
867 274 948 305 (créée
958 275 972 300 à
981 274 1006 300 la
1015 275 1145 301 Monnaie
1156 273 1188 301 de
1199 273 1335 301 Bruxelles
1345 273 1370 300 le
1384 274 1415 301 10
1425 273 1491 300 avril
1503 274 1589 304 1886).
1600 273 1622 300 Il
1632 274 1773 309 s’inquiète
1784 273 1830 301 des
1841 284 1920 301 maux
1930 273 1963 301 de
1974 284 2047 301 cœur
2057 273 2090 301 de
2101 284 2127 301 sa
2137 273 2244 300 femme.
2256 286 2265 298 «
2273 275 2302 305 Je

308 329 342 345 ne
354 318 432 354 perds
444 329 489 354 pas
502 329 556 346 une
568 320 672 346 minute
687 329 691 345 :
705 329 747 345 ma
756 320 870 355 journée
883 329 910 346 se
922 329 997 354 passe
1010 329 1044 345 en
1056 320 1221 354 répétitions,
1235 327 1261 346 et
1273 319 1298 345 le
1311 320 1370 350 soir,
1381 320 1408 355 je
1420 318 1495 346 roule
1507 329 1540 346 au
1553 319 1654 346 théâtre
1667 331 1701 345 »...
1715 319 1736 345 Il
1748 327 1854 346 raconte
1867 329 1916 346 son
1929 318 2028 354 emploi
2040 318 2077 346 du
2090 327 2201 354 temps...
2215 331 2224 343 «
2237 320 2303 345 Hier

309 365 368 395 soir,
377 364 423 400 j’ai
433 365 526 391 assisté
536 365 550 390 à
560 374 599 391 un
609 372 716 391 concert
727 363 760 391 de
770 363 795 390 la
806 363 912 391 Grande
923 365 1078 395 Harmonie,
1091 363 1174 400 dirigé
1185 365 1230 399 par
1237 365 1314 395 Jehin
1325 374 1330 395 ;
1340 364 1380 400 j’y
1390 365 1413 390 ai
1423 364 1562 391 rencontré
1573 364 1695 391 Gevaert
1705 374 1765 391 avec
1776 365 1821 399 qui
1829 364 1875 400 j’ai
1885 363 1942 395 fait,
1954 365 1967 390 à
1977 363 2002 390 la
2013 365 2102 394 sortie,
2116 374 2153 391 un
2163 365 2231 399 petit
2241 372 2303 391 tour

308 408 341 436 de
353 408 417 436 ville
432 419 437 440 ;
451 408 470 435 il
483 417 523 436 est
535 410 587 436 très
600 410 640 445 gai
654 419 659 440 ;
673 419 743 436 nous
755 419 825 436 nous
837 408 939 436 faisons
951 410 1001 435 rire
1014 408 1230 436 mutuellement.
1245 425 1259 427 -
1272 408 1293 435 Il
1306 419 1348 435 me
1362 419 1417 436 sera
1429 410 1481 436 très
1494 408 1569 436 utile.
1583 425 1598 428 -
1611 408 1632 435 Il
1644 419 1687 435 me
1699 408 1814 436 faudrait
1827 419 1865 436 un
1877 408 1932 436 fort
1943 409 2052 436 volume
2065 419 2134 444 pour
2145 417 2171 436 te
2184 417 2303 436 raconter

308 464 353 489 par
364 453 389 481 le
402 464 484 481 menu
497 462 558 481 tous
571 454 609 481 les
622 464 778 490 cancanages
791 453 828 481 du
840 453 942 481 théâtre
956 464 960 480 :
973 453 1123 485 Montalba,
1136 454 1293 490 Thuringer,
1306 455 1437 490 Mezeray,
1451 462 1499 481 ont
1511 462 1600 481 toutes
1613 454 1672 480 leur
1683 453 1794 490 légende
1809 464 1814 485 ;
1827 462 1888 481 tout
1900 464 1928 488 ça
1940 464 1967 481 se
1980 453 2082 481 déteste
2096 464 2101 485 ;
2114 453 2250 481 Verdhurt
2262 462 2303 481 est

308 500 395 526 tantôt
409 509 447 525 un
460 498 537 526 brave
551 498 669 530 homme,
684 500 771 526 tantôt
785 509 823 525 un
837 499 972 534 chenapan
987 509 992 530 ;
1007 499 1072 526 c’est
1085 500 1162 526 inouï
1177 500 1181 525 !
1196 499 1211 525 -
1225 499 1341 525 Demain
1354 500 1368 525 à
1383 500 1395 525 1
1411 498 1437 525 h.
1456 499 1508 530 1/2,
1524 498 1630 530 Catulle
1646 498 1776 530 [Mendès]
1791 498 1838 525 lira
1852 509 1879 526 sa
1892 500 1965 534 pièce
1979 509 2012 526 au
2025 498 2155 530 thféâtre],
2170 507 2196 526 et
2210 500 2265 526 moi
2275 500 2302 535 je

305 545 407 580 jouerai
420 554 462 570 ma
474 545 598 579 musique
611 543 709 571 devant
720 543 870 571 Verdhurt
882 543 940 580 déjà
952 545 1070 575 nommé,
1084 544 1207 579 Dupont,
1221 543 1259 571 les
1272 545 1438 579 répétiteurs,
1452 543 1585 579 Lapissida
1598 552 1624 571 et
1636 543 1674 571 les
1687 545 1799 571 artistes.
1813 545 1860 571 Les
1873 544 1979 571 chœurs
1992 543 2122 580 gueulent
2134 545 2256 580 toujours
2269 554 2302 571 au

310 590 323 616 5
326 593 334 603 e
347 590 420 625 étage
434 599 439 620 ;
453 590 518 616 mais
528 589 634 625 jusqu’à
646 591 760 624 présent,
774 588 794 615 il
806 599 840 615 ne
852 588 910 616 faut
922 599 968 624 pas
981 599 1032 624 que
1041 589 1241 625 j’intervienne,
1255 588 1377 624 paraît-il.
1391 605 1406 607 -
1418 590 1496 616 Nous
1508 589 1687 625 n’ajouterons
1699 590 1758 615 rien
1770 591 1822 616 très
1834 588 2037 624 probablement
2049 599 2082 616 au
2094 588 2149 616 rôle
2162 588 2282 616 d’Armel
2296 599 2301 620 ;

308 650 323 653 -
336 635 402 661 mais
412 635 439 670 je
453 635 522 661 tiens
536 635 550 660 à
563 635 634 661 avoir
647 635 740 669 Engel,
755 635 801 669 qui
814 642 854 661 est
868 644 906 661 un
919 635 1009 661 artiste
1022 635 1074 661 très
1089 633 1225 670 distingué
1238 642 1264 661 et
1278 644 1316 661 un
1329 633 1438 661 homme
1452 642 1512 661 tout
1525 635 1539 660 à
1551 633 1600 661 fait
1615 644 1711 661 comme
1725 633 1745 661 il
1751 634 1815 670 faut
1824 644 1833 665 ;
1845 634 1878 660 ah
1893 635 1897 660 !
1913 634 1954 661 s’il
1967 635 2077 669 pouvait
2091 644 2118 661 se
2132 633 2256 670 déguiser
2269 644 2303 661 en

310 678 425 715 baryton,
437 689 540 706 comme
548 680 574 715 je
585 679 624 706 lui
635 678 753 706 collerais
763 680 818 706 vite
829 687 855 706 et
864 680 919 706 vite
929 678 954 705 le
964 678 1019 706 rôle
1030 678 1157 706 d’Harald
1169 680 1173 705 !
1185 689 1226 705 car
1236 689 1264 705 ce
1275 678 1352 706 brave
1362 679 1478 706 Bérardi
1489 689 1544 706 sera
1554 679 1617 706 bien
1627 678 1705 706 lourd
1715 678 1853 706 là-dedans
1865 680 1896 705 !...
1908 678 1928 705 il
1938 678 2060 706 chantera
2070 687 2131 706 tout
2141 689 2168 713 ça
2178 689 2239 706 avec
2249 689 2302 706 une

307 725 370 751 voix
382 723 504 759 superbe,
518 732 569 751 et...
583 734 611 751 ce
624 734 679 751 sera
691 732 751 751 tout
765 725 770 755 ;
783 725 940 751 Thuringer
952 734 1007 751 sera
1019 723 1181 752 convenable
1195 734 1200 755 ;
1214 723 1293 755 enfin,
1307 734 1376 751 nous
1388 734 1497 751 verrons
1511 723 1575 751 dans
1589 724 1605 751 8
1618 726 1631 750 à
1645 724 1676 751 10
1686 725 1761 760 jours
1773 723 1798 750 le
1810 723 1921 751 résultat
1933 723 2035 752 obtenu
2049 734 2054 755 ;
2068 725 2082 750 à
2093 734 2121 751 ce
2134 723 2301 755 moment-là,

309 769 423 796 Gevaert
435 779 477 795 me
490 768 608 796 donnera
619 779 658 796 un
670 779 738 804 coup
751 768 783 796 de
795 770 867 795 main
879 781 914 795 »...

334 813 558 849 Correspondance
568 814 677 845 (86-16).
691 814 828 841 Ancienne
840 813 970 841 collection
981 814 1086 841 Francis
1096 814 1222 841 Poulenc.

215 909 257 938 27.
308 908 498 938 Emmanuel
513 909 738 938 CHABRIER.
755 909 769 938 5
785 909 884 938 L.A.S.
899 922 910 935 «
924 908 1098 938 Emmanuel
1112 922 1122 935 »
1136 920 1176 938 ou
1190 922 1200 935 «
1214 908 1311 937 Emml
1324 922 1344 943 »,
1360 908 1609 948 [juin-novembre
1625 909 1722 943 1888],
1737 910 1752 938 à
1765 917 1799 938 SA
1810 917 1908 943 femme
1922 920 1928 943 ;
1945 909 1979 938 15
1994 919 2080 948 pages
2093 909 2167 938 in-8.

2104 959 2118 988 1
2134 959 2225 988 000/1
2243 959 2302 988 200

332 1018 435 1049 [Paris,]
448 1017 576 1045 Vendredi
590 1018 655 1045 midi
665 1019 709 1049 [15
717 1018 779 1054 juin
794 1018 878 1049 1888],
893 1026 1030 1045 racontant
1044 1019 1057 1045 à
1071 1030 1080 1042 «
1094 1019 1204 1044 Maman
1218 1030 1227 1042 »
1242 1028 1292 1045 son
1305 1017 1404 1053 emploi
1418 1017 1455 1045 du
1469 1026 1555 1053 temps
1571 1028 1575 1044 :
1591 1031 1600 1042 «
1614 1019 1680 1044 Hier
1694 1019 1753 1049 soir,
1768 1019 1841 1053 après
1855 1026 1931 1045 notre
1945 1019 2037 1045 séance
2051 1028 2083 1045 au
2098 1018 2302 1045 Conservatoire

308 1073 376 1098 pour
387 1063 472 1099 régler
482 1063 521 1090 les
533 1062 669 1090 auditions
681 1062 821 1090 musicales
833 1063 866 1090 de
878 1062 1063 1098 l’Exposition,
1077 1064 1247 1090 Lamoureux
1258 1064 1310 1089 m’a
1321 1064 1440 1090 entraîné
1452 1065 1465 1089 à
1477 1063 1584 1090 Chatou
1596 1071 1622 1090 et
1630 1064 1657 1099 je
1669 1073 1711 1090 me
1724 1064 1779 1090 suis
1791 1062 1868 1090 laissé
1880 1062 1951 1090 faire.
1966 1064 2008 1094 [...]
2020 1062 2213 1099 Aujourd’hui,
2225 1064 2302 1090 Mme

308 1107 434 1135 Delcroix
446 1107 556 1135 viendra
569 1118 630 1135 avec
644 1118 670 1135 sa
683 1107 736 1135 fille
751 1109 796 1143 qui
809 1116 874 1135 veut
887 1118 930 1135 me
944 1107 1052 1135 chanter
1065 1107 1152 1135 divers
1166 1118 1313 1135 morceaux.
1328 1108 1398 1139 Puis,
1413 1108 1482 1134 Mlle
1497 1108 1579 1135 Racot
1592 1107 1702 1135 viendra
1715 1107 1827 1143 prendre
1841 1118 1868 1135 sa
1881 1108 1958 1142 leçon
1973 1109 2014 1139 [...]
2029 1109 2062 1134 La
2075 1109 2173 1135 Nanon
2187 1118 2200 1135 a
2213 1109 2302 1144 essayé

309 1153 323 1180 3
339 1152 391 1180 fois
407 1163 456 1180 son
467 1154 559 1189 jersey.
575 1154 652 1180 Mme
666 1152 743 1180 Alice
758 1161 798 1180 est
811 1152 843 1184 là,
860 1154 905 1188 qui
919 1152 944 1179 la
957 1152 1070 1189 regarde.
1087 1154 1184 1180 Nanon
1198 1152 1310 1188 prétend
1324 1152 1421 1188 qu’elle
1436 1163 1449 1179 a
1463 1152 1520 1179 l’air
1535 1153 1617 1180 d’une
1631 1152 1730 1189 gazelle
1745 1161 1771 1180 et
1785 1152 1882 1188 qu’elle
1896 1152 1973 1180 ferait
1987 1155 2039 1180 très
2054 1152 2109 1181 bon
2123 1152 2190 1180 effet
2205 1163 2250 1180 sur
2263 1152 2302 1180 les

308 1197 467 1225 boulevards
481 1210 514 1224 »...
530 1198 551 1224 Il
564 1197 655 1225 attend
668 1208 737 1233 pour
749 1199 831 1233 partir
843 1198 867 1224 le
881 1198 959 1225 livret
972 1198 1004 1225 de
1018 1198 1113 1225 Briséïs
1124 1207 1175 1233 que
1188 1197 1246 1225 doit
1259 1197 1363 1225 donner
1376 1198 1482 1225 Catulle
1495 1199 1609 1225 Mendès
1624 1209 1628 1224 :
1643 1210 1652 1222 «
1667 1199 1688 1225 si
1698 1198 1744 1234 j’ai
1757 1206 1832 1225 toute
1846 1208 1888 1224 ma
1901 1197 2026 1234 besogne,
2041 1208 2069 1225 ce
2083 1208 2138 1225 sera
2152 1198 2272 1233 superbe.
2287 1214 2302 1216 -

308 1242 399 1269 Enoch
410 1243 449 1270 lui
460 1253 474 1269 a
484 1244 549 1270 écrit
560 1242 618 1269 hier
628 1253 697 1278 pour
707 1242 747 1270 lui
758 1253 867 1270 secouer
877 1242 916 1270 les
927 1253 1008 1278 puces
1020 1244 1037 1269 ».
1050 1242 1197 1270 Nouvelles
1209 1242 1246 1270 du
1257 1244 1334 1270 ténor
1344 1244 1409 1270 Van
1420 1243 1507 1275 Dyck,
1519 1243 1625 1270 installé
1636 1244 1650 1270 à
1661 1242 1794 1279 Bayreuth
1806 1253 1810 1269 :
1823 1244 1832 1269 «
1843 1244 1920 1270 Mme
1931 1244 2057 1270 Wagner
2067 1244 2161 1270 insiste
2172 1253 2241 1278 pour
2251 1252 2302 1278 que

305 1289 332 1324 je
344 1289 442 1315 vienne
457 1289 498 1319 [...]
516 1287 535 1315 il
540 1288 639 1324 faudra
654 1298 703 1323 que
709 1288 751 1324 j’y
763 1287 824 1315 aille
836 1298 840 1314 :
855 1289 868 1315 à
881 1298 958 1315 cause
971 1287 1004 1315 de
1016 1289 1122 1319 Mottl,
1136 1289 1150 1314 à
1162 1298 1239 1315 cause
1253 1287 1285 1315 de
1298 1289 1377 1319 V[an]
1391 1287 1476 1324 Dyck,
1491 1289 1504 1314 à
1517 1298 1593 1315 cause
1607 1287 1653 1315 des
1666 1289 1788 1324 Wagner,
1802 1289 1816 1314 à
1828 1298 1905 1315 cause
1919 1288 1951 1315 de
1968 1288 2112 1315 moi-même
2122 1289 2163 1315 vis
2176 1289 2190 1315 à
2201 1289 2242 1315 vis
2255 1287 2302 1315 des

308 1341 394 1360 autres
407 1334 453 1368 qui
464 1344 483 1369 y
495 1341 557 1360 sont
568 1332 641 1364 allés,
651 1333 697 1369 j’ai
709 1332 767 1359 l’air
778 1332 811 1360 de
823 1332 948 1364 m’isoler,
962 1343 990 1367 ça
1001 1332 1098 1360 finirait
1109 1343 1155 1368 par
1166 1332 1230 1360 faire
1242 1334 1360 1360 mauvais
1373 1332 1440 1360 effet
1452 1345 1487 1359 »...
1501 1333 1522 1359 Il
1534 1334 1648 1360 termine
1660 1343 1705 1368 par
1717 1332 1763 1360 des
1776 1333 1889 1368 plaintes
1903 1343 1948 1360 sur
1959 1332 1983 1359 la
1995 1343 2098 1368 paresse
2110 1332 2143 1360 de
2156 1343 2197 1360 ses
2210 1345 2219 1358 «
2232 1332 2303 1360 deux

305 1379 401 1414 jeunes
413 1377 527 1414 bougres
540 1390 549 1402 »
562 1378 594 1405 de
606 1377 672 1405 fils...

332 1423 419 1454 [Paris,
436 1423 482 1450 3-4
492 1422 581 1459 juillet
595 1423 678 1454 1888]
693 1422 715 1449 Il
728 1433 742 1449 a
755 1434 792 1450 vu
806 1422 903 1450 Alfred
917 1423 1044 1450 Bruneau
1058 1424 1071 1449 à
1085 1423 1341 1458 l’Opéra-Comique
1357 1434 1361 1449 :
1377 1435 1386 1447 «
1397 1424 1424 1459 je
1438 1422 1483 1449 l’ai
1496 1424 1573 1458 pincé
1587 1423 1656 1458 pour
1672 1422 1839 1450 Gwendoline
1851 1431 1877 1450 et
1891 1422 1911 1449 il
1923 1423 2033 1450 viendra
2047 1422 2131 1450 mardi
2145 1424 2229 1450 matin
2242 1433 2303 1450 avec

309 1467 434 1504 Gandrey
444 1467 593 1495 l’entendre
605 1469 619 1494 à
630 1467 654 1495 la
665 1469 769 1495 maison
781 1480 815 1494 »...
829 1468 850 1494 Il
861 1478 893 1494 va
905 1467 1032 1504 déjeuner
1044 1478 1104 1495 avec
1116 1467 1222 1495 Catulle
1234 1469 1356 1500 Mendès,
1370 1480 1379 1492 «
1391 1469 1452 1503 puis
1464 1469 1539 1503 copie
1552 1468 1588 1495 du
1602 1469 1617 1494 2
1619 1466 1629 1482 d
1641 1476 1695 1495 acte
1708 1480 1742 1494 »...

332 1514 377 1544 [La
395 1513 560 1544 Gue'rinière]
574 1512 703 1540 Vendredi
716 1513 760 1544 [26
778 1513 875 1540 octobre
892 1513 975 1544 1888],
993 1513 1086 1549 Séjour
1101 1523 1134 1540 au
1150 1512 1259 1540 château
1275 1512 1307 1540 de
1323 1513 1347 1539 la
1363 1513 1529 1544 Guérinière,
1547 1512 1611 1540 chez
1626 1512 1651 1539 le
1666 1514 1782 1540 vicomte
1798 1512 1831 1540 de
1846 1514 1960 1540 Maupas
1977 1523 1981 1539 :
1999 1525 2008 1537 «
2024 1513 2080 1540 Des
2096 1512 2191 1544 arbres,
2208 1523 2302 1540 encore

308 1557 355 1585 des
368 1557 463 1589 arbres,
478 1559 599 1594 toujours
613 1557 660 1585 des
673 1558 768 1590 arbres,
783 1559 797 1585 à
809 1566 883 1593 perte
897 1557 929 1585 de
942 1568 995 1585 vue
1010 1559 1051 1589 [...]
1065 1559 1142 1585 Mme
1156 1558 1188 1585 de
1201 1559 1324 1593 Maupas,
1339 1559 1390 1585 très
1404 1559 1561 1594 engraissée,
1576 1559 1641 1585 mais
1656 1566 1763 1585 surtout
1776 1557 1809 1585 de
1822 1557 1912 1594 figure,
1927 1559 1996 1585 ravie
2010 1557 2042 1585 de
2056 1568 2098 1585 me
2112 1559 2233 1589 recevoir,
2248 1557 2303 1585 fort

308 1604 456 1638 empressée
469 1614 474 1634 ;
487 1604 547 1638 puis
559 1603 584 1630 le
595 1605 656 1638 père
668 1602 700 1630 de
712 1604 751 1629 M.
765 1603 797 1630 de
808 1604 931 1638 Maupas,
944 1604 1037 1630 ancien
1048 1602 1156 1634 officier,
1170 1602 1259 1634 sourd,
1273 1603 1306 1630 76
1318 1613 1372 1634 ans,
1385 1604 1450 1630 mais
1463 1602 1545 1630 d’une
1557 1604 1735 1630 constitution
1746 1602 1863 1634 robuste,
1876 1602 1909 1630 de
1920 1602 1993 1630 taille
2005 1603 2102 1634 élevée,
2115 1602 2140 1629 la
2150 1604 2212 1630 voix
2223 1602 2301 1634 forte,

308 1648 332 1674 la
342 1647 498 1675 moustache
509 1658 543 1675 en
554 1658 624 1675 crocs
636 1664 650 1667 -
661 1656 781 1683 pouvant
790 1649 864 1675 vivre
875 1656 936 1675 cent
946 1658 992 1675 ans
1005 1659 1009 1679 ;
1022 1659 1060 1675 un
1071 1647 1178 1679 athlète,
1191 1658 1294 1675 comme
1306 1658 1356 1675 son
1365 1647 1415 1679 fils,
1427 1647 1464 1675 du
1475 1656 1543 1675 reste
1554 1649 1608 1683 qui,
1620 1647 1687 1675 d’un
1697 1658 1783 1675 revers
1794 1647 1827 1675 de
1838 1649 1918 1679 main,
1930 1649 2060 1675 enverrait
2070 1656 2118 1675 ton
2128 1658 2226 1683 pauvre
2237 1648 2302 1683 loup

308 1693 397 1720 rouler
409 1694 422 1720 à
434 1694 531 1728 quinze
544 1703 589 1728 pas
604 1703 609 1724 ;
623 1709 638 1712 -
651 1694 716 1720 mais
729 1692 749 1719 il
762 1701 802 1720 est
814 1692 869 1720 bon
882 1703 985 1720 comme
998 1692 1023 1720 le
1036 1694 1105 1728 pain,
1120 1692 1193 1720 doux
1205 1703 1309 1720 comme
1322 1704 1360 1719 un
1372 1703 1481 1729 agneau,
1495 1692 1573 1720 adore
1587 1703 1613 1720 sa
1625 1692 1724 1720 femme
1738 1692 1803 1728 qu’il
1815 1692 1966 1728 contemple
1979 1703 2017 1719 un
2030 1703 2082 1728 peu
2095 1701 2121 1720 et
2134 1694 2180 1728 qui
2193 1703 2220 1720 se
2233 1703 2302 1720 carre

308 1737 373 1765 dans
388 1749 426 1765 un
439 1737 599 1774 magnifique
613 1737 722 1765 château
737 1739 816 1765 Louis
830 1739 891 1764 XIII
905 1739 1114 1765 excessivement
1127 1737 1312 1773 authentique,
1327 1748 1387 1765 avec
1401 1738 1536 1769 tourelles,
1552 1737 1707 1773 pont-levis,
1722 1739 1809 1773 pièces
1824 1738 1927 1769 d’eaux,
1942 1748 2092 1769 communs,
2108 1737 2301 1773 dépendances,

308 1782 406 1810 fermes
422 1793 426 1814 ;
444 1783 496 1810 500
510 1782 628 1810 hectares
642 1782 675 1810 de
689 1782 755 1811 bois.
772 1784 814 1814 [...]
829 1782 920 1810 Grand
934 1782 1064 1814 chasseur,
1079 1784 1119 1809 M.
1135 1782 1167 1810 de
1181 1784 1294 1818 Maupas
1310 1793 1315 1815 ;
1331 1783 1366 1810 40
1380 1784 1394 1809 à
1407 1784 1442 1809 42
1456 1793 1511 1814 ans,
1527 1784 1607 1810 tanné
1621 1793 1666 1818 par
1679 1783 1704 1809 le
1719 1782 1804 1814 soleil,
1819 1784 1941 1819 toujours
1955 1784 1969 1809 à
1982 1784 2116 1818 parcourir
2130 1793 2156 1810 sa
2169 1784 2302 1818 propriété

308 1828 373 1863 qu’il
387 1827 512 1855 surveille
525 1827 610 1855 ferme
624 1836 650 1855 et
662 1827 702 1855 lui
714 1836 836 1863 rapporte
849 1838 909 1864 gros
925 1838 929 1859 ;
944 1827 990 1855 dix
1002 1829 1015 1854 à
1028 1827 1115 1855 douze
1128 1828 1255 1859 chevaux,
1270 1828 1305 1855 20
1317 1827 1421 1859 vaches,
1436 1827 1482 1855 des
1496 1827 1599 1864 légions
1613 1827 1646 1855 de
1659 1827 1763 1863 poules,
1777 1827 1814 1855 du
1827 1827 1908 1863 lapin,
1923 1827 1960 1855 du
1973 1827 2063 1859 lièvre,
2078 1828 2114 1855 du
2128 1827 2264 1855 chevreuil
2277 1836 2303 1855 et

90 3070 126 3099 10
