2480 3188
216 215 258 250 11.
303 213 393 250 Jules
408 208 573 248 CHÉRET
586 214 788 249 (1836-1932).
803 214 909 244 Dessin
922 214 1047 254 original
1061 215 1143 254 signé
1156 214 1196 244 du
1210 226 1433 254 monogramme
1447 214 1530 249 «JCh.
1545 215 1564 249 »,
1579 215 1706 244 Pierrot
1718 214 1895 253 Sceptique,
1912 215 2008 249 [1881]
2025 226 2030 249 ;
2045 216 2125 244 mine
2139 214 2175 244 de
2188 214 2300 253 plomb,

308 264 420 303 plume,
435 276 519 294 encre
533 264 569 294 de
584 264 681 294 Chine
695 273 724 294 et
737 264 881 303 aquarelle
896 276 946 294 sur
958 265 1058 303 papier
1070 264 1181 299 bleuté,
1198 265 1265 299 15,7
1278 276 1297 293 x
1312 265 1347 294 10
1361 276 1415 299 cm,
1431 264 1617 294 contrecollé.
2166 265 2302 294 400/500

331 325 482 354 Maquette
495 332 528 350 de
542 332 714 359 couverture
728 324 797 359 pour
812 324 910 351 Pierrot
923 324 1061 359 Sceptique,
1077 325 1241 359 pantomime
1255 334 1301 359 par
1314 325 1386 351 Léon
1400 325 1543 354 Hennique
1557 332 1583 351 et
1594 325 1661 355 J.-K.
1677 325 1829 355 Huysmans
1844 318 1974 355 (Édouard
1989 324 2137 360 Rouveyre,
2156 324 2240 355 1881).
2256 324 2303 351 On

305 369 379 399 JOINT
393 369 410 395 4
425 372 550 396 épreuves
564 377 805 399 lithographiques
821 379 825 395 :
841 368 912 396 deux
927 370 993 396 états
1009 368 1042 396 de
1056 368 1080 395 la
1095 377 1252 396 couverture
1267 377 1294 396 et
1307 368 1473 404 frontispice,
1490 377 1516 396 et
1530 368 1568 396 les
1584 368 1655 396 deux
1669 368 1854 400 illustrations,
1871 379 1924 396 une
1939 379 1999 396 avec
2013 368 2052 396 les
2067 368 2138 396 deux
2152 370 2219 396 têtes
2234 379 2303 404 pour

309 415 392 441 servir
404 414 436 441 de
448 415 588 450 vignettes.

216 509 260 544 12.
303 509 598 547 Jean-Dominique
612 509 764 543 INGRES
778 509 977 543 (1780-1867).
991 509 1101 543 L.A.S.,
1115 509 1191 538 Paris
1205 509 1243 538 28
1256 508 1329 538 avril
1343 509 1429 543 1849,
1443 520 1480 538 au
1492 510 1617 548 pianiste
1630 508 1756 538 Camille
1770 508 1910 543 Stamaty
1923 520 1929 543 ;
1946 510 1958 537 1
1973 520 2044 548 page
2057 517 2085 538 et
2098 508 2195 538 demie
2207 509 2300 537 in-12.

2168 559 2302 588 500/600

332 617 353 644 Il
364 626 475 654 regrette
487 617 519 645 de
530 618 630 645 n’avoir
640 628 677 653 pu
689 618 753 645 aller
763 617 912 645 l’entendre
923 617 947 645 la
957 617 1045 649 veille,
1058 630 1067 642 «
1079 619 1144 645 mais
1153 619 1179 654 je
1192 619 1247 645 suis
1258 619 1344 645 rentré
1356 619 1378 645 si
1389 617 1490 654 fatigué
1502 617 1534 645 de
1546 628 1611 645 mon
1621 617 1712 645 atelier
1723 619 1759 645 où
1770 628 1809 645 un
1819 618 1910 645 travail
1921 617 1986 654 long
1997 626 2022 645 et
2033 617 2141 653 pénible
2152 628 2195 645 me
2206 619 2303 645 retient

308 664 360 690 très
372 662 429 690 tard
441 671 502 690 tous
514 662 553 690 les
562 664 637 699 jours
650 671 676 690 et
688 663 755 690 dont
763 664 790 699 je
803 673 858 690 sors
871 664 984 690 exténué
997 663 1062 698 qu’il
1074 663 1126 689 m’a
1137 664 1178 690 été
1190 662 1346 698 impossible
1358 662 1391 690 de
1404 664 1483 690 sortir
1494 662 1519 690 le
1532 664 1585 690 soir
1596 675 1631 689 »...

333 709 431 744 [Ingres
445 709 552 735 connaît
565 707 660 743 depuis
674 718 724 735 son
737 707 847 735 enfance
861 708 885 734 le
899 709 1011 743 pianiste
1025 716 1051 735 et
1064 709 1244 743 compositeur
1258 707 1470 735 Camille-Marie
1485 708 1603 744 Stamaty
1616 708 1795 739 (1811-1870),
1810 709 1856 743 qui
1869 707 1959 744 figure,
1974 709 2018 744 âgé
2032 707 2065 735 de
2079 716 2137 743 sept
2149 718 2204 739 ans,
2220 718 2265 735 sur
2277 708 2302 735 le

308 752 409 781 célèbre
422 752 513 780 dessin
524 754 706 788 représentant
717 752 742 780 la
753 752 855 780 famille
868 753 986 789 Stamaty
999 763 1004 784 ;
1018 763 1045 780 sa
1057 763 1129 780 sœur
1140 754 1214 780 aînée
1226 753 1426 780 Pauline-Atala
1437 752 1482 780 fut
1493 752 1587 780 l’élève
1600 752 1736 789 d’Ingres.]

216 848 260 883 13.
303 848 598 886 Jean-Dominique
616 848 777 877 INGRES.
796 848 813 876 2
829 848 939 882 L.A.S.,
958 848 1044 882 [Paris
1062 848 1159 882 1850],
1177 859 1213 877 au
1229 849 1354 887 pianiste
1371 847 1496 877 Camille
1514 848 1654 877 Stamaty
1671 859 1676 882 ;
1696 848 1710 876 1
1728 858 1798 887 page
1814 848 1879 877 in-8
1896 847 2007 887 chaque
2023 848 2107 887 (petit
2123 847 2225 882 deuil),
2242 859 2302 877 une

308 897 431 927 adresse.
2135 898 2225 927 800/1
2242 898 2302 927 000

332 957 464 984 Mercredi
475 958 491 984 6
506 967 575 984 mars
586 957 681 988 [1850].
696 957 717 983 Il
730 967 764 984 ne
777 965 842 992 peut
854 958 930 984 venir
942 958 956 983 à
969 967 1019 984 son
1032 965 1138 984 concert
1151 967 1180 984 ce
1194 958 1247 984 soir
1261 968 1265 983 :
1280 969 1289 982 «
1303 967 1342 984 un
1354 956 1449 984 rhume
1463 959 1515 984 très
1527 956 1632 984 violent
1645 958 1690 992 qui
1703 967 1746 983 me
1760 957 1850 984 donne
1863 957 1887 983 la
1899 956 1978 984 fièvre
1991 967 2034 984 me
2047 956 2118 984 force
2131 958 2144 983 à
2157 957 2248 993 garder
2261 967 2303 983 ma

308 1001 430 1030 chambre
443 1010 469 1029 et
480 1001 505 1029 le
517 1002 549 1029 lit
561 1014 570 1026 »
584 1012 589 1033 ;
602 1002 621 1028 il
633 1001 742 1029 l’assure
755 1002 787 1029 de
800 1012 850 1029 son
861 1002 1040 1029 attachement
1052 1010 1078 1029 et
1090 1001 1122 1029 de
1136 1012 1185 1029 son
1196 1001 1362 1029 admiration.

332 1048 362 1073 21
377 1048 432 1074 mai
439 1047 534 1078 [1850].
546 1046 567 1073 Il
577 1055 688 1083 regrette
699 1046 732 1074 de
743 1059 752 1072 «
763 1046 855 1074 devoir
864 1055 983 1082 reporter
992 1057 1046 1074 une
1057 1048 1079 1074 si
1089 1047 1208 1083 agréable
1218 1048 1301 1082 partie
1312 1046 1345 1074 de
1355 1046 1457 1074 famille
1468 1048 1514 1082 qui
1524 1047 1603 1074 m’est
1614 1048 1635 1074 si
1646 1046 1730 1079 chère,
1742 1048 1807 1074 mais
1815 1048 1842 1083 je
1852 1057 1886 1074 ne
1896 1048 1957 1082 puis
1968 1046 2086 1074 décliner
2096 1058 2149 1074 une
2160 1048 2303 1074 invitation

308 1091 372 1119 chez
384 1093 423 1118 M.
437 1092 527 1119 Reiset
539 1104 556 1118 ».
570 1091 591 1118 Il
603 1093 659 1128 prie
671 1092 704 1119 de
716 1091 845 1119 l’excuser
856 1093 949 1127 auprès
962 1091 995 1119 de
1008 1102 1034 1119 sa
1045 1091 1144 1119 femme
1157 1100 1183 1119 et
1195 1092 1227 1119 de
1240 1102 1267 1119 sa
1278 1093 1360 1127 petite
1372 1091 1450 1119 fille...

216 1187 259 1222 14.
303 1187 598 1225 Jean-Dominique
613 1187 774 1216 INGRES.
789 1187 899 1221 L.A.S.,
914 1186 1010 1221 lundi,
1025 1198 1061 1216 au
1074 1188 1200 1226 pianiste
1214 1186 1339 1216 Camille
1354 1187 1495 1216 Stamaty
1509 1198 1515 1221 ;
1532 1187 1545 1215 1
1561 1197 1632 1226 page
1645 1188 1720 1226 petit
1732 1187 1806 1216 in-8.
2168 1187 2302 1216 500/700

332 1245 353 1272 Il
363 1254 474 1282 regrette
485 1246 510 1273 le
521 1258 530 1270 «
541 1254 718 1282 contretemps
729 1247 775 1281 qui
786 1256 828 1273 me
839 1247 912 1281 prive
923 1245 956 1273 de
966 1256 1033 1273 vous
1045 1246 1172 1273 entendre
1183 1246 1266 1273 mardi
1278 1257 1283 1278 ;
1296 1247 1379 1273 soirée
1390 1245 1490 1274 double
1501 1245 1568 1273 dont
1578 1246 1597 1272 il
1608 1247 1686 1273 m’est
1697 1245 1852 1281 impossible
1863 1245 1896 1273 de
1907 1256 1949 1273 me
1960 1246 2071 1282 dégager
2081 1258 2090 1270 »
2103 1257 2107 1278 ;
2119 1246 2139 1272 il
2149 1246 2188 1273 lui
2199 1246 2302 1273 adresse

309 1301 349 1318 ses
362 1292 465 1318 amitiés
478 1299 504 1318 et
516 1301 565 1318 son
577 1291 735 1318 admiration
748 1302 752 1317 :
766 1303 776 1316 «
787 1292 856 1318 Tout
867 1293 881 1318 à
891 1301 959 1318 vous
971 1291 1004 1318 de
1017 1301 1090 1318 cœur
1101 1292 1161 1322 ami,
1175 1291 1311 1318 charmant
1325 1291 1500 1318 Cassandrius
1510 1303 1527 1317 ».

332 1336 378 1363 On
388 1344 462 1366 JOINT
473 1346 526 1363 une
539 1336 591 1363 L.S.
605 1346 636 1363 au
650 1337 745 1367 même,
759 1338 795 1363 où
807 1337 896 1372 Ingres
909 1336 948 1363 dit
960 1346 994 1363 ne
1006 1337 1120 1371 pouvoir
1131 1337 1211 1363 sortir
1223 1347 1227 1362 :
1238 1337 1264 1372 je
1276 1336 1353 1372 garde
1365 1336 1390 1363 la
1401 1336 1524 1364 chambre
1536 1346 1604 1371 pour
1616 1337 1722 1372 soigner
1733 1346 1790 1363 mes
1801 1346 1872 1372 yeux
1883 1336 1999 1363 malades
2011 1348 2046 1362 »...
2060 1336 2084 1367 (1
2098 1346 2122 1372 p.
2136 1336 2212 1367 in-8).

1262 1949 1305 1983 15.
1349 1948 1643 1987 Jean-Dominique
1659 1948 1820 1978 INGRES.
1836 1948 1946 1983 L.A.S.,
1962 1948 2038 1977 Paris
2055 1949 2090 1977 17
2104 1947 2176 1978 avril
2192 1948 2300 1983 [1852],

1353 2010 1390 2028 au
1403 1999 1528 2037 pianiste
1542 1997 1668 2028 Camille
1682 1998 1823 2033 STAMATY
1837 2010 1843 2033 ;
1861 1999 1874 2027 1
1890 2009 1960 2038 page
1973 1998 2047 2028 in-8.
2104 1999 2118 2027 1
2134 1998 2225 2028 000/1
2243 1998 2302 2028 200

1378 2058 1432 2084 Sur
1441 2066 1474 2084 la
1484 2065 1602 2088 musique
1612 2066 1641 2084 et
1652 2065 1701 2084 sur
1712 2065 1763 2084 son
1773 2059 1923 2089 remariage
1935 2059 2033 2094 [Ingres
2045 2059 2145 2093 épouse
2156 2057 2180 2084 le
2194 2058 2224 2084 15
2237 2057 2302 2084 avril

1355 2103 1433 2134 1852,
1446 2113 1480 2129 en
1492 2102 1646 2129 deuxièmes
1659 2113 1747 2134 noces,
1761 2102 1898 2138 Delphine
1910 2102 2021 2134 Ramel].

1377 2160 1386 2172 «
1397 2147 1417 2174 Il
1427 2159 1446 2184 y
1455 2158 1469 2174 a
1478 2158 1516 2174 un
1526 2158 1559 2174 an
1569 2157 1620 2183 que
1627 2149 1654 2184 je
1664 2147 1806 2174 n’entends
1816 2147 1877 2183 plus
1888 2147 1921 2175 de
1931 2149 2064 2183 musique,
2076 2155 2191 2174 souvent
2200 2147 2302 2174 malade

1353 2201 1379 2219 et
1400 2194 1460 2228 puis
1482 2192 1614 2219 détourné
1634 2203 1680 2228 par
1700 2192 1890 2219 d’incessantes
1911 2194 2130 2228 préoccupations
2151 2200 2303 2219 nottament

1353 2237 1419 2264 celle
1435 2237 1468 2264 de
1484 2248 1548 2264 mon
1564 2239 1675 2274 mariage
1691 2237 1759 2264 dont
1771 2238 1816 2274 j’ai
1832 2237 1978 2264 l’honneur
1993 2237 2026 2264 de
2041 2248 2108 2264 vous
2124 2237 2188 2264 faire
2203 2246 2261 2273 part
2277 2246 2303 2264 et

1353 2284 1399 2318 qui
1416 2284 1491 2309 vient
1508 2282 1541 2309 de
1559 2282 1722 2318 s’accomplir
1740 2293 1802 2309 sous
1820 2282 1858 2309 les
1876 2282 1937 2318 plus
1955 2282 2075 2309 heureux
2092 2284 2211 2318 auspices
2226 2282 2302 2319 jeudi

1353 2327 1460 2354 dernier
1477 2340 1494 2354 ».
1513 2327 1534 2354 Il
1551 2335 1662 2364 regrette
1680 2340 1689 2352 «
1707 2327 1740 2354 de
1757 2338 1791 2354 ne
1808 2338 1853 2363 pas
1871 2327 1983 2363 profiter,
2002 2327 2067 2354 dans
2085 2338 2113 2354 ce
2131 2336 2252 2354 moment
2269 2327 2302 2354 de

1353 2372 1444 2399 l’offre
1461 2372 1610 2409 obligeante
1627 2372 1660 2399 de
1676 2383 1724 2399 vos
1741 2372 1839 2400 billets.
1857 2374 1890 2399 La
1906 2374 2044 2408 Musique,
2059 2373 2180 2409 j’espère,
2198 2383 2259 2399 aura
2276 2383 2303 2399 sa

1353 2417 1482 2444 revanche
1499 2428 1537 2444 un
1551 2419 1614 2454 jour
1630 2428 1699 2453 pour
1716 2428 1759 2444 me
1776 2417 1964 2454 dédommager
1981 2417 2027 2444 des
2045 2419 2192 2453 privations
2210 2427 2261 2453 que
2275 2419 2302 2454 je

1354 2463 1494 2498 m’impose
1512 2462 1684 2499 aujourd’hui
1703 2462 1859 2489 d’entendre
1878 2470 1904 2489 et
1922 2462 2064 2489 d’admirer
2081 2462 2147 2489 celle
2166 2472 2217 2498 que
2234 2473 2302 2489 vous

1353 2507 1430 2534 faites
1442 2518 1502 2535 avec
1514 2518 1568 2534 une
1580 2509 1602 2534 si
1614 2507 1694 2534 haute
1706 2507 1855 2543 perfection
1868 2508 1873 2534 !
1886 2520 1921 2534 »...

97 3069 116 3099 6
