2480 3188
273 214 310 240 du
324 213 438 250 sanglier
450 224 492 240 car
504 214 523 240 il
536 213 627 241 chasse
640 215 653 240 à
666 224 767 245 courre,
782 230 797 232 -
810 222 915 249 partant
928 213 988 249 plus
1002 214 1035 241 de
1049 215 1190 249 cinquante
1204 213 1296 241 chiens
1311 224 1316 245 ;
1330 224 1358 248 ça
1371 213 1446 242 aboie
1460 213 1493 241 de
1506 222 1567 241 tous
1580 213 1619 241 les
1633 215 1712 241 côtés.
1726 214 1771 241 Pas
1785 215 1884 245 artiste,
1898 215 1964 240 mais
1977 213 2137 250 intelligent,
2151 215 2203 241 très
2217 215 2265 250 gai,

273 261 324 286 très
336 259 453 290 robuste,
466 258 537 286 enfin
548 267 574 286 et
585 260 716 286 vraiment
727 270 766 286 un
777 258 913 286 charmant
924 258 1041 286 homme.
1053 260 1139 294 Après
1151 259 1176 286 le
1187 259 1270 290 dîner,
1283 260 1407 294 musique
1418 260 1432 286 à
1442 260 1459 285 4
1471 260 1556 286 mains
1567 269 1627 286 avec
1638 259 1663 285 la
1673 260 1809 286 maîtresse
1820 259 1853 286 de
1864 259 1889 285 la
1899 260 2003 286 maison
2015 260 2057 290 [...]
2070 259 2108 286 Ce
2120 260 2212 291 matin,
2221 260 2267 295 j’ai

272 305 351 331 visité
364 304 388 331 le
401 314 460 340 parc
473 315 533 331 avec
545 305 585 331 M.
600 304 633 331 de
645 305 759 340 Maupas
774 315 779 336 ;
794 304 813 331 il
825 315 844 341 y
856 315 870 331 a
882 304 914 336 là,
925 306 952 341 je
965 304 1004 331 les
1016 305 1074 331 vois
1088 306 1175 331 même
1188 304 1258 336 d’ici,
1273 315 1307 331 en
1320 305 1466 336 t’écrivant,
1483 305 1496 331 5
1511 304 1597 332 arbres
1610 306 1669 341 âgés
1682 304 1715 331 de
1730 305 1783 331 600
1796 315 1844 331 ans
1855 306 1900 340 qui
1914 312 1975 331 sont
1989 304 2035 331 des
2048 304 2199 331 merveilles
2214 305 2265 336 [...],

272 360 332 376 avec
346 349 393 376 des
407 357 495 376 troncs
510 351 633 376 énormes
647 351 683 376 où
698 360 724 376 se
738 358 838 376 terrent
852 349 890 376 les
904 349 998 385 lapins,
1013 351 1085 376 voire
1099 351 1186 376 même
1201 349 1247 376 des
1261 349 1375 381 renards,
1390 351 1459 385 puis,
1475 349 1536 385 plus
1550 349 1624 381 haut,
1639 349 1754 376 d’autres
1769 351 1865 376 cavités
1879 349 1992 377 bizarres
2007 357 2113 376 servant
2126 349 2159 376 de
2173 351 2240 386 gîtes
2254 351 2267 376 à

273 394 319 422 des
332 394 448 421 familles
461 396 574 421 entières
588 394 620 421 de
634 394 744 426 hiboux,
759 394 792 422 de
805 394 944 422 chouettes
958 403 1005 422 etc.
1021 405 1026 426 ;
1040 394 1060 421 il
1072 396 1154 430 paraît
1167 395 1245 430 qu’au
1258 396 1406 430 printemps
1419 405 1461 422 ces
1475 394 1561 422 arbres
1574 394 1684 421 cachent
1697 403 1723 421 et
1735 394 1850 422 abritent
1863 394 1901 421 les
1914 405 2020 422 amours
2034 394 2066 421 de
2079 402 2168 422 toutes
2182 402 2266 422 sortes

273 439 306 467 de
320 440 402 471 bêtes,
418 440 474 475 poil
488 450 524 467 ou
538 440 630 475 plume
646 451 651 471 ;
667 441 747 475 qu’on
762 440 801 476 s’y
815 439 955 471 embrasse,
971 440 1051 475 qu’on
1066 440 1105 476 s’y
1118 439 1222 475 flanque
1237 439 1283 467 des
1297 439 1394 467 raclées
1409 448 1434 467 et
1449 440 1529 475 qu’on
1542 451 1561 476 y
1574 439 1663 475 piaille
1677 441 1691 466 à
1704 440 1752 468 bec
1766 450 1801 467 ou
1816 441 1830 467 à
1843 450 1954 467 museau
1969 449 2020 475 que
2033 448 2154 467 veux-tu.
2167 441 2196 471 Je
2211 441 2267 467 suis

272 487 340 512 resté
352 485 508 512 réellement
520 495 554 512 en
566 485 776 521 contemplation
788 485 885 512 devant
898 495 939 512 ces
951 485 1105 513 vénérables
1117 485 1204 513 arbres
1216 485 1283 512 dont
1295 485 1334 512 les
1346 486 1446 512 racines
1458 493 1506 512 ont
1518 495 1612 512 encore
1624 495 1696 512 assez
1709 485 1742 512 de
1754 484 1825 512 force
1837 493 1863 512 et
1875 485 1908 512 de
1921 487 1981 512 sève
1993 495 2062 521 pour
2073 485 2178 512 donner
2188 485 2213 512 la
2224 486 2267 512 vie

273 532 286 557 à
299 530 332 557 de
342 532 438 567 jeunes
452 532 532 566 petits
546 530 728 567 châtaigniers,
744 532 789 566 qui
803 538 933 566 poussent
946 530 978 562 là,
994 541 1056 557 sous
1070 530 1108 557 les
1122 532 1267 557 immenses
1281 530 1344 557 ailes
1358 530 1390 557 de
1404 530 1475 557 leurs
1489 530 1795 567 arrières-grands-pères
1810 541 1815 561 ;
1830 530 1918 566 quelle
1931 530 2002 557 force
2018 531 2022 557 !
2037 531 2101 557 c’est
2114 530 2265 558 admirable.

272 572 298 602 À
310 575 420 603 l’ombre
432 575 465 603 de
476 575 570 611 pareils
582 577 681 612 géants,
694 575 714 602 il
726 575 827 603 semble
839 576 919 611 qu’on
930 586 964 602 ne
976 577 1151 611 composerait
1162 586 1207 611 pas
1219 586 1273 602 une
1285 577 1432 607 mièvrerie,
1442 577 1468 612 je
1480 576 1598 602 t’assure.
1612 592 1626 594 -
1635 577 1664 607 Je
1676 577 1838 602 retournerai
1850 575 1888 602 les
1900 577 1958 603 voir
1970 586 1975 607 ;
1988 576 2053 602 c’est
2064 577 2155 602 mieux
2166 585 2218 611 que
2230 575 2267 602 du

272 622 410 648 Massenet
425 631 429 652 ;
444 631 486 648 ces
500 620 586 649 arbres
599 631 642 647 me
655 620 716 648 font
728 631 824 656 penser
837 631 869 648 au
882 622 943 656 père
957 620 1033 652 Bach,
1048 622 1094 656 qui
1107 622 1213 648 nourrit
1226 631 1320 648 encore
1333 620 1370 648 du
1383 629 1459 652 reste,
1474 631 1578 648 comme
1591 631 1651 652 eux,
1666 620 1698 648 de
1709 622 1805 657 jeunes
1818 622 1985 657 générations
1998 620 2031 648 de
2044 622 2198 652 musiciens,
2213 637 2228 640 -
2241 629 2267 648 et

272 666 311 693 les
323 667 445 693 nourrira
456 667 578 702 toujours
590 678 624 692 »...
638 667 691 693 Etc.

298 712 333 738 La
351 711 505 738 Membrolle
521 712 653 743 [automne
673 712 755 743 1888],
776 723 785 736 «
803 712 921 743 Maman,
938 712 965 748 je
983 711 1060 738 fume
1078 711 1217 747 beaucoup
1235 713 1332 743 moins,
1349 713 1376 748 je
1394 712 1512 743 t’assure,
1532 719 1558 738 et
1577 722 1619 738 me
1638 719 1714 747 porte
1732 710 1926 747 parfaitement.
1946 712 1979 738 Le
1998 711 2063 747 loup
2082 719 2122 738 est
2140 711 2187 738 des
2205 711 2266 747 plus

273 756 456 784 convenables.
469 757 501 783 La
512 758 582 783 mère
594 756 702 783 Bordier
712 756 831 783 attendra
843 767 848 788 ;
860 764 928 783 cette
939 756 1038 783 femme
1049 756 1224 792 m’horripile.
1238 757 1280 788 [...]
1292 756 1313 783 Il
1323 758 1413 792 paraît,
1426 758 1448 783 si
1459 756 1513 783 cela
1523 765 1588 792 peut
1599 757 1767 788 t’intéresser,
1780 756 1877 792 qu’elle
1888 756 1945 783 lève
1956 756 1981 783 le
1992 756 2077 783 coude
2089 765 2115 783 et
2125 756 2222 792 qu’elle
2233 767 2267 783 ne

269 803 341 838 jouit
352 812 398 837 pas
410 801 443 829 de
455 810 544 829 toutes
558 812 598 829 ses
610 801 723 829 facultés
737 812 742 833 ;
756 802 792 828 du
805 810 881 833 reste,
894 812 923 829 ce
935 802 1004 829 n’est
1015 812 1060 837 pas
1073 803 1095 829 si
1107 812 1235 828 commun
1247 811 1298 837 que
1311 812 1338 836 ça
1350 801 1383 829 de
1392 803 1465 838 jouir
1477 801 1509 828 de
1522 810 1611 829 toutes
1624 812 1665 829 ses
1677 801 1797 828 facultés.
1811 803 1842 829 Et
1854 812 1882 829 ce
1895 803 1940 837 qui
1952 801 1977 829 le
1989 812 2089 837 prouve
2102 802 2166 829 c’est
2178 811 2229 837 que
2241 810 2267 828 ta

272 848 343 874 mère
354 855 380 874 et
389 847 413 873 la
423 848 529 878 Nanon,
541 848 586 882 qui
597 846 737 878 s’adorent,
749 855 822 874 entre
832 847 1012 882 parenthèses,
1023 848 1161 879 viennent,
1173 857 1218 882 par
1228 857 1266 874 un
1275 846 1347 874 froid
1357 847 1552 878 d’Emmanuel,
1563 847 1723 874 c’est-à-dire
1733 846 1766 874 de
1779 846 1842 883 loup,
1854 847 1887 874 de
1897 848 1979 882 partir
1988 857 2056 882 pour
2066 855 2134 874 cette
2144 846 2267 875 imbécile

273 892 306 919 de
320 892 439 919 Chaînée
453 892 544 928 gauler
557 892 603 919 des
617 893 682 919 noix
696 893 738 924 [...]
754 893 800 919 Du
814 900 890 924 reste,
905 903 947 919 ces
962 892 1033 919 deux
1047 892 1166 928 duègnes
1181 900 1242 919 sont
1255 894 1349 919 vêtues
1363 893 1572 928 copieusement.
1588 892 1626 927 Ça
1639 892 1698 919 leur
1711 891 1765 919 fera
1778 893 1911 928 peut-être
1925 892 1962 919 du
1976 892 2046 920 bien.
2062 892 2131 919 Elles
2145 891 2206 919 font
2220 892 2266 919 des

272 939 399 964 tournées
412 937 476 964 dans
489 937 513 964 le
522 937 618 974 jardin,
631 937 696 964 elles
708 937 854 974 grabugent
863 938 969 974 jusqu’à
981 937 1025 964 dix
1037 937 1133 964 heures
1145 949 1180 964 »...
1194 938 1246 964 Etc.

296 984 343 1014 [La
357 982 517 1014 Membrolle,
536 993 591 1010 vers
606 982 629 1009 le
645 984 672 1009 11
693 982 826 1009 novembre
842 983 925 1014 1888],
942 995 951 1007 «
966 984 1076 1009 Maman
1093 984 1097 1009 !
1110 983 1256 1019 j’esquinte
1271 993 1327 1009 mes
1344 982 1426 1010 belles
1442 982 1572 1009 chemises
1589 993 1634 1009 sur
1648 993 1713 1009 mon
1728 982 1809 1010 établi
1824 991 1850 1009 et
1862 984 1888 1019 je
1903 982 2027 1009 voudrais
2042 982 2081 1009 les
2096 984 2219 1019 ménager
2234 995 2243 1007 »
2260 993 2265 1014 ;

272 1027 530 1055 recommandations
543 1038 611 1063 pour
623 1027 718 1055 l’achat
730 1027 763 1055 de
775 1027 915 1055 nouvelles
928 1028 1084 1055 chemises...
1098 1040 1107 1052 «
1120 1028 1166 1054 Ah
1180 1029 1184 1054 !
1198 1028 1274 1055 Mme
1287 1028 1372 1054 Kerst
1384 1035 1478 1055 trouve
1490 1037 1541 1063 que
1551 1029 1578 1064 je
1590 1038 1624 1054 ne
1637 1038 1679 1054 me
1692 1038 1783 1054 remue
1795 1038 1840 1063 pas
1853 1038 1925 1054 assez
1939 1029 1943 1054 !
1954 1029 1981 1064 je
1994 1038 2027 1054 ne
2041 1029 2090 1054 sais
2103 1038 2148 1063 pas
2161 1038 2189 1054 ce
2202 1027 2267 1063 qu’il

272 1072 312 1100 lui
324 1072 382 1100 faut
395 1081 421 1100 et
433 1083 461 1099 ce
473 1073 542 1100 n’est
554 1083 599 1108 pas
611 1072 744 1108 l’opinion
756 1082 807 1108 que
819 1072 875 1100 l’on
887 1083 900 1099 a
912 1072 945 1100 de
957 1074 1013 1100 moi
1025 1073 1229 1109 généralement.
1242 1074 1311 1104 Moi,
1321 1074 1348 1109 je
1361 1081 1454 1100 trouve
1467 1074 1519 1100 très
1532 1074 1638 1108 épatant
1650 1072 1675 1099 le
1688 1072 1795 1099 chemin
1807 1083 1937 1108 parcouru
1950 1083 1984 1099 en
1996 1072 2041 1100 dix
2053 1083 2108 1104 ans,
2119 1074 2145 1109 je
2158 1073 2209 1099 n’ai
2221 1083 2266 1108 pas

272 1120 286 1145 à
298 1129 341 1145 me
353 1117 481 1154 plaindre,
495 1120 568 1145 étant
580 1118 670 1145 donné
683 1117 707 1145 la
719 1119 828 1145 carrière
841 1118 949 1146 terrible
962 1120 998 1145 où
1007 1119 1034 1154 je
1047 1129 1089 1145 me
1103 1119 1158 1145 suis
1171 1120 1276 1154 engagé.
1290 1135 1304 1137 -
1318 1118 1411 1150 Quant
1424 1119 1437 1149 à
1445 1118 1556 1154 Jocelyn,
1570 1118 1602 1145 ils
1615 1117 1756 1149 retardent,
1770 1118 1808 1145 les
1821 1119 1907 1150 Kerst,
1921 1126 1947 1145 et
1959 1117 2041 1150 hélas,
2056 1118 2175 1145 Godard
2187 1119 2265 1145 aussi.

273 1164 347 1190 C’est
359 1163 392 1190 de
404 1163 428 1190 la
440 1164 564 1199 musique
576 1163 609 1190 de
624 1164 701 1195 1850,
714 1171 740 1190 et
752 1164 816 1190 c’est
828 1163 888 1195 elle,
901 1163 925 1190 la
937 1173 1034 1199 pauvre
1046 1163 1131 1195 dame,
1145 1164 1190 1199 qui
1202 1174 1236 1190 ne
1249 1174 1276 1190 se
1288 1174 1379 1190 remue
1391 1173 1435 1199 pas
1448 1174 1520 1190 assez
1534 1174 1539 1195 ;
1552 1163 1603 1190 elle
1615 1164 1719 1195 verrait,
1733 1164 1754 1190 si
1766 1163 1818 1190 elle
1830 1174 1857 1190 se
1869 1164 1990 1195 remuait,
2003 1173 2054 1199 que
2067 1163 2126 1190 l’art
2138 1174 2151 1190 a
2163 1163 2267 1190 marché

273 1208 368 1244 depuis
376 1208 480 1245 Jocelyn
492 1209 496 1235 !
509 1208 542 1235 ah
553 1208 644 1235 fichtre
658 1209 662 1235 !
675 1208 708 1235 ah
720 1208 820 1245 bougre
833 1209 837 1235 !
851 1210 916 1235 mais
928 1209 992 1235 c’est
1004 1219 1098 1235 encore
1110 1208 1156 1235 des
1168 1210 1285 1235 maisons
1297 1210 1310 1235 à
1321 1208 1422 1240 chiens,
1435 1219 1463 1243 ça
1475 1219 1480 1240 ;
1493 1208 1546 1235 l’an
1558 1208 1692 1244 prochain,
1705 1208 1724 1235 il
1735 1219 1754 1245 y
1765 1219 1825 1235 aura
1837 1219 1875 1235 un
1886 1216 2036 1244 perroquet,
2049 1209 2113 1235 c’est
2125 1208 2190 1235 dans
2202 1208 2265 1240 l’air,

269 1255 296 1290 je
308 1253 333 1280 le
346 1264 406 1280 sens
419 1266 454 1280 »...

299 1299 523 1334 Correspondance
533 1299 631 1330 (88-61,
646 1299 733 1330 88-67,
747 1299 857 1330 88-104,
872 1299 951 1326 83-31
967 1298 1097 1330 [redatée],
1111 1299 1230 1330 88-123).
1244 1299 1381 1326 Ancienne
1393 1298 1523 1326 collection
1535 1299 1639 1326 Francis
1650 1299 1776 1326 Poulenc.

179 1394 226 1423 28.
273 1393 462 1423 Emmanuel
479 1394 704 1423 CHABRIER.
723 1394 757 1423 19
772 1394 871 1423 L.A.S.
888 1407 898 1421 «
913 1393 1087 1423 Emmanuel
1102 1407 1112 1420 »
1128 1405 1167 1423 ou
1182 1407 1192 1421 «
1207 1393 1304 1423 Emml
1319 1407 1339 1428 »,
1358 1394 1538 1428 1888-1892,
1554 1395 1569 1423 à
1583 1402 1640 1423 son
1653 1402 1706 1423 fils
1720 1394 1846 1423 Marcel
1861 1405 1867 1428 ;
1884 1394 1922 1423 34
1936 1405 2022 1434 pages
2037 1394 2101 1423 in-8
2117 1405 2156 1423 ou
2171 1394 2265 1428 in-12,

274 1444 291 1473 2
305 1443 444 1478 adresses,
460 1444 477 1473 2
492 1443 592 1473 lettres
605 1455 642 1473 au
655 1455 760 1484 crayon
774 1452 803 1473 et
817 1444 832 1473 3
848 1455 884 1473 au
898 1455 1002 1484 crayon
1016 1443 1086 1474 bleu
1100 1444 1163 1483 (qqs
1176 1445 1283 1483 petites
1296 1443 1393 1473 fentes
1406 1444 1555 1483 réparées).
2068 1444 2085 1473 2
2099 1444 2191 1473 000/3
2206 1444 2267 1473 000

296 1504 476 1530 Affectueuse
487 1512 517 1530 et
527 1511 670 1530 amusante
681 1511 922 1530 correspondance
933 1507 952 1530 à
963 1511 1014 1530 son
1026 1511 1073 1530 fils
1084 1507 1145 1530 aîné
1157 1504 1199 1534 (né
1212 1514 1245 1530 en
1260 1504 1342 1535 1874).

292 1550 382 1585 Jersey
396 1548 528 1576 Mercredi
542 1549 587 1580 [22
605 1550 667 1576 août
683 1549 766 1580 1888].
785 1561 794 1573 «
812 1548 884 1576 Cher
899 1548 1008 1580 Marcel,
1026 1559 1095 1576 nous
1113 1559 1229 1576 sommes
1246 1550 1344 1576 arrivés
1360 1548 1419 1575 hier
1435 1550 1489 1576 soir
1504 1559 1550 1584 par
1566 1559 1619 1575 une
1636 1548 1710 1584 pluie
1727 1548 1844 1577 battante
1863 1559 1868 1580 ;
1886 1550 1960 1580 mais,
1978 1548 2128 1576 descendus
2145 1548 2209 1575 chez
2226 1550 2265 1575 M.

273 1594 440 1630 O’Flaherty,
452 1603 503 1629 que
513 1595 612 1621 Nanon
622 1595 729 1621 connaît
739 1593 772 1621 de
783 1593 928 1625 Granville,
939 1594 964 1621 le
975 1594 1128 1621 contrôleur
1138 1594 1174 1621 du
1185 1594 1287 1625 bateau,
1299 1595 1345 1629 qui
1356 1595 1424 1621 tient
1434 1595 1505 1621 aussi
1515 1604 1569 1621 une
1579 1595 1694 1629 pension
1704 1594 1737 1621 de
1747 1593 1857 1625 famille,
1869 1604 1939 1621 nous
1949 1604 2030 1621 avons
2041 1595 2143 1625 trouvé,
2154 1595 2227 1629 après
2238 1604 2267 1621 ce

273 1639 481 1675 débarquement
493 1639 630 1675 pluvieux,
644 1650 682 1666 un
694 1639 749 1667 bon
761 1639 838 1666 dîner
849 1647 875 1666 et
887 1650 940 1666 une
953 1639 1075 1667 chambre
1088 1639 1201 1675 superbe
1214 1639 1281 1666 dont
1292 1639 1325 1666 ils
1338 1647 1386 1666 ont
1397 1639 1481 1666 voulu
1494 1650 1563 1666 nous
1575 1639 1639 1666 faire
1651 1639 1689 1666 les
1702 1639 1848 1666 honneurs.
1861 1656 1876 1658 -
1889 1639 1927 1666 Ce
1939 1640 2031 1671 matin,
2045 1650 2105 1666 avec
2116 1639 2141 1666 la
2152 1650 2265 1671 maman,

273 1695 342 1711 nous
354 1695 434 1711 avons
446 1684 495 1711 fait
506 1695 560 1711 une
571 1684 732 1720 promenade
744 1695 778 1711 en
789 1684 853 1711 ville
865 1692 891 1711 et
903 1695 948 1711 sur
960 1684 983 1711 la
995 1684 1063 1716 rade,
1076 1686 1146 1720 puis,
1159 1695 1192 1711 en
1205 1692 1385 1711 contournant
1397 1684 1570 1711 d’immenses
1582 1684 1695 1715 falaises,
1708 1695 1743 1711 on
1755 1686 1850 1711 atteint
1862 1684 1886 1711 la
1897 1684 1979 1721 plage,
1993 1695 2096 1711 somme
2107 1692 2183 1711 toute
2194 1695 2267 1711 assez

273 1729 394 1766 éloignée
406 1729 438 1756 de
450 1729 474 1756 la
485 1729 549 1756 ville
562 1740 567 1761 ;
580 1729 703 1756 hommes
715 1738 741 1756 et
752 1729 865 1756 femmes
878 1740 905 1756 se
917 1729 1043 1766 baignent
1055 1729 1156 1756 chacun
1168 1729 1200 1756 de
1212 1729 1271 1756 leur
1282 1731 1347 1761 côté,
1360 1731 1374 1756 à
1385 1740 1438 1756 une
1450 1740 1522 1757 assez
1533 1729 1631 1766 grande
1643 1729 1762 1756 distance
1773 1729 1811 1757 les
1824 1740 1875 1756 uns
1887 1729 1933 1756 des
1945 1738 2039 1756 autres.
2053 1730 2091 1756 Ce
2103 1740 2137 1756 ne
2149 1738 2211 1756 sont
2221 1740 2266 1765 pas

273 1774 305 1802 de
318 1785 360 1802 ces
372 1774 460 1811 plages
475 1776 507 1802 où
520 1774 570 1802 l’on
577 1775 652 1811 flâne
663 1785 668 1806 ;
682 1785 718 1802 on
730 1776 822 1806 arrive,
835 1785 872 1802 on
884 1785 911 1802 se
923 1774 1027 1810 flanque
1040 1776 1053 1801 à
1065 1775 1134 1802 l’eau
1147 1783 1173 1802 et
1184 1775 1240 1802 l’on
1252 1775 1309 1802 s’en
1320 1785 1359 1802 va.
1372 1776 1419 1802 Les
1431 1775 1544 1811 Anglais
1557 1783 1703 1810 manquent
1715 1774 1855 1802 d’entrain.
1868 1776 1939 1802 Mais
1951 1784 2002 1810 que
2015 1775 2080 1802 c’est
2088 1775 2146 1811 joli,
2160 1776 2202 1806 ici,
2215 1784 2267 1810 que

273 1821 337 1847 c’est
348 1820 411 1848 bien
421 1828 495 1852 tenu,
508 1828 534 1847 et
545 1820 633 1856 quelle
644 1819 804 1848 formidable
814 1821 966 1856 végétation
978 1821 982 1846 !
995 1820 1102 1847 Partout
1113 1820 1160 1847 des
1171 1819 1258 1852 fleurs,
1271 1820 1304 1847 de
1314 1820 1411 1856 grands
1422 1820 1517 1851 arbres,
1530 1820 1562 1847 de
1573 1828 1659 1847 vastes
1670 1820 1795 1856 pelouses
1806 1820 1873 1847 d’un
1883 1828 1941 1847 vert
1953 1819 2085 1847 délicieux
2096 1828 2121 1847 et
2132 1820 2179 1847 des
2190 1820 2266 1847 villas

273 1866 295 1892 si
307 1873 452 1901 coquettes,
466 1867 488 1892 si
499 1873 655 1901 proprettes,
669 1866 690 1892 si
702 1866 851 1901 pimpantes
865 1866 869 1892 !
883 1882 898 1884 -
909 1866 989 1897 Mais,
1002 1865 1075 1892 hélas
1089 1866 1093 1892 !
1107 1866 1171 1892 c’est
1182 1865 1245 1893 bien
1257 1865 1314 1892 loin
1326 1865 1359 1892 de
1371 1866 1448 1897 Paris,
1462 1873 1488 1892 et
1500 1875 1551 1901 que
1563 1865 1682 1901 d’argent
1693 1876 1762 1901 pour
1773 1876 1840 1892 vous
1852 1865 2000 1893 trimballer
2011 1873 2072 1892 tous
2086 1866 2090 1891 !
2104 1878 2138 1892 »...

297 1912 333 1937 La
345 1910 499 1937 Membrolle
510 1911 546 1937 30
560 1911 614 1937 mai
627 1911 708 1937 1890.
723 1923 732 1935 «
745 1911 815 1937 Mais
828 1912 883 1942 oui,
897 1921 939 1937 ma
952 1912 1012 1942 mie,
1027 1912 1092 1937 mais
1105 1912 1159 1942 oui,
1174 1921 1238 1937 mon
1251 1912 1318 1946 petit
1330 1910 1498 1947 loup-garou,
1512 1912 1704 1937 certainement
1717 1910 1781 1946 qu’il
1794 1910 1852 1937 faut
1865 1912 1944 1937 sortir
1956 1921 2016 1937 avec
2028 1918 2068 1937 tes
2081 1912 2197 1942 cousins,
2212 1927 2227 1929 -
2240 1921 2267 1944 ça

272 1964 298 1982 te
311 1955 438 1992 changera
450 1964 476 1982 et
488 1955 521 1983 ils
534 1964 560 1982 te
573 1955 726 1983 distrairont
739 1957 938 1982 certainement.
952 1957 1022 1982 Mais
1035 1955 1111 1987 alors,
1125 1964 1156 1982 tu
1169 1955 1334 1992 déjeunerais
1348 1955 1411 1982 chez
1424 1955 1462 1983 les
1477 1955 1589 1983 Soubies
1602 1956 1614 1982 ?
1629 1956 1658 1982 Si
1670 1962 1695 1982 tu
1710 1956 1763 1982 n’es
1771 1964 1820 1991 pas
1833 1956 1917 1982 invité
1922 1966 1968 1991 par
1980 1966 2032 1982 eux
2044 1955 2218 1983 directement
2231 1966 2266 1982 ou

274 2000 306 2028 de
318 2000 375 2028 leur
380 2007 448 2036 part,
458 2002 484 2037 je
496 2000 599 2036 préfère
611 2010 662 2036 que
674 2009 704 2028 tu
716 2001 761 2037 n’y
772 2000 900 2037 déjeunes
912 2011 957 2036 pas
971 2012 975 2032 ;
989 2011 1017 2028 ce
1030 2009 1091 2028 sont
1103 2000 1149 2028 des
1161 2011 1224 2037 gens
1236 2002 1250 2027 à
1261 2002 1403 2036 principes,
1416 2017 1431 2019 -
1443 2000 1476 2028 de
1487 2000 1662 2037 grandissime
1674 2000 1776 2028 famille
1787 2000 1990 2036 probablement
2002 2009 2027 2028 et
2039 2000 2103 2028 chez
2115 2000 2231 2036 lesquels
2240 2002 2267 2037 je

272 2057 306 2073 ne
318 2046 443 2073 voudrais
456 2056 501 2082 pas
514 2056 565 2082 que
578 2054 608 2073 tu
621 2047 809 2082 t’imposasses.
820 2047 849 2078 Je
862 2046 921 2073 leur
933 2047 1027 2073 envoie
1040 2056 1068 2073 ce
1082 2045 1232 2082 subjonctif
1243 2057 1277 2073 en
1289 2046 1427 2073 attendant
1440 2047 1531 2073 mieux
1544 2058 1579 2072 »...
1593 2046 1863 2073 Recommandations
1876 2056 1945 2082 pour
1957 2046 2068 2082 prendre
2081 2046 2106 2073 le
2118 2046 2169 2074 bus
2184 2057 2188 2072 :
2203 2058 2212 2071 «
2225 2047 2267 2073 Ne

273 2099 364 2118 monte
375 2102 420 2127 pas
432 2102 465 2118 en
476 2091 539 2123 l’air,
551 2102 593 2118 ma
604 2092 664 2118 mie.
676 2092 801 2118 Mets-toi
812 2091 920 2123 dedans,
933 2102 967 2118 en
977 2091 1033 2118 face
1044 2102 1079 2118 ou
1090 2093 1104 2118 à
1114 2092 1171 2118 côté
1183 2091 1265 2118 d’une
1276 2091 1427 2118 charmante
1437 2091 1537 2118 femme
1548 2099 1574 2118 et
1584 2092 1625 2118 vis
1636 2093 1649 2118 à
1659 2092 1699 2118 vis
1711 2091 1743 2118 de
1754 2091 1868 2127 laquelle
1876 2092 1902 2128 je
1913 2102 1947 2118 ne
1958 2092 2024 2118 crois
2035 2102 2080 2127 pas
2091 2092 2163 2118 avoir
2172 2091 2267 2119 besoin

273 2136 305 2163 de
316 2144 342 2163 te
352 2136 552 2163 recommander
562 2136 714 2164 d’observer
724 2136 762 2163 les
773 2136 834 2172 plus
845 2136 1029 2163 élémentaires
1040 2147 1220 2163 convenances
1231 2149 1266 2163 »...
1279 2136 1353 2163 Chez
1364 2136 1402 2163 les
1414 2136 1534 2168 Soubies,
1547 2149 1556 2161 «
1568 2138 1620 2163 sois
1631 2136 1689 2163 chic
1700 2147 1706 2168 ;
1718 2136 1835 2164 n’oublie
1846 2147 1891 2172 pas
1902 2146 1953 2172 que
1963 2145 1994 2163 tu
2005 2147 2032 2163 es
2043 2136 2108 2163 dans
2119 2147 2156 2163 un
2168 2136 2267 2163 monde

273 2183 481 2209 excessivement
493 2183 690 2217 aristocratique
705 2192 710 2213 ;
724 2191 775 2217 que
787 2181 843 2208 l’on
856 2182 1013 2217 s’aperçoive
1026 2191 1085 2217 que,
1099 2181 1164 2209 dans
1177 2181 1215 2209 les
1228 2181 1289 2217 plus
1302 2182 1428 2209 humbles
1441 2181 1613 2213 chaumières,
1627 2183 1723 2213 même,
1737 2192 1773 2208 on
1785 2190 1851 2217 peut
1863 2183 2003 2218 enseigner
2015 2183 2028 2208 à
2041 2192 2081 2209 ses
2095 2181 2201 2209 enfants
2213 2183 2227 2208 à
2240 2192 2267 2209 se

273 2228 342 2254 tenir
353 2227 430 2258 droit,
443 2228 456 2254 à
467 2229 521 2254 être
532 2226 662 2258 modeste,
674 2227 738 2262 poli,
751 2235 777 2254 et
787 2229 801 2254 à
811 2228 945 2262 pratiquer
955 2227 994 2254 les
1005 2227 1066 2262 plus
1077 2226 1172 2254 hautes
1182 2235 1274 2254 vertus
1286 2239 1320 2253 »...
1333 2228 1348 2253 -
1360 2228 1395 2254 26
1401 2227 1462 2263 juin
1473 2238 1477 2253 :
1490 2240 1499 2251 «
1511 2227 1557 2253 Ah
1569 2228 1573 2253 !
1586 2235 1616 2254 tu
1628 2228 1700 2254 m’en
1711 2237 1772 2254 uses
1784 2226 1861 2254 deces
1873 2226 1985 2254 souliers
1999 2228 2003 2253 !
2016 2227 2043 2254 Si
2053 2235 2084 2254 tu
2095 2237 2129 2254 ne
2140 2226 2266 2254 marchais

273 2282 317 2308 pas
332 2272 397 2299 dans
410 2280 472 2299 tous
486 2272 524 2299 les
539 2272 653 2299 cailloux
667 2282 718 2308 que
731 2280 762 2299 tu
775 2280 927 2299 rencontres
942 2283 987 2299 sur
1000 2272 1024 2299 la
1037 2273 1097 2299 voie
1111 2272 1248 2308 publique,
1264 2280 1294 2299 tu
1307 2273 1509 2308 n’esquinterais
1524 2283 1568 2308 pas
1582 2272 1607 2299 le
1621 2273 1678 2299 cuir
1691 2272 1724 2299 de
1737 2280 1777 2299 tes
1791 2272 1956 2304 chaussures,
1971 2283 2010 2299 un
2023 2273 2079 2299 cuir
2093 2272 2125 2299 de
2139 2273 2267 2308 première

273 2317 379 2353 qualité,
392 2317 416 2344 le
427 2319 466 2344 roi
477 2317 523 2344 des
535 2319 604 2344 cuirs
615 2325 641 2344 et
651 2317 676 2344 le
689 2318 747 2344 cuir
755 2317 799 2344 des
809 2318 875 2344 Rois.
887 2318 925 2344 Tu
935 2319 1031 2344 verrais
1043 2328 1081 2344 un
1091 2319 1173 2344 rasoir
1184 2328 1229 2344 sur
1239 2317 1263 2344 le
1275 2317 1390 2349 chemin,
1402 2319 1515 2344 aussitôt
1525 2326 1556 2344 tu
1567 2318 1771 2353 t’empresserais
1783 2317 1875 2344 d’aller
1885 2317 1910 2344 le
1921 2319 2026 2344 râtisser
2036 2328 2096 2344 avec
2107 2317 2267 2354 l’empeigne

273 2362 305 2389 de
318 2371 344 2389 ta
357 2362 470 2394 bottine,
484 2363 549 2390 c’est
561 2371 731 2389 assommant.
747 2364 788 2394 [...]
803 2363 878 2389 C’est
890 2370 938 2389 ton
950 2364 1011 2398 père
1024 2364 1070 2398 qui
1083 2371 1108 2389 te
1122 2362 1241 2391 baladera
1254 2362 1402 2389 dimanche.
1416 2364 1493 2390 Nous
1507 2364 1578 2389 irons
1592 2362 1616 2389 le
1630 2364 1714 2390 matin
1725 2364 1783 2390 voir
1795 2362 1820 2389 la
1832 2364 1946 2394 Nanine,
1960 2373 2030 2390 nous
2043 2373 2200 2399 mangerons
2213 2373 2267 2389 une

273 2409 363 2435 croûte
374 2408 489 2443 quelque
501 2416 559 2443 part
570 2416 596 2435 et
606 2418 676 2435 nous
688 2409 865 2435 terminerons
876 2408 901 2434 la
908 2409 1022 2444 journée
1034 2409 1047 2435 à
1059 2408 1185 2435 Suresnes
1197 2408 1261 2435 chez
1272 2407 1311 2435 les
1322 2407 1458 2435 Verdhurt
1470 2409 1515 2443 qui
1526 2418 1596 2435 nous
1607 2407 1754 2435 attendent.
1768 2409 1810 2439 [...]
1819 2409 1848 2439 Je
1860 2409 1968 2435 connais
1979 2407 2124 2444 l’Anglaise
2136 2417 2187 2443 que
2198 2416 2229 2435 tu
2240 2418 2267 2435 as

272 2455 426 2480 rencontrée
440 2464 485 2480 sur
497 2453 653 2489 l’impériale
666 2453 703 2480 du
716 2461 842 2489 tramway
856 2464 860 2479 :
874 2454 938 2480 c’est
950 2453 975 2480 la
987 2454 1059 2480 reine
1072 2453 1255 2489 d’Angleterre
1270 2464 1274 2485 ;
1289 2461 1404 2480 souvent
1416 2453 1467 2480 elle
1479 2464 1577 2490 voyage
1590 2454 1657 2480 ainsi
1669 2454 1807 2489 incognito
1821 2464 1826 2484 ;
1840 2463 1944 2480 comme
1957 2453 2008 2480 elle
2021 2461 2061 2480 est
2074 2453 2156 2480 d’une
2168 2453 2267 2489 grande

272 2498 383 2530 famille,
397 2498 448 2525 elle
461 2509 474 2525 a
487 2498 511 2525 le
524 2498 586 2534 pied
598 2500 651 2525 très
664 2498 700 2525 fin
713 2506 739 2525 et
751 2498 806 2525 cela
818 2499 859 2525 n’a
871 2509 916 2534 pas
930 2498 1045 2534 échappé
1058 2500 1071 2525 à
1084 2509 1122 2525 un
1135 2498 1307 2526 observateur
1319 2498 1352 2525 de
1365 2506 1391 2525 ta
1403 2506 1504 2534 trempe
1518 2509 1523 2530 ;
1538 2499 1603 2525 mais
1616 2498 1634 2525 il
1648 2499 1693 2535 n’y
1705 2509 1718 2525 a
1730 2509 1775 2534 pas
1789 2508 1840 2534 que
1853 2498 1877 2525 la
1889 2499 1961 2525 reine
1974 2498 2157 2534 d’Angleterre
2171 2509 2216 2525 sur
2228 2498 2267 2525 les

273 2543 422 2579 impériales
435 2543 597 2575 d’omnibus,
611 2551 637 2570 et
645 2545 672 2580 je
684 2551 710 2570 te
722 2545 778 2579 prie
791 2543 823 2570 de
835 2554 869 2570 ne
881 2554 926 2579 pas
938 2554 1029 2570 causer
1040 2554 1100 2571 avec
1112 2543 1150 2570 les
1162 2554 1226 2580 gens
1238 2553 1290 2579 que
1301 2552 1332 2570 tu
1344 2554 1378 2570 ne
1390 2545 1498 2570 connais
1510 2554 1555 2579 pas
1568 2556 1602 2570 »...

296 2590 343 2620 [La
354 2588 514 2619 Membrolle,
530 2588 609 2616 début
613 2588 703 2625 juillet
715 2589 786 2615 1891
803 2589 847 2620 (?)].
862 2601 871 2613 «
883 2588 1018 2620 Travaille,
1032 2599 1097 2615 mon
1109 2599 1206 2624 pauvre
1219 2588 1320 2620 enfant,
1334 2588 1409 2615 tâche
1422 2588 1538 2615 d’entrer
1550 2599 1578 2623 ça
1590 2588 1655 2615 dans
1668 2596 1694 2615 ta
1707 2588 1820 2616 caboche
1835 2599 1839 2619 ;
1854 2596 1990 2615 comment
2002 2589 2209 2615 n’arriverais-tu
2221 2599 2266 2624 pas

272 2635 286 2660 à
298 2644 393 2669 passer,
407 2644 510 2661 comme
523 2644 577 2661 une
589 2644 674 2661 masse
687 2633 720 2661 de
733 2642 772 2661 tes
785 2633 931 2661 camarades
945 2635 990 2669 qui
1004 2634 1060 2661 s’en
1073 2635 1208 2665 sortiront,
1223 2644 1282 2661 sans
1295 2635 1366 2661 avoir
1378 2644 1447 2669 pour
1458 2633 1512 2660 cela
1525 2635 1632 2661 inventé
1644 2633 1669 2660 la
1680 2633 1782 2669 poudre
1797 2635 1801 2660 !
1815 2634 1914 2660 Donne
1927 2642 1987 2661 tout
2000 2644 2028 2661 ce
2041 2643 2092 2669 que
2104 2642 2135 2661 tu
2147 2644 2265 2669 pourras,

272 2678 440 2706 facilite-moi
453 2679 478 2706 la
490 2678 608 2715 besogne
622 2687 648 2706 et
661 2679 758 2714 prends
772 2679 805 2706 de
818 2679 947 2714 l’aplomb
962 2690 967 2710 ;
983 2680 1036 2706 sois
1049 2679 1111 2706 viril
1126 2690 1131 2710 ;
1146 2678 1184 2706 les
1198 2689 1262 2715 gens
1276 2680 1322 2714 qui
1336 2687 1397 2706 sont
1411 2689 1445 2706 en
1457 2678 1514 2706 face
1528 2679 1560 2706 de
1574 2680 1612 2706 toi
1625 2680 1700 2706 n’ont
1714 2689 1759 2714 pas
1772 2679 1929 2706 l’intention
1942 2679 1975 2706 de
1989 2679 2095 2706 t’avaler
2110 2690 2115 2710 ;
2130 2680 2195 2706 mais
2209 2680 2267 2706 rien

272 2735 306 2751 ne
321 2724 360 2751 les
375 2724 504 2760 horripile
519 2732 611 2751 autant
626 2734 677 2760 que
693 2724 725 2751 de
740 2725 798 2751 voir
812 2724 845 2751 de
860 2724 956 2760 grands
971 2735 1088 2760 garçons,
1104 2734 1216 2760 presque
1231 2724 1278 2751 des
1293 2724 1425 2756 hommes,
1442 2735 1469 2751 se
1485 2724 1597 2751 troubler
1606 2733 1674 2760 pour
1684 2724 1776 2760 parler.
1794 2725 1836 2756 [...]
1852 2724 1872 2750 Il
1888 2735 1921 2751 ne
1936 2724 1994 2751 faut
2009 2734 2054 2760 pas
2070 2724 2153 2760 qu’un
2171 2724 2269 2751 homme

273 2770 323 2796 soit
336 2769 431 2800 timide,
446 2770 510 2796 c’est
523 2769 556 2796 de
570 2769 593 2796 la
606 2769 731 2797 faiblesse
745 2769 951 2806 d’intelligence,
966 2769 1003 2796 du
1017 2779 1131 2805 manque
1145 2769 1178 2796 de
1191 2769 1262 2796 force
1277 2780 1282 2801 ;
1298 2770 1340 2801 [...]
1351 2771 1378 2806 je
1392 2780 1425 2796 ne
1438 2780 1509 2805 peux
1522 2780 1567 2805 pas
1581 2769 1786 2796 éternellement
1799 2771 1896 2796 traîner
1909 2780 1947 2796 un
1964 2776 2033 2796 rawef
2042 2769 2107 2796 dans
2121 2769 2145 2796 la
2157 2771 2208 2796 vie.
2224 2770 2266 2801 [...]

273 2814 369 2841 Pioche
381 2825 419 2841 un
430 2825 483 2850 peu
495 2814 565 2850 plus,
579 2825 606 2849 ça
617 2825 651 2841 ne
663 2823 689 2841 te
701 2823 775 2841 tuera
786 2825 831 2850 pas
845 2815 849 2841 !
863 2827 872 2838 »
885 2814 1010 2841 -Samedi
1018 2816 1046 2846 [5
1059 2815 1073 2841 ?
1082 2814 1234 2850 septembre].
1248 2827 1257 2839 «
1270 2815 1359 2846 Bravo,
1373 2825 1438 2841 mon
1449 2816 1516 2850 petit
1527 2814 1636 2846 Marcel,
1649 2814 1766 2841 travaille
1778 2814 1871 2846 ferme,
1884 2823 1910 2841 et
1922 2814 1947 2841 le
1959 2814 2008 2842 but
2020 2822 2060 2842 est
2071 2822 2132 2841 tout
2143 2816 2209 2850 près.
2224 2816 2266 2846 [...]

272 2859 322 2887 fais
336 2859 478 2896 davantage
492 2870 594 2891 encore,
609 2868 639 2887 tu
652 2860 715 2887 n’en
728 2870 815 2887 sauras
826 2861 919 2896 jamais
932 2868 999 2895 trop.
1015 2861 1057 2891 [...]
1072 2859 1156 2891 Enfin,
1168 2860 1237 2896 j’irai
1250 2859 1283 2887 de
1297 2861 1366 2887 suite
1379 2861 1437 2887 voir
1449 2870 1515 2887 mon
1527 2859 1628 2887 Marcel
1641 2860 1730 2895 quand
1740 2861 1767 2896 je
1779 2861 1835 2887 vais
1848 2861 1923 2887 venir
1936 2861 2005 2895 pour
2018 2859 2161 2896 Lohengrin
2173 2872 2207 2886 »...
2222 2876 2237 2878 -
2253 2860 2269 2886 9

273 2905 412 2941 septembre
423 2916 426 2931 :
440 2917 449 2930 «
460 2905 547 2933 bûche
558 2915 662 2932 comme
673 2916 712 2932 un
723 2915 820 2941 pauvre
831 2906 888 2936 âne,
900 2915 943 2932 ma
953 2906 1014 2936 mie,
1027 2915 1095 2941 pour
1105 2915 1157 2941 que
1168 2913 1229 2932 tous
1240 2905 1279 2932 les
1290 2906 1360 2932 tiens
1372 2906 1459 2932 soient
1470 2913 1593 2932 contents
1606 2916 1611 2937 ;
1624 2915 1652 2932 ce
1664 2915 1719 2932 sera
1729 2906 1784 2932 vite
1795 2907 1878 2941 passé,
1890 2916 1922 2932 va
1934 2906 1938 2931 !
1951 2906 1992 2932 Ne
2003 2905 2081 2941 perds
2092 2905 2161 2932 donc
2173 2915 2217 2941 pas
2229 2916 2267 2932 un

273 2952 382 2982 instant,
391 2952 418 2987 je
429 2951 484 2977 t’en
495 2952 560 2986 prie,
573 2961 637 2977 mon
648 2952 715 2986 petit
726 2950 799 2986 loup.
813 2951 854 2982 [...]
867 2950 886 2977 il
896 2961 914 2987 y
925 2961 938 2977 a
949 2950 995 2977 des
1007 2950 1121 2986 bougres
1133 2952 1178 2986 qui
1190 2959 1238 2977 ont
1248 2950 1296 2977 fait
1307 2950 1368 2986 plus
1379 2950 1434 2977 fort
1445 2960 1496 2986 que
1507 2961 1535 2984 ça
1546 2950 1611 2977 dans
1622 2950 1681 2977 leur
1691 2951 1742 2982 vie,
1754 2950 1858 2986 flanque
1869 2952 1907 2977 toi
1919 2961 1946 2984 ça
1957 2950 2022 2977 dans
2034 2950 2058 2977 le
2069 2958 2172 2986 toupet,
2184 2959 2210 2977 et
2221 2952 2266 2986 qui

2186 3016 2266 3042 .../...

2358 3070 2390 3098 11

2397 211 2423 354 Spectacle
2406 369 2423 396 et
2407 411 2423 511 usique
