2480 3188
179 215 226 244 29.
273 213 462 244 Emmanuel
477 215 702 244 CHABRIER.
719 215 736 244 7
750 214 849 244 L.A.S.
864 228 874 241 «
888 214 1063 244 Emmanuel
1077 228 1087 241 »
1101 226 1140 244 ou
1154 228 1164 241 «
1178 214 1276 243 Emml
1289 228 1308 249 »,
1325 215 1490 254 [mars-juin
1506 215 1602 249 1889],
1617 216 1632 244 à
1645 223 1679 244 SA
1691 223 1789 249 femme
1803 226 1808 249 ;
1826 215 1859 243 15
1875 226 1960 254 pages
1974 223 2003 244 et
2016 214 2113 244 demie
2127 215 2200 244 in-8.

2069 266 2082 293 1
2100 265 2190 294 200/1
2208 265 2267 294 500

296 324 345 350 Bel
356 332 484 351 ensemble
496 332 545 351 sur
557 332 595 351 un
608 332 727 351 concert
740 332 772 350 de
785 332 824 351 ses
837 332 943 351 œuvres
955 327 974 350 à
986 324 1141 355 Bordeaux,
1155 332 1182 350 le
1195 327 1288 351 succès
1301 332 1319 350 d
1322 324 1440 355 'Espana,
1454 332 1494 351 les
1507 327 1741 351 représentations
1753 324 1786 351 de
1801 324 1978 351 Gwendoline
1988 328 2007 350 à
2019 325 2185 355 Karlsruhe,
2199 332 2228 350 et
2240 332 2267 350 le

272 377 378 395 TRAVAIL
389 369 438 396 SUR
450 369 550 396 BRISÉÏS.

297 414 452 445 [Bordeaux]
455 413 532 450 jeudi
541 415 583 445 [14
597 424 666 441 mars
679 414 762 445 1889],
776 426 785 438 «
799 414 837 441 Ce
849 415 941 445 matin,
955 415 1098 449 répétition
1110 413 1270 441 d’orchestre
1284 424 1289 445 ;
1302 414 1384 450 grand
1398 415 1487 441 succès
1500 413 1533 441 de
1545 413 1645 441 lecture
1657 415 1726 449 pour
1738 414 1880 441 Habanera
1891 422 1917 441 et
1929 413 1953 440 la
1969 413 2043 441 Valse
2053 413 2090 441 du
2103 414 2153 441 Roi
2163 413 2274 450 [maigre'

275 458 311 486 lui
311 459 327 490 ].
343 460 444 494 Espana
457 458 589 485 marchera
602 460 615 485 à
628 458 765 486 merveille
780 470 785 490 ;
797 459 843 495 j’ai
856 460 952 486 secoué
965 467 1025 486 tout
1039 469 1067 486 ce
1080 458 1157 487 brave
1170 458 1270 486 monde
1285 469 1290 490 ;
1305 469 1333 486 ce
1347 469 1402 486 sera
1415 458 1553 494 beaucoup
1567 460 1658 486 mieux
1671 468 1722 494 que
1732 460 1759 495 je
1772 469 1806 485 ne
1820 460 1926 495 croyais.
1942 460 1984 490 [...]
1998 459 2114 485 Demain
2127 467 2153 486 et
2167 458 2267 486 samedi

272 503 412 531 nouvelles
424 505 581 539 répétitions
593 503 781 535 d’orchfestre],
794 503 819 530 le
831 505 922 531 matin.
936 505 968 530 La
979 503 1051 531 valse
1063 503 1100 531 du
1113 504 1163 531 Roi
1171 503 1220 531 fait
1231 514 1269 531 un
1281 503 1348 531 effet
1360 504 1397 531 du
1409 503 1496 531 diable
1509 516 1544 530 »...

296 548 445 580 [Bordeaux,
458 550 491 575 24
504 549 535 580 (?)
546 559 614 576 mars
626 549 708 580 1889],
721 548 742 575 Il
753 549 894 584 s’inquiète
905 548 938 576 de
949 561 959 573 «
969 548 994 575 la
1005 550 1088 576 soirée
1099 549 1200 576 Carnot
1211 561 1220 573 »
1232 549 1348 580 (concert
1358 550 1371 575 à
1381 545 1494 585 l’Éysée)
1507 559 1511 575 :
1523 561 1532 573 «
1544 549 1638 581 Quant
1648 549 1662 576 à
1672 549 1811 580 Colonne,
1823 548 1843 575 il
1853 559 1866 575 a
1877 548 1914 576 dû
1922 550 2000 585 jouer
2011 550 2113 584 Espana
2122 550 2174 576 très
2185 548 2249 577 bien
2260 559 2265 580 ;

272 593 292 620 il
303 602 343 621 est
354 602 413 629 trop
425 593 515 625 malin,
528 594 567 620 lui
578 595 658 625 aussi,
670 604 739 629 pour
750 594 883 629 s’exposer
894 595 907 620 à
918 604 956 620 un
967 593 1029 621 four
1040 604 1100 621 avec
1111 604 1139 621 ce
1151 593 1317 621 morceau-là.
1330 595 1377 621 Les
1391 595 1489 621 cuivres
1498 593 1559 621 font
1569 595 1691 630 toujours
1703 593 1740 621 du
1752 593 1825 622 bruit
1836 593 1901 621 dans
1913 604 1951 621 un
1963 593 2038 621 salon
2050 604 2055 625 ;
2068 593 2105 621 du
2116 602 2192 625 reste,
2205 594 2267 629 plus

272 638 305 675 ils
314 639 436 675 jouaient
439 639 501 675 fort,
514 638 575 674 plus
588 638 621 666 ils
633 640 806 675 atteignaient
817 638 842 666 le
855 638 904 667 but
917 649 922 670 ;
936 655 951 658 -
963 638 1002 666 les
1017 639 1158 666 trombones
1168 638 1299 674 à’Espana
1310 638 1421 666 doivent
1429 640 1508 675 jouer
1519 640 1533 674 à
1542 638 1629 674 pleine
1642 639 1710 666 volée
1722 649 1726 670 ;
1740 639 1811 666 c’eût
1823 640 1864 666 été
1877 638 1910 666 de
1922 640 2009 665 même
2021 649 2081 666 avec
2093 640 2265 666 Lamoureux.

273 700 288 703 -
299 684 367 711 Pour
378 685 556 715 Lamoureux,
568 684 588 710 il
599 683 657 711 faut
669 683 734 719 qu’il
745 694 787 711 me
799 694 936 711 murmure
948 683 973 719 le
982 683 1090 719 prélude
1099 683 1132 711 de
1146 683 1313 711 Gwendoline
1324 694 1329 715 ;
1341 683 1374 715 là,
1386 683 1425 711 les
1437 685 1539 711 cuivres
1552 683 1641 711 seront
1654 683 1758 711 discrets
1768 684 1796 715 (il
1807 684 1853 720 n’y
1864 694 1898 711 en
1909 694 1922 710 a
1933 684 1995 719 pas).
2009 685 2051 715 [...]
2065 683 2106 711 s’il
2116 692 2181 711 veut
2189 685 2268 720 jouer

273 728 388 756 d’autres
400 739 541 756 morceaux
552 728 585 756 de
597 730 652 760 moi
665 728 824 760 (Habanera,
840 729 979 760 Sous-Bois,
993 729 1083 756 Danse
1096 728 1246 765 villageoise,
1260 729 1300 755 &a
1312 729 1361 760 &a)
1373 728 1393 755 il
1404 728 1429 755 le
1441 737 1514 764 peut.
1528 729 1555 756 Si
1563 730 1590 765 je
1602 730 1672 756 tiens
1684 737 1717 764 au
1727 728 1840 764 prélude,
1854 729 1919 756 c’est
1930 728 1981 755 afin
1993 728 2026 756 de
2039 728 2175 765 souligner
2187 729 2267 764 qu’on

272 784 306 800 ne
316 775 381 810 joue
393 774 439 809 pas
454 773 621 801 Gwendoline
632 781 658 801 et
671 774 751 809 qu’on
763 773 788 801 le
803 773 904 801 devrait
913 786 948 800 »...
963 774 1039 801 Récit
1051 773 1088 801 du
1101 782 1208 801 concert
1221 773 1254 801 de
1267 773 1404 801 Bordeaux
1418 784 1422 800 :
1436 786 1446 798 «
1459 774 1492 800 La
1505 774 1595 801 Danse
1608 773 1683 801 Slave
1694 773 1731 801 du
1744 774 1799 805 Roi,
1814 783 1865 809 que
1875 775 1901 810 je
1915 773 2075 805 conduisais,
2089 784 2103 800 a
2115 775 2156 801 été
2169 777 2246 805 bissée
2260 784 2265 805 ;

272 820 333 854 puis
344 819 390 855 j’ai
400 820 473 855 joué,
488 829 520 846 au
534 820 622 854 piano,
636 818 661 845 la
675 819 765 846 Danse
779 818 929 855 villageoise,
945 818 1027 855 Idylle
1038 820 1064 846 et
1077 820 1190 846 Menuet
1197 827 1325 854 pompeux
1336 829 1341 850 ;
1356 820 1421 846 mais
1435 818 1460 845 le
1473 820 1552 854 piano
1566 822 1690 850 embêtait
1705 829 1710 850 ;
1725 819 1789 846 c’est
1802 827 1861 854 trop
1874 818 1965 855 grand,
1980 827 2048 846 cette
2063 818 2126 846 salle
2141 829 2146 850 ;
2161 829 2197 846 on
2211 819 2267 846 s’en

272 863 371 891 foutait
382 874 387 895 ;
396 865 423 900 je
433 864 485 890 n’ai
495 874 529 891 eu
539 864 624 899 qu’un
634 865 724 891 succès
735 863 858 891 d’estime
870 874 875 895 ;
887 865 953 891 mais
963 863 988 891 le
999 874 1068 899 coup
1079 865 1143 891 était
1152 865 1228 899 porté
1239 874 1299 891 avec
1309 863 1333 890 la
1344 864 1434 891 Danse
1443 863 1514 891 slave
1522 872 1548 891 et
1555 865 1581 900 je
1593 865 1648 891 suis
1659 863 1788 891 enchanté
1800 864 1832 891 de
1843 874 1885 890 ma
1896 865 1979 891 soirée
1990 876 2007 890 ».
2018 864 2104 899 Après
2115 864 2140 891 le
2151 872 2265 895 concert,

273 908 413 944 banquet...
425 908 447 935 Il
456 919 470 935 a
480 908 637 936 commandé
648 919 686 935 un
696 910 775 944 piano
785 919 854 944 pour
864 910 896 935 La
906 908 1069 937 Membrolle
1081 919 1085 935 :
1097 921 1106 933 «
1117 908 1201 936 mardi
1211 910 1303 940 matin,
1314 908 1339 935 la
1348 910 1391 936 vie
1401 908 1529 936 fiévreuse
1540 919 1600 936 aura
1611 910 1682 936 cessé
1693 917 1719 936 et
1726 910 1752 945 je
1763 919 1806 935 me
1816 910 1949 936 remettrai
1959 910 1972 935 à
1982 919 2024 935 ma
2034 909 2116 944 petite
2128 909 2222 936 Briséïs
2230 921 2265 935 »...

296 955 343 985 [La
356 953 522 985 Membrolle]
532 954 664 985 Mercredi
676 955 722 985 [27
737 964 805 981 mars
821 954 889 985 1889
904 954 949 985 (?)].
965 966 974 978 «
989 955 1036 980 Ma
1050 955 1132 989 petite
1147 964 1260 985 maman,
1276 964 1319 980 me
1333 953 1403 981 voilà
1417 956 1430 980 à
1444 964 1486 980 ma
1501 953 1571 981 table
1586 953 1619 981 de
1634 953 1725 981 travail
1739 966 1756 980 ».
1773 954 1898 981 Diverses
1913 964 2019 981 courses
2035 961 2061 981 et
2075 953 2205 981 affaires...
2221 966 2231 978 «
2246 953 2267 980 Il

272 998 330 1026 faut
344 1008 395 1034 que
408 1000 485 1025 Mme
499 1000 611 1030 Lacroix,
626 1000 640 1025 à
653 999 757 1030 Rouen,
772 998 880 1025 tranche
893 998 1124 1026 immédiatement
1136 998 1161 1025 la
1174 999 1299 1034 question
1315 998 1482 1026 Gwendoline
1494 1009 1499 1030 ;
1515 1009 1562 1030 car,
1577 998 1619 1026 s’il
1632 1007 1687 1025 met
1700 1007 1741 1026 cet
1754 1009 1868 1035 ouvrage
1881 1000 1895 1025 à
1907 998 2017 1030 l’étude,
2032 998 2176 1030 Verdhurt,
2191 998 2211 1025 il
2224 1009 2267 1025 me

269 1045 384 1080 jouerait
397 1045 410 1070 à
423 1044 501 1075 Paris,
515 1045 529 1070 à
541 1043 566 1070 la
579 1044 654 1071 Porte
668 1044 821 1075 St-Martin,
835 1054 868 1071 au
881 1045 950 1071 mois
964 1043 996 1071 de
1011 1043 1159 1079 septembre
1174 1054 1179 1075 ;
1194 1054 1222 1070 ce
1236 1045 1314 1071 serait
1327 1054 1376 1071 son
1389 1043 1459 1079 plan,
1474 1043 1494 1070 il
1506 1044 1579 1070 m’en
1592 1045 1659 1071 avait
1672 1043 1742 1079 parlé
1757 1045 1799 1075 [...]
1810 1045 1839 1075 Je
1853 1054 1886 1070 ne
1900 1045 1960 1079 puis
1974 1052 2092 1079 compter
2105 1053 2156 1079 que
2170 1054 2215 1071 sur
2227 1043 2267 1071 lui

272 1099 341 1124 pour
352 1088 492 1124 reprendre
506 1088 673 1116 Gwendoline
683 1101 717 1115 »...

309 1135 356 1165 [La
369 1133 535 1165 Membrolle]
545 1134 639 1160 Mardi
650 1135 680 1160 21
701 1134 755 1161 mai
766 1134 861 1165 [18]89.
877 1146 886 1158 «
902 1134 967 1160 Bien
981 1142 1127 1165 amusante,
1143 1134 1167 1160 la
1181 1133 1258 1161 lettre
1273 1134 1305 1161 de
1320 1133 1344 1160 la
1358 1133 1438 1161 louve
1453 1142 1479 1161 et
1493 1133 1526 1161 de
1541 1142 1602 1161 tous
1617 1133 1655 1161 les
1670 1133 1749 1169 loups
1764 1142 1791 1161 et
1804 1133 1971 1161 louveteaux.
1987 1133 2063 1161 Voilà
2077 1144 2131 1161 une
2146 1135 2267 1161 occasion

272 1189 341 1214 pour
352 1178 453 1205 Marcel
466 1178 498 1206 de
511 1189 554 1205 me
566 1189 661 1210 narrer,
672 1178 756 1215 jeudi,
770 1189 799 1206 ce
812 1178 877 1214 qu’il
889 1189 902 1205 a
914 1189 951 1206 vu
964 1187 990 1206 et
1002 1189 1030 1205 ce
1043 1180 1089 1214 qui
1101 1178 1135 1205 l’a
1147 1178 1240 1214 frappé
1253 1178 1401 1206 dimanche.
1416 1180 1458 1210 [...]
1469 1180 1498 1210 Je
1511 1180 1639 1206 continue
1652 1180 1665 1205 à
1677 1180 1747 1214 prier
1760 1179 1791 1206 Sa
1803 1180 1915 1215 Majesté
1928 1189 1993 1206 mon
2006 1189 2116 1206 cerveau
2129 1179 2161 1206 de
2174 1179 2267 1206 m’être

273 1223 433 1251 secourable.
446 1225 480 1250 Le
491 1223 557 1259 loup
569 1234 604 1250 en
615 1223 680 1250 chef
689 1225 735 1259 qui
747 1224 879 1252 embrasse
892 1234 941 1251 son
953 1234 1050 1259 pauvre
1062 1223 1162 1251 monde
1174 1236 1208 1250 »...

296 1268 461 1300 [Karlsruhe]
471 1269 616 1300 Dimanche
628 1269 673 1300 [26
689 1269 743 1296 mai
756 1269 839 1300 1889],
855 1281 864 1293 «
879 1269 917 1303 Ça
931 1279 986 1296 sera
1000 1268 1122 1304 superbe,
1138 1285 1152 1288 -
1167 1277 1275 1296 surtout
1288 1270 1320 1295 M
1322 1267 1352 1283 elle
1365 1268 1482 1295 Mailhac
1496 1277 1522 1296 et
1535 1268 1695 1296 l’orchestre.
1710 1270 1741 1296 Et
1755 1270 1815 1304 puis
1829 1270 1927 1296 Mottl
1941 1277 1981 1296 est
1995 1270 2017 1296 si
2031 1268 2134 1296 dévoué
2150 1270 2154 1295 !
2171 1270 2213 1300 [...]
2229 1269 2267 1296 Ce

273 1315 332 1345 soir,
344 1313 481 1350 j’entends
494 1313 519 1340 le
536 1313 704 1341 Tannhaüser
713 1324 758 1349 par
771 1314 888 1340 Mailhac
902 1322 928 1341 et
940 1313 979 1341 les
993 1322 1087 1341 autres.
1103 1315 1174 1345 Hier,
1186 1315 1213 1350 je
1227 1324 1269 1340 me
1284 1315 1339 1341 suis
1352 1315 1474 1349 présenté
1488 1313 1552 1340 chez
1566 1313 1590 1340 le
1603 1315 1685 1341 vieux
1698 1313 1779 1342 baron
1793 1314 1825 1341 de
1839 1314 1959 1345 Pudlitz,
1974 1313 1999 1341 le
2013 1313 2149 1341 directeur.
2165 1314 2185 1340 Il
2199 1324 2212 1340 a
2225 1315 2267 1341 été

273 1360 481 1386 excessivement
491 1358 603 1387 aimable
615 1360 657 1390 [...]
669 1360 712 1390 Ici,
725 1369 761 1386 on
771 1358 888 1386 travaille
899 1358 932 1386 de
943 1359 959 1385 9
971 1358 997 1385 h.
1009 1360 1022 1385 à
1035 1360 1047 1385 1
1060 1358 1096 1390 h.,
1109 1375 1124 1378 -
1134 1360 1195 1394 puis
1206 1369 1243 1386 on
1252 1358 1301 1386 fait
1312 1358 1358 1386 des
1370 1360 1462 1386 siestes
1473 1358 1591 1394 pendant
1602 1358 1784 1394 l’après-midi,
1797 1367 1823 1386 et
1833 1369 1870 1386 on
1879 1358 2024 1386 retravaille
2036 1358 2069 1386 de
2081 1360 2094 1385 5
2107 1359 2133 1385 h.
2146 1360 2159 1385 à
2169 1359 2186 1385 9
2197 1358 2223 1385 h.
2237 1369 2242 1390 ;
2254 1360 2267 1385 à

273 1412 340 1431 cette
352 1403 480 1435 heure-là,
493 1414 529 1431 on
541 1414 624 1439 soupe
637 1405 679 1435 [...]
691 1405 761 1431 Mais
773 1414 810 1431 on
821 1412 861 1431 est
872 1405 905 1431 ici
917 1404 999 1431 d’une
1011 1403 1140 1435 moralité,
1153 1403 1220 1431 d’un
1231 1403 1453 1439 patriarchalisme
1465 1405 1562 1431 inouïs.
1575 1405 1643 1431 Tout
1654 1403 1679 1430 le
1691 1412 1777 1439 temps
1789 1403 1835 1431 des
1847 1405 1907 1439 père
1919 1412 1945 1431 et
1956 1405 2027 1430 mère
2039 1414 2099 1431 avec
2110 1403 2157 1431 des
2168 1403 2266 1439 flopées

273 1448 416 1480 d’enfants,
430 1448 519 1480 allant,
532 1457 638 1480 venant,
652 1448 753 1477 buvant
765 1448 917 1476 d’énormes
929 1448 1018 1477 bocks.
1031 1450 1100 1476 Tout
1111 1459 1139 1476 ce
1151 1448 1288 1476 monde-là
1300 1450 1382 1484 paraît
1393 1450 1445 1476 très
1457 1449 1578 1476 heureux
1589 1461 1623 1475 »...

296 1495 343 1525 [La
353 1493 519 1525 Membrolle]
525 1494 619 1521 Mardi
627 1495 663 1520 25
669 1494 730 1530 juin
740 1494 835 1525 [18]89.
848 1506 857 1518 «
869 1494 973 1529 Depuis
985 1493 1046 1521 huit
1054 1495 1129 1530 jours
1137 1495 1164 1530 je
1175 1504 1209 1520 ne
1220 1493 1287 1520 fiche
1298 1495 1356 1520 rien
1367 1493 1400 1521 de
1411 1493 1466 1522 bon
1478 1504 1483 1525 ;
1496 1504 1524 1528 ça
1534 1504 1568 1520 ne
1579 1495 1654 1521 vient
1665 1504 1710 1529 pas
1723 1504 1728 1525 ;
1737 1495 1764 1530 je
1776 1495 1831 1521 suis
1843 1493 1908 1521 dans
1920 1504 1958 1520 un
1969 1494 2002 1521 de
2013 1504 2069 1521 mes
2081 1495 2199 1521 mauvais
2210 1504 2267 1520 mo¬

272 1547 370 1570 ments,
380 1555 394 1558 -
403 1538 470 1566 alors
479 1547 509 1566 tu
518 1549 613 1574 penses
623 1540 645 1566 si
650 1540 676 1575 je
685 1549 728 1566 me
736 1538 785 1566 fais
794 1538 831 1566 du
840 1540 957 1566 mauvais
967 1549 1031 1575 sang
1040 1540 1044 1565 !
1055 1539 1119 1570 Oui,
1126 1539 1172 1575 j’ai
1180 1538 1247 1566 beau
1256 1549 1298 1565 me
1307 1538 1474 1570 décarcasser,
1481 1540 1508 1575 je
1516 1539 1567 1565 n’ai
1575 1549 1620 1574 pas
1629 1540 1694 1566 écrit
1702 1549 1756 1566 une
1764 1547 1835 1570 note,
1842 1538 1978 1575 j’entends
1988 1549 2041 1566 une
2049 1547 2112 1566 note
2121 1538 2265 1570 définitive,

273 1583 368 1619 depuis
378 1583 440 1611 huit
446 1585 529 1620 jours.
541 1583 615 1616 Quel
624 1585 719 1611 métier
730 1585 734 1610 !
746 1585 788 1615 [...]
800 1584 923 1615 Demain,
931 1584 977 1620 j’ai
987 1583 1164 1611 rendez-vous
1174 1594 1235 1611 avec
1244 1583 1269 1610 le
1279 1585 1340 1611 curé
1350 1583 1382 1611 de
1393 1583 1534 1611 Fondettes
1545 1585 1591 1619 qui
1600 1594 1632 1611 va
1641 1594 1684 1611 me
1694 1583 1802 1611 chanter
1811 1594 1850 1611 un
1859 1592 1898 1611 tas
1909 1583 1941 1611 de
1952 1583 2044 1611 chants
2055 1585 2137 1611 sacrés
2148 1583 2215 1611 dont
2221 1584 2267 1620 j’ai

273 1628 367 1657 besoin
379 1639 384 1660 ;
396 1639 423 1663 ça
432 1639 464 1656 va
474 1639 516 1655 me
528 1639 643 1660 secouer,
651 1630 678 1665 je
688 1628 799 1664 l’espère
810 1637 835 1655 et
845 1628 865 1655 il
874 1628 899 1656 le
909 1628 975 1656 faut.
987 1645 1001 1648 -
1011 1630 1049 1656 Tu
1059 1629 1114 1656 n’as
1124 1639 1169 1664 pas
1179 1628 1238 1656 idée
1249 1639 1353 1656 comme
1363 1629 1428 1656 c’est
1438 1628 1557 1660 difficile,
1569 1637 1636 1656 cette
1647 1629 1731 1656 sacrée
1742 1629 1837 1656 Briséïs
1846 1630 1859 1655 !!
1870 1628 1917 1655 Ah
1929 1630 1933 1655 !
1945 1639 1973 1656 ce
1983 1629 2051 1656 n’est
2061 1639 2106 1664 pas
2116 1630 2174 1664 prêt
2184 1628 2267 1656 d’être

272 1673 327 1705 fini,
335 1675 362 1710 je
372 1682 398 1701 te
408 1673 433 1700 le
443 1675 556 1710 garantis
568 1675 572 1700 !
581 1675 610 1705 Je
620 1674 672 1700 n’ai
681 1684 726 1709 pas
737 1675 813 1701 envie
824 1673 857 1701 de
867 1673 977 1701 devenir
986 1673 1117 1705 imbécile,
1129 1682 1155 1701 et
1165 1684 1233 1709 pour
1243 1673 1297 1700 cela
1303 1675 1330 1710 je
1341 1675 1406 1701 serai
1415 1673 1486 1701 forcé
1497 1673 1699 1709 d’interrompre
1709 1675 1770 1709 puis
1781 1673 1814 1701 de
1824 1674 1963 1709 reprendre
1974 1684 2012 1701 un
2022 1673 2113 1701 travail
2122 1675 2193 1701 aussi
2203 1673 2268 1710 long

273 1727 299 1746 et
313 1720 384 1746 aussi
398 1718 557 1754 compliqué.
573 1735 587 1738 -
602 1718 686 1750 Enfin,

272 1763 297 1791 le
313 1774 366 1799 peu
383 1765 429 1799 qui
445 1772 485 1791 est
501 1763 549 1791 fait
565 1772 605 1791 est
621 1763 688 1792 bou¬

272 1817 393 1845 grement
418 1808 481 1837 bien
507 1819 512 1840 ;
539 1809 604 1836 c’est
628 1817 688 1836 tou¬

269 1855 345 1890 jours
357 1864 385 1888 ça
397 1866 431 1880 »...

296 1900 343 1930 [La
368 1898 534 1930 Membrolle]
552 1898 631 1930 Jeudi
655 1899 691 1925 27

268 1944 330 1980 juin
340 1944 435 1975 [18]89.
448 1956 458 1968 «
469 1943 515 1970 Ah
528 1945 532 1970 !
545 1944 688 1979 puisqu’on

272 1997 360 2024 retape
372 1988 396 2015 la
408 1990 519 2020 maison,
533 2005 548 2008 -
560 1999 617 2016 non
629 1999 688 2016 seu-

271 2016 689 2067 lement il faut les peindre,
270 2063 688 2113 ces jalousies de malheur,
272 2125 338 2151 mais
357 2123 377 2150 il
396 2123 434 2151 les
454 2123 512 2151 faut
531 2123 595 2150 faire
614 2128 688 2150 répa¬

272 2177 321 2195 rer
344 2170 385 2200 [...]
409 2168 549 2196 Demande
572 2170 585 2195 à
606 2168 687 2196 Verd¬

272 2213 337 2241 hurt
349 2215 371 2241 si
382 2213 406 2240 la
414 2215 496 2250 jeune
508 2213 688 2241 Gwendoline

273 2258 305 2286 de
328 2259 424 2286 Rouen
445 2258 494 2286 fait
516 2269 565 2286 son
586 2258 686 2290 affaire,

273 2312 299 2331 et
319 2305 341 2331 si
357 2304 437 2335 Jehin
457 2312 497 2331 est
516 2303 560 2332 bel
580 2312 606 2331 et
625 2303 688 2332 bien

273 2348 337 2376 chef
351 2348 537 2380 d’orch[estre],
556 2350 597 2380 [...]
614 2350 686 2380 Hier,

269 2394 315 2430 j’ai
337 2393 454 2421 travaillé
477 2393 595 2429 pendant
617 2393 688 2421 deux

272 2438 368 2466 heures
383 2449 443 2466 avec
458 2439 482 2465 le
497 2440 565 2474 petit
579 2440 640 2466 curé
655 2438 688 2466 de

273 2483 414 2511 Fondettes
441 2494 446 2515 ;
472 2484 492 2510 il
517 2484 569 2510 m’a
594 2483 688 2511 chanté

273 2528 319 2556 des
339 2529 464 2556 Psaumes
485 2528 621 2564 superbes,
642 2530 688 2564 qui

272 2573 361 2601 feront
379 2573 516 2601 merveille
535 2584 567 2601 au
587 2574 603 2600 2
605 2572 614 2588 d
633 2582 688 2601 acte

273 2618 305 2646 de
318 2619 413 2646 Briséïs
422 2631 457 2645 »...

299 2664 523 2699 Correspondance
584 2664 686 2695 (89-20,

273 2709 366 2740 89-25,
397 2709 489 2740 89-26,
520 2709 610 2740 89-41,
641 2709 688 2736 89-

272 2754 316 2785 46,
330 2754 423 2785 89-62,
437 2754 539 2785 89-64).
553 2754 690 2781 Ancienne

275 2799 405 2826 collection
416 2799 521 2826 Francis
531 2799 657 2826 Poulenc.

2357 3069 2392 3098 13

2397 211 2423 354 Spectacle
2406 369 2423 396 et
2407 411 2423 511 usique
