2480 3188
524 1347 557 1371 20

1645 1348 1677 1371 25

273 1465 319 1492 des
332 1465 408 1501 pieds
421 1477 439 1497 »,
453 1465 472 1491 il
486 1466 606 1492 s’extasie
619 1476 651 1492 au
665 1465 793 1501 spectacle
806 1465 839 1492 de
852 1465 876 1492 la
888 1476 945 1492 mer
958 1476 963 1492 :
977 1478 986 1490 «
1000 1465 1023 1492 la
1036 1476 1098 1497 mer,
1113 1476 1155 1492 ma
1167 1476 1224 1492 mer
1236 1465 1332 1497 chérie,
1346 1473 1386 1492 est
1399 1466 1520 1502 toujours
1533 1465 1565 1497 là,
1580 1473 1605 1492 et
1618 1473 1648 1492 tu
1662 1466 1712 1492 sais
1725 1467 1747 1492 si
1756 1467 1783 1502 je
1796 1465 1891 1492 l’aime.
1906 1466 1980 1492 C’est
1993 1465 2053 1493 bête
2066 1476 2170 1492 comme
2183 1465 2261 1496 chou,

273 1511 338 1537 mais
346 1511 373 1547 je
384 1518 451 1537 reste
463 1510 487 1537 là
497 1510 544 1537 des
555 1510 651 1537 heures
662 1512 676 1537 à
686 1510 811 1547 regarder,
824 1521 927 1537 comme
939 1521 973 1537 en
983 1518 1079 1537 extase.
1092 1511 1169 1537 Cette
1180 1511 1333 1537 immensité
1344 1521 1387 1537 me
1398 1509 1446 1537 fait
1457 1510 1521 1537 faire
1532 1510 1606 1537 mille
1617 1509 1764 1542 réflexions,
1777 1521 1819 1537 ces
1830 1510 1914 1537 levers
1926 1510 1959 1537 de
1971 1510 2070 1542 soleils,
2082 1521 2124 1537 ces
2136 1510 2263 1537 couchers

272 1566 333 1582 avec
344 1566 386 1582 ces
397 1563 458 1582 tons
470 1555 555 1587 dorés,
567 1555 673 1587 violets,
686 1566 727 1582 ces
739 1556 835 1591 petites
846 1555 957 1591 barques
968 1566 1001 1582 au
1012 1555 1078 1587 loin,
1090 1566 1132 1582 ces
1144 1556 1309 1592 majestueux
1320 1563 1346 1582 et
1357 1555 1619 1591 prudhommesques
1630 1565 1742 1591 vapeurs
1753 1557 1799 1591 qui
1810 1556 1940 1582 viennent
1951 1555 1988 1582 du
2000 1556 2086 1582 Havre
2097 1563 2123 1582 et
2134 1563 2200 1582 vont
2211 1556 2263 1582 soit

273 1602 286 1627 à
297 1600 502 1636 Southampton,
515 1602 567 1627 soit
578 1600 643 1627 dans
654 1600 678 1627 la
688 1611 745 1627 mer
755 1600 792 1627 du
804 1600 887 1632 Nord,
899 1608 967 1627 cette
978 1611 1035 1627 mer
1045 1602 1091 1636 qui
1102 1611 1115 1627 a
1125 1608 1187 1627 tous
1198 1600 1236 1627 les
1247 1608 1309 1627 tons
1320 1600 1353 1627 de
1364 1600 1388 1627 la
1399 1600 1504 1636 palette,
1517 1600 1554 1627 du
1565 1600 1626 1636 plus
1637 1600 1699 1627 clair
1710 1611 1742 1627 au
1753 1600 1814 1636 plus
1826 1600 1939 1632 sombre,
1952 1611 2011 1627 avec
2023 1600 2069 1627 des
2081 1600 2263 1636 diaphanéités

272 1646 387 1677 inouïes,
401 1645 448 1672 des
461 1644 547 1672 reflets
560 1645 777 1681 incomparables,
792 1645 838 1672 des
851 1653 922 1672 verts
936 1645 1077 1672 émeraude
1090 1647 1103 1672 à
1115 1645 1179 1672 faire
1193 1646 1269 1672 envie
1282 1647 1296 1672 à
1308 1653 1335 1672 ta
1348 1656 1426 1677 sœur,
1441 1645 1487 1672 des
1501 1646 1667 1681 expressions
1680 1656 1778 1681 vagues
1792 1645 1824 1672 de
1838 1645 1901 1673 bleu
1914 1647 1928 1672 à
1941 1645 2093 1681 désespérer
2106 1646 2261 1677 Lamartine,

273 1698 299 1717 et
310 1690 357 1717 des
368 1698 608 1717 moutonnements
621 1701 666 1717 sur
677 1690 715 1717 les
727 1701 784 1717 rocs
795 1692 809 1717 à
820 1691 932 1726 inspirer
943 1690 990 1717 des
1001 1701 1059 1717 vers
1071 1690 1138 1717 d’un
1149 1690 1202 1717 km.
1216 1692 1229 1717 à
1240 1691 1321 1727 Hugo
1335 1701 1339 1722 ;
1352 1701 1413 1717 avec
1424 1690 1471 1717 des
1482 1689 1606 1722 frissons,
1619 1690 1666 1717 des
1679 1700 1803 1726 spasmes,
1817 1690 1863 1717 des
1876 1691 1980 1726 soupirs
1992 1692 2005 1717 à
2017 1689 2135 1717 étouffer
2145 1691 2261 1722 Musset,

272 1746 333 1762 avec
343 1735 390 1762 des
401 1735 531 1771 aiguilles,
544 1735 590 1762 des
601 1736 675 1762 coins
687 1737 829 1767 inconnus,
841 1735 888 1762 des
899 1735 1169 1771 phosphorescences,
1181 1735 1228 1762 des
1239 1734 1325 1762 reflets
1336 1735 1504 1771 métalliques
1516 1737 1529 1762 à
1539 1734 1603 1762 faire
1614 1737 1704 1771 pâmer
1713 1736 1811 1762 Monet
1822 1746 1857 1762 ou
1869 1737 1882 1762 à
1893 1736 2029 1771 esquinter
2039 1735 2063 1762 la
2073 1746 2152 1762 verve
2162 1735 2263 1762 voulue

273 1780 305 1807 de
316 1780 477 1812 Baudelaire,
489 1790 540 1816 que
551 1788 577 1807 te
588 1780 690 1817 dirai-je
702 1781 707 1807 !
718 1781 801 1807 Toute
812 1788 880 1807 cette
890 1781 989 1816 poésie,
1001 1788 1077 1807 toute
1088 1788 1155 1807 cette
1166 1782 1297 1816 peinture,
1309 1788 1384 1807 toute
1395 1788 1463 1807 cette
1473 1780 1621 1812 harmonie,
1633 1791 1662 1807 ce
1672 1780 1746 1808 bruit
1756 1780 1875 1807 haletant
1886 1788 1911 1807 et
1922 1780 2034 1807 cadencé
2045 1780 2078 1807 de
2089 1780 2112 1807 la
2122 1791 2206 1816 vague
2217 1782 2263 1816 qui

273 1833 362 1852 meurt
372 1833 398 1852 et
409 1826 454 1861 qui
465 1826 586 1852 contient
596 1825 691 1861 depuis
703 1825 856 1852 Beethoven
863 1826 970 1862 jusqu’à
981 1825 1155 1861 Shakespeare
1166 1836 1200 1852 en
1210 1833 1316 1861 passant
1327 1835 1372 1861 par
1382 1825 1583 1862 Michel-Ange,
1595 1833 1656 1852 tout
1666 1836 1694 1859 ça
1704 1836 1747 1852 me
1757 1833 1915 1861 transporte,
1928 1836 1970 1852 me
1981 1825 2106 1862 paralyse,
2118 1826 2261 1857 m’énerve,

272 1881 315 1897 me
330 1870 442 1902 comble,
458 1881 500 1897 me
515 1870 596 1898 crible
611 1870 643 1897 de
654 1871 723 1907 joies
738 1882 755 1896 ».
770 1870 791 1897 Il
805 1881 819 1897 a
832 1872 903 1907 gravi
917 1880 971 1897 une
987 1870 1105 1902 valleuse,
1121 1871 1186 1897 mais
1200 1872 1314 1897 renoncé
1328 1872 1342 1897 à
1355 1870 1421 1897 celle
1435 1870 1468 1897 de
1482 1870 1640 1897 Bénouville
1654 1881 1715 1897 avec
1729 1881 1770 1897 ses
1785 1871 1836 1897 365
1852 1870 1970 1897 marches
1985 1878 2011 1897 et
2024 1870 2058 1897 l’a
2072 1870 2186 1897 admirée
2200 1870 2263 1897 d’en

272 1915 325 1943 bas.
340 1916 426 1951 Après
439 1926 478 1942 un
491 1915 619 1952 déjeuner
632 1915 732 1942 d’œufs
746 1915 811 1942 dans
825 1926 878 1942 une
892 1915 1012 1952 auberge,
1027 1923 1053 1942 et
1066 1915 1232 1943 l’inévitable
1248 1922 1302 1942 trou
1318 1915 1445 1942 normand
1445 1937 1450 1947 ,
1465 1923 1555 1942 retour
1567 1925 1612 1951 par
1625 1915 1649 1942 la
1662 1923 1738 1942 route
1752 1915 1886 1942 d’Etretat.
1901 1916 1934 1942 Le
1948 1915 2109 1947 lendemain,
2124 1916 2263 1942 excursion

273 1971 307 1987 en
320 1960 430 1987 carriole
443 1962 457 1987 à
471 1960 634 1987 Gonneville
649 1971 653 1986 :
669 1972 678 1985 «
692 1961 769 1987 Nous
784 1970 899 1996 prenons
914 1960 937 1987 la
951 1968 1026 1987 route
1041 1960 1078 1987 du
1092 1961 1186 1992 Havre,
1201 1971 1262 1987 avec
1275 1960 1312 1987 du
1327 1960 1366 1986 lin
1379 1962 1392 1987 à
1406 1960 1491 1987 droite
1505 1968 1531 1987 et
1545 1960 1581 1987 du
1596 1960 1668 1987 colza
1681 1962 1694 1987 à
1707 1960 1816 1996 gauche,
1832 1971 1892 1987 avec
1905 1960 1944 1987 les
1958 1960 2120 1996 coquelicots
2134 1968 2160 1987 et
2173 1960 2262 1988 bluets

273 2005 306 2032 de
319 2007 434 2041 rigueur,
449 2005 473 2032 le
486 2013 546 2032 tout
560 2007 695 2032 couronné
708 2016 754 2041 par
766 2005 804 2032 les
818 2006 835 2032 6
848 2005 888 2032 fils
902 2005 1115 2041 télégraphiques
1129 2005 1161 2032 de
1175 2005 1199 2032 la
1211 2013 1287 2032 route
1300 2005 1534 2041 départementale,
1550 2016 1595 2032 sur
1607 2005 1723 2041 lesquels
1737 2005 1775 2032 les
1789 2007 1940 2037 moineaux,
1954 2005 2168 2036 chardonnerets,
2182 2005 2263 2033 buses

273 2058 299 2077 et
312 2058 399 2077 autres
413 2058 547 2077 mouettes
561 2051 691 2077 viennent
705 2050 738 2077 de
752 2058 838 2086 temps
852 2061 886 2077 en
900 2058 986 2086 temps
1000 2050 1095 2077 danser
1108 2061 1162 2077 une
1177 2050 1306 2077 saltarelle
1320 2061 1356 2077 ou
1371 2050 1495 2077 chercher
1508 2061 1546 2077 un
1560 2051 1637 2086 point
1651 2050 1760 2086 d’appui
1774 2060 1843 2086 pour
1855 2051 1913 2077 voir
1926 2050 2032 2078 tomber
2045 2050 2103 2077 leur
2117 2051 2184 2086 petit
2198 2061 2261 2077 caca.

273 2096 311 2130 Ça
324 2103 416 2122 monte
430 2103 490 2122 tout
503 2095 528 2122 le
542 2103 628 2131 temps
644 2106 648 2127 ;
664 2095 683 2121 il
697 2103 737 2122 est
750 2096 804 2122 vrai
818 2105 869 2131 que
883 2106 911 2129 ça
924 2095 1069 2122 descendra
1082 2106 1116 2122 en
1129 2103 1263 2127 revenant,
1278 2096 1343 2122 mais
1357 2096 1422 2122 c’est
1435 2095 1572 2123 embêtant
1586 2095 1675 2131 quand
1688 2106 1716 2129 ça
1729 2103 1830 2127 monte,
1845 2095 1966 2122 d’autant
1980 2105 2031 2131 que
2045 2106 2073 2122 ce
2087 2095 2179 2122 cheval
2194 2096 2235 2127 [...]
2250 2106 2264 2122 a

273 2140 319 2167 des
329 2140 431 2177 jambes
444 2151 478 2167 en
491 2148 570 2167 coton
582 2148 608 2167 et
620 2151 654 2167 ne
667 2140 751 2176 prend
763 2140 788 2167 le
800 2148 853 2167 trot
865 2157 880 2159 -
893 2148 918 2167 et
931 2140 993 2176 quel
1005 2148 1057 2167 trot
1072 2141 1076 2167 !
1090 2156 1105 2159 -
1117 2141 1176 2176 qu’à
1188 2140 1213 2167 la
1225 2140 1364 2167 condition
1377 2140 1409 2167 de
1422 2140 1461 2167 lui
1474 2139 1601 2167 enfoncer
1613 2140 1637 2167 la
1645 2140 1734 2177 jambe
1747 2140 1812 2167 dans
1825 2140 1850 2167 le
1862 2140 1985 2172 derrière,
1999 2140 2126 2176 pantalon
2138 2141 2261 2176 compris,

269 2186 375 2221 jusqu’à
387 2186 524 2212 mi-cuisse
537 2196 542 2217 ;
556 2193 582 2212 et
593 2185 612 2211 il
625 2186 664 2222 s’y
675 2185 785 2213 habitue
798 2186 803 2212 !
817 2187 838 2212 si
850 2185 913 2213 bien
924 2185 989 2221 qu’il
1001 2184 1059 2212 faut
1071 2185 1183 2222 changer
1194 2185 1227 2212 de
1239 2193 1325 2221 temps
1337 2196 1371 2212 en
1383 2193 1469 2221 temps
1481 2185 1514 2212 de
1522 2185 1620 2222 jambe,
1634 2196 1693 2212 sans
1706 2187 1769 2221 quoi
1781 2196 1809 2219 ça
1820 2196 1853 2212 ne
1866 2185 1904 2212 lui
1916 2184 1992 2212 ferait
2004 2185 2065 2221 plus
2077 2196 2165 2212 aucun
2176 2184 2243 2212 effet
2256 2196 2262 2217 ;

269 2231 296 2267 je
311 2231 378 2257 crois
393 2232 480 2257 même
496 2240 547 2266 que
562 2241 590 2264 ça
604 2230 643 2257 lui
658 2229 734 2257 ferait
749 2230 844 2266 plaisir.
861 2231 938 2257 Nous
953 2241 987 2257 ne
1002 2240 1125 2266 pouvons
1141 2230 1289 2266 cependant
1304 2240 1348 2266 pas
1364 2230 1499 2257 déraciner
1512 2241 1551 2257 un
1566 2230 1649 2257 chêne
1665 2230 1790 2257 séculaire
1806 2241 1874 2266 pour
1888 2230 1913 2257 le
1928 2230 1967 2257 lui
1982 2230 2130 2257 introduire
2145 2232 2181 2257 où
2195 2241 2262 2257 vous

273 2286 348 2302 savez
362 2287 379 2301 ».
395 2276 532 2312 Déjeuner
545 2277 558 2302 à
572 2275 704 2311 l’auberge
719 2275 886 2307 d’AuBOURG,
902 2288 911 2300 «
926 2277 972 2311 qui
986 2283 1026 2302 est
1039 2286 1093 2302 une
1107 2277 1221 2302 autorité
1236 2275 1300 2302 dans
1315 2275 1340 2302 le
1354 2285 1416 2312 pays
1431 2283 1457 2302 et
1471 2285 1522 2311 que
1536 2276 1662 2302 touristes
1677 2283 1703 2302 et
1717 2276 1941 2302 excursionnistes
1955 2276 2125 2302 connaissent
2139 2283 2208 2302 tous.
2225 2276 2263 2302 Ce

272 2320 447 2352 bonhomme,
461 2331 500 2347 un
513 2320 606 2347 enfant
619 2320 656 2347 du
670 2330 741 2357 pays,
756 2331 769 2347 a
782 2320 960 2347 collectionné
973 2331 1012 2347 un
1024 2322 1079 2347 vrai
1092 2322 1184 2347 musée
1198 2320 1231 2347 de
1244 2320 1348 2347 vieilles
1362 2328 1388 2347 et
1400 2320 1593 2356 remarquables
1607 2319 1731 2352 faïences,
1745 2322 1826 2347 vieux
1839 2320 1969 2352 meubles,
1984 2331 2077 2352 armes,
2092 2328 2150 2352 etc.,
2165 2320 2189 2347 le
2203 2328 2263 2347 tout

272 2367 366 2392 trouvé
378 2365 443 2392 dans
456 2365 481 2392 le
493 2375 563 2402 pays.
577 2365 598 2391 Il
610 2376 644 2392 en
656 2376 669 2392 a
681 2375 749 2401 pour
761 2365 899 2401 beaucoup
912 2365 1030 2402 d’argent
1042 2373 1076 2397 et,
1090 2366 1202 2392 maintes
1214 2365 1275 2397 fois,
1289 2365 1308 2391 il
1320 2376 1354 2392 en
1366 2376 1380 2392 a
1391 2365 1481 2392 refusé
1493 2365 1517 2392 la
1528 2373 1607 2392 vente
1620 2376 1670 2392 aux
1683 2365 1846 2396 Offenbach,
1859 2365 1956 2393 Albert
1968 2364 2067 2397 Wolff,
2081 2365 2113 2392 de
2126 2365 2262 2397 Neuville,

273 2411 389 2447 Dupray,
401 2410 517 2437 Détaillé
528 2418 576 2437 etc.
589 2422 623 2436 »...
635 2411 699 2437 Bain
710 2410 742 2437 de
753 2421 810 2437 mer
820 2412 833 2437 à
843 2410 975 2437 Bruneval
987 2421 991 2436 :
1004 2423 1013 2435 «
1024 2407 1146 2437 Édouard
1157 2418 1183 2437 et
1193 2412 1248 2437 moi
1259 2410 1387 2437 enlevons
1395 2411 1520 2447 jusqu’au
1531 2410 1638 2437 dernier
1647 2418 1761 2446 rempart
1772 2410 1804 2437 de
1815 2410 1839 2437 la
1849 2410 1955 2446 pudeur
1965 2427 1980 2429 -
1987 2411 2033 2447 j’ai
2044 2412 2153 2437 nommé
2163 2410 2188 2437 le
2199 2410 2263 2446 gilet

273 2455 306 2482 de
316 2455 420 2482 flanelle
432 2471 446 2474 -
458 2463 484 2482 et
494 2455 565 2482 deux
575 2455 681 2482 Adonis
693 2466 720 2482 se
728 2456 827 2492 jettent
837 2457 851 2482 à
861 2455 938 2482 l’eau.
950 2456 1014 2482 Bain
1025 2456 1125 2491 exquis,
1137 2455 1199 2483 bain
1210 2457 1269 2482 rêvé
1281 2456 1286 2481 !
1299 2456 1337 2482 Ce
1348 2465 1399 2491 que
1410 2455 1465 2482 cela
1475 2466 1518 2482 me
1528 2454 1577 2482 fait
1588 2455 1620 2482 de
1631 2455 1703 2487 bien,
1715 2456 1779 2482 c’est
1790 2465 1835 2491 pas
1846 2455 1909 2482 dieu
1920 2455 2038 2491 possible
2051 2456 2055 2481 !
2068 2456 2144 2482 Nous
2157 2463 2263 2482 sortons

273 2500 306 2527 de
316 2500 341 2527 là
351 2511 422 2527 roses
434 2511 537 2527 comme
548 2500 586 2527 les
594 2502 673 2537 joues
684 2500 717 2527 de
727 2508 803 2527 notre
813 2500 922 2532 Marcel,
934 2511 975 2527 car
985 2500 1009 2527 la
1019 2511 1076 2527 mer
1086 2502 1153 2527 aime
1164 2502 1178 2527 à
1187 2501 1245 2527 voir
1255 2500 1366 2527 circuler
1375 2500 1400 2527 le
1412 2511 1475 2536 sang
1486 2500 1518 2527 de
1529 2511 1596 2527 ceux
1606 2502 1652 2536 qui
1663 2501 1702 2537 s’y
1712 2500 1849 2536 plongent,
1862 2508 1888 2527 et
1898 2502 1971 2536 après
1982 2511 2051 2527 nous
2063 2501 2117 2527 être
2128 2500 2219 2527 séchés
2230 2511 2263 2527 au

273 2545 350 2572 soleil
362 2553 388 2572 et
399 2547 471 2572 avoir
482 2545 575 2572 enlevé
587 2546 806 2582 soigneusement
817 2545 855 2572 les
867 2547 948 2581 petits
959 2546 1047 2582 grains
1059 2545 1092 2572 de
1103 2545 1186 2581 galets
1198 2547 1243 2581 qui
1255 2553 1303 2572 ont
1315 2545 1339 2572 la
1350 2546 1437 2572 manie
1449 2545 1482 2572 de
1493 2546 1569 2572 venir
1580 2556 1608 2572 se
1619 2545 1737 2581 réfugier
1748 2553 1821 2572 entre
1833 2545 1872 2572 les
1884 2545 1972 2581 doigts
1984 2545 2017 2572 de
2029 2545 2104 2581 pieds
2116 2545 2153 2572 du
2165 2555 2263 2581 pauvre

273 2590 380 2622 monde,
393 2601 463 2617 nous
475 2601 556 2617 avons
568 2592 659 2617 revêtu
672 2590 767 2626 depuis
779 2590 803 2617 la
815 2590 964 2617 chaussette
973 2591 1079 2626 jusqu’à
1091 2590 1115 2617 la
1126 2598 1226 2617 cravate
1238 2602 1272 2616 »...
1286 2591 1387 2617 Retour
1398 2592 1412 2617 à
1423 2587 1529 2622 Étretat,
1543 2603 1552 2615 «
1565 2590 1719 2617 cahin-caha
1731 2601 1736 2622 ;
1750 2601 1778 2617 ce
1790 2600 1888 2626 pauvre
1900 2590 1991 2617 cheval
2003 2591 2065 2617 n’en
2077 2598 2142 2626 peut
2154 2590 2214 2626 plus
2227 2603 2262 2616 »...

273 2636 306 2662 Le
318 2635 479 2667 lendemain,
493 2635 512 2662 il
524 2636 610 2672 ajoute
622 2635 647 2662 le
659 2636 722 2662 récit
734 2635 767 2662 de
779 2635 803 2662 la
814 2635 886 2662 halte
898 2637 911 2662 à
924 2636 1096 2667 Saint-Jouin,
1110 2637 1123 2662 à
1134 2635 1229 2662 l’hôtel
1241 2635 1274 2662 de
1287 2647 1296 2660 «
1308 2635 1332 2662 la
1344 2635 1416 2662 Belle
1428 2636 1568 2662 Ernestine
1581 2636 1623 2667 [...]
1636 2635 1697 2671 plus
1709 2635 1779 2663 belle
1791 2635 1828 2662 du
1840 2643 1909 2667 tout,
1922 2635 1946 2662 la
1958 2635 2028 2663 belle
2040 2636 2179 2662 Ernestine
2193 2646 2198 2667 ;
2212 2635 2263 2662 elle

273 2691 294 2712 a,
307 2691 411 2707 comme
422 2690 534 2716 presque
546 2688 635 2707 toutes
647 2680 686 2707 les
697 2680 810 2707 femmes
823 2680 893 2712 d’ici,
906 2691 944 2707 un
956 2680 1060 2707 râtelier
1071 2692 1080 2705 »
1094 2691 1099 2712 ;
1112 2680 1261 2716 digression
1273 2691 1318 2707 sur
1329 2680 1368 2707 les
1380 2680 1521 2707 râteliers...
1535 2692 1544 2705 «
1556 2681 1634 2707 Cette
1645 2691 1735 2717 grosse
1747 2679 1846 2707 femme
1858 2691 1871 2707 a
1883 2691 1916 2707 eu
1929 2691 1978 2707 son
1990 2680 2072 2707 heure
2084 2680 2117 2707 de
2129 2680 2262 2708 célébrité.

272 2725 355 2761 Alph.
368 2726 440 2757 Karr,
453 2725 529 2752 Alex.
542 2726 646 2752 Dumas
657 2727 726 2761 père,
738 2725 884 2757 Monselet,
897 2725 944 2752 des
955 2727 1080 2761 peintres,
1093 2725 1140 2752 des
1151 2726 1296 2752 musiciens
1308 2733 1356 2752 ont
1366 2724 1423 2757 fait,
1436 2725 1455 2752 il
1465 2736 1484 2762 y
1494 2736 1508 2752 a
1519 2725 1634 2761 quelque
1648 2726 1677 2752 15
1690 2736 1745 2757 ans,
1758 2736 1812 2752 une
1823 2727 1938 2752 certaine
1949 2727 2102 2752 renommée
2114 2727 2127 2752 à
2139 2736 2165 2752 sa
2175 2733 2261 2757 vertu,

273 2781 314 2797 car
326 2770 377 2797 elle
390 2772 454 2797 était
467 2781 525 2807 sage
537 2772 551 2797 à
564 2781 613 2797 son
625 2770 708 2802 hôtel,
722 2781 764 2797 car
776 2770 827 2797 elle
840 2771 963 2797 cuisinait
976 2770 1046 2798 bien.
1062 2771 1103 2802 [...]
1117 2770 1168 2797 elle
1181 2781 1195 2797 a
1207 2770 1384 2797 collectionné
1397 2781 1451 2797 une
1464 2771 1584 2806 quantité
1597 2770 1730 2798 d’albums
1743 2770 1797 2797 fort
1810 2772 1920 2797 curieux
1933 2781 1979 2797 sur
1991 2770 2107 2806 lesquels
2120 2771 2262 2797 tout-Paris

273 2815 402 2842 moderne
413 2826 426 2842 a
437 2815 514 2842 laissé
525 2826 563 2842 un
574 2823 631 2842 mot
642 2815 753 2851 d’esprit
764 2826 800 2842 ou
811 2826 865 2842 une
876 2815 969 2847 bêtise,
981 2826 1020 2842 un
1031 2815 1130 2847 dessin,
1142 2826 1180 2842 un
1191 2816 1304 2851 croquis,
1316 2826 1355 2842 un
1366 2815 1540 2851 compliment
1551 2826 1585 2842 en
1595 2826 1653 2842 vers
1664 2817 1678 2842 à
1688 2816 1836 2847 Ernestine,
1849 2815 1921 2842 enfin
1931 2823 1992 2842 tout
2003 2826 2031 2842 ce
2042 2817 2088 2851 qui
2099 2823 2164 2851 peut
2175 2825 2264 2851 passer

273 2871 318 2896 par
328 2860 352 2887 la
362 2860 475 2887 cervelle
488 2861 492 2886 !
501 2861 549 2892 J’ai
560 2861 625 2887 écrit
635 2871 674 2887 un
684 2859 817 2896 fragment
828 2860 861 2887 de
873 2860 978 2887 L’Etoile
987 2871 1021 2887 en
1032 2868 1145 2887 mettant
1156 2860 1315 2887 au-dessous
1327 2871 1332 2887 :
1345 2861 1458 2887 “Extrait
1469 2860 1502 2887 de
1514 2857 1625 2892 L’Etoile,
1640 2860 1662 2887 le
1669 2860 1728 2896 plus
1736 2860 1822 2896 grand
1830 2862 1916 2887 succès
1925 2860 1971 2887 des
1982 2859 2262 2892 Bouffes-Parisiens”,

273 2907 333 2941 puis
342 2906 388 2941 j’ai
401 2906 475 2942 signé
488 2916 493 2937 ;
507 2905 545 2932 les
558 2904 713 2933 Offenbach
726 2913 815 2932 seront
827 2907 915 2941 épatés
927 2905 1016 2941 quand
1028 2905 1061 2932 ils
1072 2913 1180 2932 verront
1192 2916 1220 2939 ça
1233 2906 1237 2931 !
1251 2917 1285 2931 »...

299 2950 523 2986 Correspondance
533 2951 625 2982 (78-5).
639 2951 776 2977 Ancienne
787 2950 917 2977 collection
929 2950 1034 2977 Francis
1044 2950 1170 2977 Poulenc.

2364 3069 2383 3099 9

2397 211 2423 354 Spectacle
2406 369 2423 396 et
2407 411 2423 511 usique
