<?xml version="1.0" encoding="utf-8"?>
<alto xmlns="http://www.loc.gov/standards/alto/ns-v4#" xmlns:xsi="http://www.w3.org/2001/XMLSchema-instance" xsi:schemaLocation="http://www.loc.gov/standards/alto/ns-v4# https://gitlab.inria.fr/scripta/escriptorium/-/raw/develop/app/escriptorium/static/alto-4-1-baselines.xsd">
<Description>
<MeasurementUnit>pixel</MeasurementUnit><sourceImageInformation><fileName>1856_10_LAV_N03-4.png</fileName></sourceImageInformation>
<OCRProcessing ID="IdOcr">
<ocrProcessingStep>
<processingDateTime>2020-10-31T11:44:15.463+01:00</processingDateTime>
<processingSoftware>
<softwareCreator>READ COOP</softwareCreator>
<softwareName>Transkribus</softwareName>
</processingSoftware>
</ocrProcessingStep>
</OCRProcessing>
</Description>
<Layout>
<Page HEIGHT="7242" ID="Page1" PHYSICAL_IMG_NR="1" WIDTH="4267">
<TopMargin HEIGHT="120" HPOS="0" VPOS="0" WIDTH="4267"/>
<LeftMargin HEIGHT="7122" HPOS="0" VPOS="120" WIDTH="696"/>
<RightMargin HEIGHT="7122" HPOS="4267" VPOS="120" WIDTH="0"/>
<BottomMargin HEIGHT="0" HPOS="0" VPOS="7242" WIDTH="4267"/>
<PrintSpace HEIGHT="7122" HPOS="696" VPOS="120" WIDTH="3571">
<TextBlock HEIGHT="110" HPOS="1861" ID="region_1558296229953_284" VPOS="651" WIDTH="456">
<Shape>
<Polygon POINTS="1861 651 2317 651 2317 761 1861 761"/>
</Shape>
<TextLine BASELINE="1870 751 2305 751" HEIGHT="92" HPOS="1870" ID="line_1558296277511_298" VPOS="659" WIDTH="435">
<String CONTENT="- 20 -" HEIGHT="92" HPOS="1870" ID="string_line_1558296277511_298" VPOS="659" WIDTH="435"/>
</TextLine>
</TextBlock>
<TextBlock HEIGHT="214" HPOS="806" ID="r_2_1" VPOS="831" WIDTH="2736">
<Shape>
<Polygon POINTS="806 831 3542 831 3542 1045 806 1045"/>
</Shape>
<TextLine BASELINE="809 942 3541 942" HEIGHT="110" HPOS="809" ID="tl_2" VPOS="832" WIDTH="2732">
<String CONTENT="porcelaine de Sèvres, membre de l’Académie des Sciences. L. a. s.," HEIGHT="110" HPOS="809" ID="string_tl_2" VPOS="832" WIDTH="2732"/>
</TextLine>
<TextLine BASELINE="807 1044 3538 1044" HEIGHT="116" HPOS="807" ID="tl_3" VPOS="928" WIDTH="2731">
<String CONTENT="à M. le baron d’Acher. Sèvres, 9 juillet 1829. 3 gr. p. in-4. 6 »" HEIGHT="116" HPOS="807" ID="string_tl_3" VPOS="928" WIDTH="2731"/>
</TextLine>
</TextBlock>
<TextBlock HEIGHT="686" HPOS="810" ID="r_2_2" VPOS="1021" WIDTH="2738">
<Shape>
<Polygon POINTS="810 1021 3548 1021 3548 1707 810 1707"/>
</Shape>
<TextLine BASELINE="908 1137 3538 1137" HEIGHT="115" HPOS="908" ID="tl_4" VPOS="1022" WIDTH="2630">
<String CONTENT="Lettre intéressante au sujet des portraits et bustes des membres" HEIGHT="115" HPOS="908" ID="string_tl_4" VPOS="1022" WIDTH="2630"/>
</TextLine>
<TextLine BASELINE="811 1238 3533 1238" HEIGHT="122" HPOS="811" ID="tl_5" VPOS="1116" WIDTH="2722">
<String CONTENT="de la famille royale, que Mgr le dauphin désire avoir. Le roi," HEIGHT="122" HPOS="811" ID="string_tl_5" VPOS="1116" WIDTH="2722"/>
</TextLine>
<TextLine BASELINE="813 1326 3544 1326" HEIGHT="118" HPOS="813" ID="tl_6" VPOS="1208" WIDTH="2731">
<String CONTENT="M. le duc de Bordeaux, Mademoiselle... « Il est presque impossible" HEIGHT="118" HPOS="813" ID="string_tl_6" VPOS="1208" WIDTH="2731"/>
</TextLine>
<TextLine BASELINE="812 1420 3542 1420" HEIGHT="114" HPOS="812" ID="tl_7" VPOS="1306" WIDTH="2730">
<String CONTENT="« d’avoir un bon buste de S. A. R. Madame la Dauphine, cette prin-" HEIGHT="114" HPOS="812" ID="string_tl_7" VPOS="1306" WIDTH="2730"/>
</TextLine>
<TextLine BASELINE="812 1518 3547 1518" HEIGHT="116" HPOS="812" ID="tl_8" VPOS="1402" WIDTH="2735">
<String CONTENT="« cesse ne paraissant pas disposée à donner les séances nécessaires" HEIGHT="116" HPOS="812" ID="string_tl_8" VPOS="1402" WIDTH="2735"/>
</TextLine>
<TextLine BASELINE="815 1612 3542 1612" HEIGHT="114" HPOS="815" ID="tl_9" VPOS="1498" WIDTH="2727">
<String CONTENT="« à ce genre de portrait, et aucun de ceux qui ont été faits ne" HEIGHT="114" HPOS="815" ID="string_tl_9" VPOS="1498" WIDTH="2727"/>
</TextLine>
<TextLine BASELINE="814 1706 2246 1706" HEIGHT="106" HPOS="814" ID="tl_10" VPOS="1600" WIDTH="1432">
<String CONTENT="« m’ayant paru satisfaisant.....»" HEIGHT="106" HPOS="814" ID="string_tl_10" VPOS="1600" WIDTH="1432"/>
</TextLine>
</TextBlock>
<TextBlock HEIGHT="116" HPOS="727" ID="r_2_3" VPOS="1683" WIDTH="2815">
<Shape>
<Polygon POINTS="727 1683 3542 1683 3542 1799 727 1799"/>
</Shape>
<TextLine BASELINE="728 1798 3541 1798" HEIGHT="114" HPOS="728" ID="tl_11" VPOS="1684" WIDTH="2813">
<String CONTENT="185. Brune (le maréchal). Né à Brives (Corrèze), assassiné en 1815." HEIGHT="114" HPOS="728" ID="string_tl_11" VPOS="1684" WIDTH="2813"/>
</TextLine>
</TextBlock>
<TextBlock HEIGHT="118" HPOS="820" ID="r_2_4" VPOS="1779" WIDTH="2724">
<Shape>
<Polygon POINTS="820 1779 3544 1779 3544 1897 820 1897"/>
</Shape>
<TextLine BASELINE="821 1896 3543 1896" HEIGHT="116" HPOS="821" ID="tl_12" VPOS="1780" WIDTH="2722">
<String CONTENT="L.aut. sig., Boulogne, 15 mai 1806. 1 p. in-12. 3 »" HEIGHT="116" HPOS="821" ID="string_tl_12" VPOS="1780" WIDTH="2722"/>
</TextLine>
</TextBlock>
<TextBlock HEIGHT="208" HPOS="721" ID="r_2_5" VPOS="1873" WIDTH="2828">
<Shape>
<Polygon POINTS="721 1873 3549 1873 3549 2081 721 2081"/>
</Shape>
<TextLine BASELINE="722 1988 3548 1988" HEIGHT="114" HPOS="722" ID="tl_13" VPOS="1874" WIDTH="2826">
<String CONTENT="186. Buache (Jean-Nicolas), 1er géographe du roi, membre de" HEIGHT="114" HPOS="722" ID="string_tl_13" VPOS="1874" WIDTH="2826"/>
</TextLine>
<TextLine BASELINE="818 2080 3543 2080" HEIGHT="110" HPOS="818" ID="tl_14" VPOS="1970" WIDTH="2725">
<String CONTENT="l’Académie des sciences. Né à La-Neuville-au-Pont (Haute-Marne)." HEIGHT="110" HPOS="818" ID="string_tl_14" VPOS="1970" WIDTH="2725"/>
</TextLine>
</TextBlock>
<TextBlock HEIGHT="120" HPOS="822" ID="r_2_6" VPOS="2063" WIDTH="2730">
<Shape>
<Polygon POINTS="822 2063 3552 2063 3552 2183 822 2183"/>
</Shape>
<TextLine BASELINE="823 2182 3551 2182" HEIGHT="118" HPOS="823" ID="tl_15" VPOS="2064" WIDTH="2728">
<String CONTENT="L. aut. sig. Paris, 20 juin 1791. 1 p. pl. in-4. 2 75" HEIGHT="118" HPOS="823" ID="string_tl_15" VPOS="2064" WIDTH="2728"/>
</TextLine>
</TextBlock>
<TextBlock HEIGHT="206" HPOS="720" ID="r_2_7" VPOS="2159" WIDTH="2833">
<Shape>
<Polygon POINTS="720 2159 3553 2159 3553 2365 720 2365"/>
</Shape>
<TextLine BASELINE="721 2272 3552 2272" HEIGHT="112" HPOS="721" ID="tl_16" VPOS="2160" WIDTH="2831">
<String CONTENT="187. Bulow, ministre plénipotentiaire de la Russie au Congrès de" HEIGHT="112" HPOS="721" ID="string_tl_16" VPOS="2160" WIDTH="2831"/>
</TextLine>
<TextLine BASELINE="822 2364 3549 2364" HEIGHT="110" HPOS="822" ID="tl_17" VPOS="2254" WIDTH="2727">
<String CONTENT="Paris. L a. s., Londres, 8 novembre 1832. 1 p. pl. in-8. 4 50" HEIGHT="110" HPOS="822" ID="string_tl_17" VPOS="2254" WIDTH="2727"/>
</TextLine>
</TextBlock>
<TextBlock HEIGHT="218" HPOS="732" ID="r_2_8" VPOS="2347" WIDTH="2817">
<Shape>
<Polygon POINTS="732 2347 3549 2347 3549 2565 732 2565"/>
</Shape>
<TextLine BASELINE="733 2462 3537 2462" HEIGHT="114" HPOS="733" ID="tl_18" VPOS="2348" WIDTH="2804">
<String CONTENT="188 Bugeaud (le maréchal), duc d'Isly. Né à Limoges. L. aut." HEIGHT="114" HPOS="733" ID="string_tl_18" VPOS="2348" WIDTH="2804"/>
</TextLine>
<TextLine BASELINE="819 2564 3548 2564" HEIGHT="122" HPOS="819" ID="tl_19" VPOS="2442" WIDTH="2729">
<String CONTENT="sig., Paris, 13 février 1815. 2 p. pl. in-4. Curieuse. 4 »" HEIGHT="122" HPOS="819" ID="string_tl_19" VPOS="2442" WIDTH="2729"/>
</TextLine>
</TextBlock>
<TextBlock HEIGHT="404" HPOS="731" ID="r_2_9" VPOS="2535" WIDTH="2828">
<Shape>
<Polygon POINTS="731 2535 3559 2535 3559 2939 731 2939"/>
</Shape>
<TextLine BASELINE="732 2654 3558 2654" HEIGHT="118" HPOS="732" ID="tl_20" VPOS="2536" WIDTH="2826">
<String CONTENT="189. Bussy-Rabutin (le comte Roger de), auteur de l'Histoire" HEIGHT="118" HPOS="732" ID="string_tl_20" VPOS="2536" WIDTH="2826"/>
</TextLine>
<TextLine BASELINE="819 2752 3551 2752" HEIGHT="122" HPOS="819" ID="tl_21" VPOS="2630" WIDTH="2732">
<String CONTENT="amoureuse des Gaules, etc. L. aut. sig., au prince de Condé" HEIGHT="122" HPOS="819" ID="string_tl_21" VPOS="2630" WIDTH="2732"/>
</TextLine>
<TextLine BASELINE="821 2842 3548 2842" HEIGHT="116" HPOS="821" ID="tl_22" VPOS="2726" WIDTH="2727">
<String CONTENT="(Louis II, de Bourbon, dit le Grand). Chaseu, 9 nov. 1668. 11 gr.p." HEIGHT="116" HPOS="821" ID="string_tl_22" VPOS="2726" WIDTH="2727"/>
</TextLine>
<TextLine BASELINE="826 2938 3552 2938" HEIGHT="116" HPOS="826" ID="tl_23" VPOS="2822" WIDTH="2726">
<String CONTENT="pl. in-4. Superbe et précieuse lettre, parfaite conservation. 5 25 »" HEIGHT="116" HPOS="826" ID="string_tl_23" VPOS="2822" WIDTH="2726"/>
</TextLine>
</TextBlock>
<TextBlock HEIGHT="404" HPOS="822" ID="r_2_10" VPOS="2913" WIDTH="2740">
<Shape>
<Polygon POINTS="822 2913 3562 2913 3562 3317 822 3317"/>
</Shape>
<TextLine BASELINE="922 3031 3561 3031" HEIGHT="117" HPOS="922" ID="tl_24" VPOS="2914" WIDTH="2639">
<String CONTENT="Il se justifie envers lui d’un faux manuscrit qu’on avait fait" HEIGHT="117" HPOS="922" ID="string_tl_24" VPOS="2914" WIDTH="2639"/>
</TextLine>
<TextLine BASELINE="823 3126 3556 3126" HEIGHT="118" HPOS="823" ID="tl_25" VPOS="3008" WIDTH="2733">
<String CONTENT="courir sous son nom. Le vrai qu’il a soumis au roi est tout diffé¬" HEIGHT="118" HPOS="823" ID="string_tl_25" VPOS="3008" WIDTH="2733"/>
</TextLine>
<TextLine BASELINE="832 3220 3548 3220" HEIGHT="114" HPOS="832" ID="tl_26" VPOS="3106" WIDTH="2716">
<String CONTENT="rent de celui qu’on lui attribue. Persécutions qu’on lui a fait subir" HEIGHT="114" HPOS="832" ID="string_tl_26" VPOS="3106" WIDTH="2716"/>
</TextLine>
<TextLine BASELINE="834 3316 2509 3316" HEIGHT="107" HPOS="834" ID="tl_27" VPOS="3209" WIDTH="1675">
<String CONTENT="à ce sujet. Longs et intéressants détails." HEIGHT="107" HPOS="834" ID="string_tl_27" VPOS="3209" WIDTH="1675"/>
</TextLine>
</TextBlock>
<TextBlock HEIGHT="114" HPOS="748" ID="r_2_11" VPOS="3293" WIDTH="2814">
<Shape>
<Polygon POINTS="748 3293 3562 3293 3562 3407 748 3407"/>
</Shape>
<TextLine BASELINE="749 3406 3561 3406" HEIGHT="112" HPOS="749" ID="tl_28" VPOS="3294" WIDTH="2812">
<String CONTENT="190. Cadet (Louis-Charles), chimiste, membre de l’Académie des" HEIGHT="112" HPOS="749" ID="string_tl_28" VPOS="3294" WIDTH="2812"/>
</TextLine>
</TextBlock>
<TextBlock HEIGHT="120" HPOS="831" ID="r_2_12" VPOS="3387" WIDTH="2730">
<Shape>
<Polygon POINTS="831 3387 3561 3387 3561 3507 831 3507"/>
</Shape>
<TextLine BASELINE="832 3506 3560 3506" HEIGHT="118" HPOS="832" ID="tl_29" VPOS="3388" WIDTH="2728">
<String CONTENT="sciences. L. aut. sig., 31 mai 1785. 1 p. pl. in-4. 3 50" HEIGHT="118" HPOS="832" ID="string_tl_29" VPOS="3388" WIDTH="2728"/>
</TextLine>
</TextBlock>
<TextBlock HEIGHT="212" HPOS="739" ID="r_2_13" VPOS="3483" WIDTH="2827">
<Shape>
<Polygon POINTS="739 3483 3566 3483 3566 3695 739 3695"/>
</Shape>
<TextLine BASELINE="740 3594 3561 3594" HEIGHT="110" HPOS="740" ID="tl_30" VPOS="3484" WIDTH="2821">
<String CONTENT="191. Cadet-de-Gassicourt (Charles-Louis), pharmacien de" HEIGHT="110" HPOS="740" ID="string_tl_30" VPOS="3484" WIDTH="2821"/>
</TextLine>
<TextLine BASELINE="835 3694 3565 3694" HEIGHT="116" HPOS="835" ID="tl_31" VPOS="3578" WIDTH="2730">
<String CONTENT="l’Empereur, poète, membre du Caveau Moderne. L. aut. sig., à" HEIGHT="116" HPOS="835" ID="string_tl_31" VPOS="3578" WIDTH="2730"/>
</TextLine>
</TextBlock>
<TextBlock HEIGHT="114" HPOS="832" ID="r_2_14" VPOS="3669" WIDTH="2737">
<Shape>
<Polygon POINTS="832 3669 3569 3669 3569 3783 832 3783"/>
</Shape>
<TextLine BASELINE="833 3782 3568 3782" HEIGHT="112" HPOS="833" ID="tl_32" VPOS="3670" WIDTH="2735">
<String CONTENT="M. Barbier. Paris, 23 novembre 1813. 2 p. pl. in-4. 3 50" HEIGHT="112" HPOS="833" ID="string_tl_32" VPOS="3670" WIDTH="2735"/>
</TextLine>
</TextBlock>
<TextBlock HEIGHT="116" HPOS="749" ID="r_2_15" VPOS="3765" WIDTH="2815">
<Shape>
<Polygon POINTS="749 3765 3564 3765 3564 3881 749 3881"/>
</Shape>
<TextLine BASELINE="750 3880 3563 3880" HEIGHT="114" HPOS="750" ID="tl_33" VPOS="3766" WIDTH="2813">
<String CONTENT="192. Cadet-de-Vaux (Antoine-Alexis), agronome, économiste," HEIGHT="114" HPOS="750" ID="string_tl_33" VPOS="3766" WIDTH="2813"/>
</TextLine>
</TextBlock>
<TextBlock HEIGHT="288" HPOS="834" ID="r_2_16" VPOS="3859" WIDTH="2737">
<Shape>
<Polygon POINTS="834 3859 3571 3859 3571 4147 834 4147"/>
</Shape>
<TextLine BASELINE="835 3976 3551 3976" HEIGHT="116" HPOS="835" ID="tl_34" VPOS="3860" WIDTH="2716">
<String CONTENT="membre de la Société d’agriculture, de l’Académie de médecine." HEIGHT="116" HPOS="835" ID="string_tl_34" VPOS="3860" WIDTH="2716"/>
</TextLine>
<TextLine BASELINE="841 4072 3554 4072" HEIGHT="118" HPOS="841" ID="tl_35" VPOS="3954" WIDTH="2713">
<String CONTENT="L. aut. sig., Paris, 16 brumaire an VII. 1 p. pl. et demie in-4." HEIGHT="118" HPOS="841" ID="string_tl_35" VPOS="3954" WIDTH="2713"/>
</TextLine>
<TextLine BASELINE="836 4146 3570 4146" HEIGHT="97" HPOS="836" ID="tl_36" VPOS="4049" WIDTH="2734">
<String CONTENT="Intéressante. 3 50" HEIGHT="97" HPOS="836" ID="string_tl_36" VPOS="4049" WIDTH="2734"/>
</TextLine>
</TextBlock>
<TextBlock HEIGHT="119" HPOS="744" ID="r_2_17" VPOS="4140" WIDTH="2832">
<Shape>
<Polygon POINTS="744 4140 3576 4140 3576 4259 744 4259"/>
</Shape>
<TextLine BASELINE="745 4258 3575 4258" HEIGHT="117" HPOS="745" ID="tl_37" VPOS="4141" WIDTH="2830">
<String CONTENT="193. Cadet-de-Vaux (le même). L. sig., à M. le duc d’Angou-" HEIGHT="117" HPOS="745" ID="string_tl_37" VPOS="4141" WIDTH="2830"/>
</TextLine>
</TextBlock>
<TextBlock HEIGHT="120" HPOS="842" ID="r_2_18" VPOS="4231" WIDTH="2729">
<Shape>
<Polygon POINTS="842 4231 3571 4231 3571 4351 842 4351"/>
</Shape>
<TextLine BASELINE="843 4350 3570 4350" HEIGHT="118" HPOS="843" ID="tl_38" VPOS="4232" WIDTH="2727">
<String CONTENT="lème. Paris, 9 décembre 1822. 2 p. in-4. 5 »" HEIGHT="118" HPOS="843" ID="string_tl_38" VPOS="4232" WIDTH="2727"/>
</TextLine>
</TextBlock>
<TextBlock HEIGHT="783" HPOS="841" ID="r_2_19" VPOS="4329" WIDTH="2744">
<Shape>
<Polygon POINTS="841 4329 3585 4329 3585 5112 841 5112"/>
</Shape>
<TextLine BASELINE="934 4427 3562 4427" HEIGHT="97" HPOS="934" ID="tl_39" VPOS="4330" WIDTH="2628">
<String CONTENT="Son âme aura été déchirée en lisant dans le Constitutionnel du" HEIGHT="97" HPOS="934" ID="string_tl_39" VPOS="4330" WIDTH="2628"/>
</TextLine>
<TextLine BASELINE="842 4544 3577 4544" HEIGHT="119" HPOS="842" ID="tl_40" VPOS="4425" WIDTH="2735">
<String CONTENT="5 la lettre de M. Cochin, maire du 12e arrondissement, faubourg" HEIGHT="119" HPOS="842" ID="string_tl_40" VPOS="4425" WIDTH="2735"/>
</TextLine>
<TextLine BASELINE="843 4640 3572 4640" HEIGHT="119" HPOS="843" ID="tl_41" VPOS="4521" WIDTH="2729">
<String CONTENT="Saint-Marceau.... « 7000 ménages, ce qui constitue une population" HEIGHT="119" HPOS="843" ID="string_tl_41" VPOS="4521" WIDTH="2729"/>
</TextLine>
<TextLine BASELINE="848 4724 3578 4724" HEIGHT="109" HPOS="848" ID="tl_42" VPOS="4615" WIDTH="2730">
<String CONTENT="« de 28 à 30'000 individus, MANQUANT DE TOUT; arrêt inscrit dans la" HEIGHT="109" HPOS="848" ID="string_tl_42" VPOS="4615" WIDTH="2730"/>
</TextLine>
<TextLine BASELINE="848 4824 3577 4824" HEIGHT="115" HPOS="848" ID="tl_43" VPOS="4709" WIDTH="2729">
<String CONTENT="« lettre. Eh ! il y a ONZE autres municipalités. C’est le quart de la po¬" HEIGHT="115" HPOS="848" ID="string_tl_43" VPOS="4709" WIDTH="2729"/>
</TextLine>
<TextLine BASELINE="853 4923 3584 4923" HEIGHT="132" HPOS="853" ID="tl_44" VPOS="4791" WIDTH="2731">
<String CONTENT="« pulation de la capitale sans existence physique, nudité absolue, et" HEIGHT="132" HPOS="853" ID="string_tl_44" VPOS="4791" WIDTH="2731"/>
</TextLine>
<TextLine BASELINE="848 5018 3582 5018" HEIGHT="117" HPOS="848" ID="tl_45" VPOS="4901" WIDTH="2734">
<String CONTENT="« contre les rigueurs de la saison, la plus mince litière de paille. Pour" HEIGHT="117" HPOS="848" ID="string_tl_45" VPOS="4901" WIDTH="2734"/>
</TextLine>
<TextLine BASELINE="854 5111 3579 5111" HEIGHT="116" HPOS="854" ID="tl_46" VPOS="4995" WIDTH="2725">
<String CONTENT="« combattre, ou plutôt pour aiguiser la faim, UNE ONCE DE PAIN... »" HEIGHT="116" HPOS="854" ID="string_tl_46" VPOS="4995" WIDTH="2725"/>
</TextLine>
</TextBlock>
<TextBlock HEIGHT="119" HPOS="764" ID="r_2_20" VPOS="5090" WIDTH="2816">
<Shape>
<Polygon POINTS="764 5090 3580 5090 3580 5209 764 5209"/>
</Shape>
<TextLine BASELINE="765 5208 3579 5208" HEIGHT="117" HPOS="765" ID="tl_47" VPOS="5091" WIDTH="2814">
<String CONTENT="194. Cadoudal (Sépulture de Georges). L. aut. sig., du sieur" HEIGHT="117" HPOS="765" ID="string_tl_47" VPOS="5091" WIDTH="2814"/>
</TextLine>
</TextBlock>
<TextBlock HEIGHT="380" HPOS="856" ID="r_2_21" VPOS="5184" WIDTH="2726">
<Shape>
<Polygon POINTS="856 5184 3582 5184 3582 5564 856 5564"/>
</Shape>
<TextLine BASELINE="857 5299 3580 5299" HEIGHT="114" HPOS="857" ID="tl_48" VPOS="5185" WIDTH="2723">
<String CONTENT="Allard, concierge du cimetière Sainte-Catherine, qui atteste que" HEIGHT="114" HPOS="857" ID="string_tl_48" VPOS="5185" WIDTH="2723"/>
</TextLine>
<TextLine BASELINE="858 5395 3581 5395" HEIGHT="116" HPOS="858" ID="tl_49" VPOS="5279" WIDTH="2723">
<String CONTENT="les restes de Georges Cadoudal ont été inhumés, et sont encore" HEIGHT="116" HPOS="858" ID="string_tl_49" VPOS="5279" WIDTH="2723"/>
</TextLine>
<TextLine BASELINE="859 5489 3575 5489" HEIGHT="116" HPOS="859" ID="tl_50" VPOS="5373" WIDTH="2716">
<String CONTENT="dans le cimetière dont il est gardien. Paris, 29 juin 1814. 1p." HEIGHT="116" HPOS="859" ID="string_tl_50" VPOS="5373" WIDTH="2716"/>
</TextLine>
<TextLine BASELINE="859 5563 3580 5563" HEIGHT="94" HPOS="859" ID="tl_51" VPOS="5469" WIDTH="2721">
<String CONTENT="in-4. Curieux document. 6 »" HEIGHT="94" HPOS="859" ID="string_tl_51" VPOS="5469" WIDTH="2721"/>
</TextLine>
</TextBlock>
<TextBlock HEIGHT="60" HPOS="1872" ID="region_1552384894955_154" VPOS="5483" WIDTH="1507">
<Shape>
<Polygon POINTS="3379 5543 1872 5543 1872 5483 3379 5483"/>
</Shape>
</TextBlock>
<TextBlock HEIGHT="123" HPOS="765" ID="r_2_22" VPOS="5554" WIDTH="2819">
<Shape>
<Polygon POINTS="765 5554 3584 5554 3584 5677 765 5677"/>
</Shape>
<TextLine BASELINE="766 5676 3583 5676" HEIGHT="121" HPOS="766" ID="tl_52" VPOS="5555" WIDTH="2817">
<String CONTENT="195. Caillaud (Frédéric), voyageur dans la Haute-Egypte. Né à" HEIGHT="121" HPOS="766" ID="string_tl_52" VPOS="5555" WIDTH="2817"/>
</TextLine>
</TextBlock>
<TextBlock HEIGHT="212" HPOS="858" ID="r_2_23" VPOS="5652" WIDTH="2728">
<Shape>
<Polygon POINTS="858 5652 3586 5652 3586 5864 858 5864"/>
</Shape>
<TextLine BASELINE="859 5771 3585 5771" HEIGHT="118" HPOS="859" ID="tl_53" VPOS="5653" WIDTH="2726">
<String CONTENT="Nantes. L. aut. sig., à M. Hardouin-Michelin. Nantes, 14 décembre" HEIGHT="118" HPOS="859" ID="string_tl_53" VPOS="5653" WIDTH="2726"/>
</TextLine>
<TextLine BASELINE="859 5863 3582 5863" HEIGHT="112" HPOS="859" ID="tl_54" VPOS="5751" WIDTH="2723">
<String CONTENT="1828. 1 p. pl. in-4. 3 »" HEIGHT="112" HPOS="859" ID="string_tl_54" VPOS="5751" WIDTH="2723"/>
</TextLine>
</TextBlock>
<TextBlock HEIGHT="117" HPOS="765" ID="r_2_24" VPOS="5844" WIDTH="2820">
<Shape>
<Polygon POINTS="765 5844 3585 5844 3585 5961 765 5961"/>
</Shape>
<TextLine BASELINE="766 5960 3584 5960" HEIGHT="115" HPOS="766" ID="tl_55" VPOS="5845" WIDTH="2818">
<String CONTENT="196. Calmet (Dom Augustin), abbé de Sénoncs. L. aut. sig., à" HEIGHT="115" HPOS="766" ID="string_tl_55" VPOS="5845" WIDTH="2818"/>
</TextLine>
</TextBlock>
<TextBlock HEIGHT="114" HPOS="857" ID="r_2_25" VPOS="5938" WIDTH="2729">
<Shape>
<Polygon POINTS="857 5938 3586 5938 3586 6052 857 6052"/>
</Shape>
<TextLine BASELINE="858 6051 3585 6051" HEIGHT="112" HPOS="858" ID="tl_56" VPOS="5939" WIDTH="2727">
<String CONTENT="Titon Du Tillet. 8 août 1742. 3 p. in-4. Intéressante. 16 50" HEIGHT="112" HPOS="858" ID="string_tl_56" VPOS="5939" WIDTH="2727"/>
</TextLine>
</TextBlock>
<GraphicalElement HEIGHT="6638" HPOS="4044" ID="r_4" VPOS="295" WIDTH="70"/>
<GraphicalElement HEIGHT="6974" HPOS="4215" ID="r_5" VPOS="120" WIDTH="52"/>
<GraphicalElement HEIGHT="23" HPOS="1921" ID="r_6" VPOS="1656" WIDTH="240"/>
<Illustration HEIGHT="454" HPOS="3555" ID="r_3" VPOS="6788" WIDTH="687"/>
</PrintSpace>
</Page>
</Layout>
</alto>