4267 7266
2014 665 418 79 — 18 —

794 834 2836 109 154. Bailly (Jean-Sylvain), astronome, maire de Paris. L. sig.,

884 932 2748 105 comme maire de Paris. Paris, 5 août 1791. 1 p. in-fol. 2 50

792 1028 2843 105 155. Barbier (l’abbé H.), auteur de la Biographie du clergé con-

885 1124 2742 107 temporain (par un solitaire). L. aut. sig. Paris, 27 janvier 1842.

887 1218 2742 107 1 p. in-4. »

789 1314 2846 99 156. Barras, conventionnel, membre du Directoire. Né à Fox

881 1408 2753 109 (Var). Apostille de 4 lignes a.s. 11 messidor an VII. 1 p. in-fol. 250

802 1506 2830 107 157. Baudon l'aîné, antiquaire. L. aut. sig. Nîmes, 21 octobre

886 1586 2748 119 1749. 3 p. pl. in-4 Curieuse. 250

802 1696 2830 103 158. Baudon de Maison-Blanche, antiquaire, membre de

882 1790 2752 107 l’Académie des sciences. Fin d'une lettre aut. sig., relative à la

882 1886 2749 109 danse des anciens. 2 p. pl. in-4. 3 »

789 1980 2840 107 159. Baurein (l'abbé), auteur des Annales de Bordeaux. Pièce aut.

879 2080 2752 107 sig. 1 p. pl. in-4. 4 »

787 2170 2844 107 160. Bausset (le cardinal de), membre de l’Académie française.

885 2270 2743 105 L. aut. sig., au garde-des-sceaux. Lormois, 24 sept. 1812 1 p.

886 2364 2750 83 in-4. 2 50

788 2470 2848 89 161. Beauvais. Devis estimatif concernant la reconstruction en-

888 2562 2744 111 tière d'une écurie propre à contenir 110 chevaux formant partie de

884 2660 2750 109 la caserne du grand quartier de MM. les gardes du roi en la ville

884 2754 2751 109 de Beauvais. Par Cellérier, premier architecte de la généralité de

889 2853 2730 106 Paris. Approuvé à Paris par le ministre Berrier, le 4 octobre 1783.

883 2946 2754 109 32 gr. p. in-fol, avec 3 grandes planches de vues et coupes, colo-

881 3042 2748 107 riées et sig. par Cellérier. 25 »

791 3148 2841 105 162. Béguillet (Edme), agronome, avocat et notaire à Dijon,

888 3244 2742 105 membre correspondant de l’Académie des sciences. 1° L. aut. sig.

890 3338 2746 107 Dijon, 26 déc. 1776. 2 p. in-4. — 2° Catalogue de ses ouvrages

888 3432 2746 105 imprimés et manuscrits, 3 p. pl. in-4. — 3° Mémoire au sujet de

888 3529 2732 106 l'impression de ses ouvrages. 3 gr. p. pl. in-fol. — 4° Pièce sig.

880 3622 2753 107 du comte d’Ailly. 1 p. in - 4. 6 »

801 3728 2832 103 163. Belzunce de Castel-Moron, évêque de Marseille, cé-

887 3823 2734 104 lèbre par son dévouement pendant la peste de Marseille. L. aut.

881 3921 2738 104 sig., à M. l'évéque de Gap. Aubagne, 25 octobre 1718 2 p. in-4.

889 4016 2743 105 Déchirure en haut delà marge extérieure. 6 »

982 4111 2388 102 Lettre intéressante sur les querelles religieuses du temps.

802 4214 2828 103 164. Berger (Claude), doyen de la Faculté de médecine de Paris,

882 4308 2752 109 succéda à Fagon, en 1769, dans la place de professeur de chimie

884 4406 2751 105 au Collège de France. Quitt. sig. (sur parch) 19 déc. 1693. 2 50

803 4512 2832 101 165. Bergier (l’abbé Nicolas-Sylvestre), confesseur du roi, auteur

885 4609 2740 102 du Dictionnaire de théologie de l’encyclopédie méthodique, etc. L.

885 4702 2742 103 aut. sig., à Bernardin de Saint-Pierre. Versailles, 2 mars 1778.

856 4874 945 18 1 p. pl. in-4. Cachet. 6 »

791 4894 2843 101 166 Berthereau (Jean-François), bénédictin, travailla à la col-

886 4990 2748 107 lection des Historiens de France, etc. L. aut. sig., à l'abbé Mercier

882 5082 2748 105 de St-Léger, 1771. 2 p. in-4. 450

784 5192 2844 105 167. Berthier (le maréchal Alexandre), prince de Wagram. Né à

888 5285 2737 108 Versailles. Ordre aut. sig. Alexandre. Paris, 19 juillet 1810. 2 p.

879 5380 2752 85 in-8. Cachet. 2 25

783 5476 2846 101 168. Berthollet (le comte), médecin, chimiste, sénateur, membre

875 5573 2750 104 de l'Institut, L. aut. sig. 1 gr. p. in-fol. 3 »

789 5677 2827 108 169. Bertrand, procureur syndic du district de Compiègne.

880 5773 2746 106 L. a. s. Compiègne, 25 déc. 1792. 1 p. in-4. Cachet du district. 4 »

974 5871 2648 104 Demande de médailles et rubans pour les administrateurs du

874 5967 964 102 district. Curieuse pièce.
