4267 7242
1938 673 438 91 -22-

835 848 2746 108 avec le mot bon de la main du roi en marge. 1 p. in-4; — 3°

831 942 2745 110 mémoire en faveur de son petit-fils. 3 p. in-fol. 5 »

734 1034 2844 117 215. Choiseul Beaupré (Antoine-Clériadec de), archevêque de

836 1134 2737 114 Besançon. L. aut. sig., au duc de Bouillon. Besançon. 29 déc. 1759.

831 1230 2746 114 2 p. in-4. 3 »

739 1324 2841 113 216. Chompré (Nicolas-Maurice), fils de l'auteur des dictionnaires

836 1420 2742 108 de la Fable et de la Bible, un des principaux rédacteurs de la

834 1510 2733 106 collection des mémoires sur les Chinois, en 14 vol. in-4, mathé-

837 1608 2738 114 maticien. b. aut. sig., à M. de Frémonville. Paris, 14 août 1809.

835 1708 2743 112 3 p. pl. in-4. 3 »

740 1798 2836 111 217. Choron (Alex.-El.), compositeur de musique. Né à Caen.

836 1892 2745 120 L. aut. sig., à MM. les administrateurs de l'Athénée royal. Paris,

835 1984 2742 122 26 août 1815. 2 gr. p. in-fol. belle lettre. 6 »

935 2084 2539 104 Lettre intéressante au sujet du son cours de théorie musicale.

738 2180 2848 103 218. Clarke, duc de Feltre, maréchal de France. Né à Lan¬

840 2274 2737 112 drecies (Nord). L. aut. sig., au premier consul. Bruxelles, 20 fri¬

839 2374 2744 108 maire an v. 1 p. in-4. 2 50

741 2468 2837 111 219. Clausel de Montals, évêque de Chartres. L. aut. sig., au

840 2566 2738 114 vicomte de Montmorency. Samedi 21. 1 p. in-4. 3 »

742 2658 2839 113 220. Clauzel, maréchal de France. L. aut. sig. Auterive, 18 mai

849 2756 2734 108 1841.1 p. pl. in-4. 2 50

741 2848 2839 111 221. Clermont-Tonnerre (le cardinal, duc de), archevêque de

840 2944 2740 114 Toulouse. L. aut. sig., à M. Moulins. 23 sept. 1806. 2p. in-4. 3 »

744 3040 2841 115 222. Comité de salut public de la Convention (Arrêté

841 3122 2738 126 du), signé Cambacérès, Doulcet, Tallien, Défermon et Maree, au

839 3230 2749 117 sujet du citoyen Becquemont, procureur-syndic du district de Pont-

844 3326 2736 110 l'Evêque. Paris, 14 thermidor an III. Demi-page in-fol. 4 »

742 3422 2835 113 223. Comité de sureté générale de la Convention

839 3516 2731 116 (Arrêté du). Signé Ingrand et Alquier, avec trois lignes aut. sig.

843 3592 2739 128 de Lavicomlterie. Paris, 27 août 1793. 1 p. in-fol. Cachet. 5  »

938 3706 2283 112 Ordre de translation d'un prisonnier détenu à la force.

744 3794 2835 119 224. Condé (Louis-Henri de Bourbon, prince de). N. 1692. M. 1740.

843 3896 2739 114 L. aut. sig. sans date. 1 p. pl. et demie in-4. 7 50

940 3990 2644 114 Il désire savoir des nouvelles de la négociation S... « Je travaille

840 4086 2743 113 « de mon côté pour parvenir au but que vous sçavez, et sans lequel

843 4178 2738 116 « je croi l'élat perdu, ne pouvant être rétabli que par d'habiles gens,

839 4288 1229 99 « et non par des imbéciles...»

742 4370 2844 115 225. Consalvi (Hercule), cardinal, ministre. L. aut, sig., à la

836 4466 2749 113 princesse.... Rome, 13 déc. 1820. 1 p. pl. in-4. 2 75

743 4560 2840 111 220. Constant de Rebecque (Benjamin), député, orateur,

841 4656 2745 117 publiciste. L. aut sig., à M. Alisse. 27 mars 1823, 1 p. in-4. 2 50

744 4730 2840 133 227. Convention nationale (Passeport délivré par les prési¬

838 4848 2747 113 dents et secrétaires de la); sig. Barère, Jeanbon St-André, Treil¬

839 4940 2746 117 hard et St-Just, au citoyen du Poncel, en qualité de courrier des

837 5036 2743 115 commissaires envoyés par la Convention. Paris, 4 décembre 1792.

846 5134 2736 111 1 p. pl. in-fol. Sceau. 7 50

742 5228 2837 115 228. Coquerel (Athanase), pasteur de l'Eglise réformée de Paris,

839 5324 2740 113 représentant du peuple à l’Assemblée constituante de 1848. L. aut.

833 5420 2751 113 sig., à M. Paul Lacroix. 2 p. pl. in-8. 2 50

740 5512 2846 111 220. Corvisart. Premier médecin de Napoléon 1er. Né à Dricourt

834 5608 2747 117 (Ardennes). L. aut. sig. 6 juillet. 2 gr. p. pl. in-4. 6 »

929 5702 2656 114 M. Philippe et lui ont indiqué au malade qu'ils traitent l'élec¬

837 5800 2747 109 tricité, comme ils prescrivent tous, les jours des remèdes à l'effi¬

838 5896 2744 111 cacité desquels ils ne croyent pas; mais, dans les cas désespérés,

832 5990 2751 113 ils doivent encore abuser les malades: « Cette ressource est prise
