1551 2694
613 209 629 269 (
669 223 727 269 2g
763 209 781 267 )

241 304 361 341 tïères
380 301 638 340 sulfureuses.
666 302 729 339 On
756 301 941 353 aperçoit
964 314 1032 338 sur
1052 300 1088 338 le
1109 301 1264 338 second

242 369 338 422 plan
367 371 423 407 les
452 368 685 422 obélisques
715 369 930 407 consaciés
960 369 981 406 à
1007 369 1159 416 Osiris,
1186 382 1262 406 son

243 440 414 492 temple,
438 439 542 478 celui
565 439 614 477 de
636 440 686 476 du
696 440 799 491 piler
821 438 937 491 placé
960 451 1029 477 sur
1054 439 1087 475 la
1110 439 1261 476 colline

242 506 459 545 dominant
476 507 512 545 le
531 507 715 561 quartier
730 506 799 545 des
817 508 1048 560 prétoriens
1068 508 1139 559 qui
1162 521 1260 545 cou¬

242 589 375 613 ronne
406 576 462 614 les
484 575 700 614 hauteurs:
725 576 917 628 Pompéi,
945 587 1136 614 couverte
1164 575 1261 613 d’un

241 645 347 682 voile
366 645 416 683 de
436 644 628 695 cendres,
652 655 782 697 paroit
801 646 822 682 à
843 647 963 696 peine
981 644 1084 682 dans
1100 644 1137 681 le
1155 645 1261 682 loin¬

240 716 340 752 tain.
357 715 414 752 Le
425 713 630 766 faubourg
644 713 966 752 d’Herculanum
980 744 989 762 ,
1004 715 1078 767 qui
1089 715 1263 752 termine

241 783 278 820 la
300 782 461 834 gauche
489 781 544 821 du
574 781 759 832 tableau,
790 792 848 820 est
876 781 966 835 déjà
989 782 1024 819 la
1049 783 1166 834 proie
1192 781 1263 820 des

242 851 440 888 flammes.
467 851 550 888 Peu
578 850 628 888 de
657 860 859 888 moments
886 850 1005 903 après
1038 859 1168 889 toutes
1196 864 1263 888 ces

243 918 356 958 villes
388 917 526 956 furent
558 920 820 967 consumées,
849 919 1084 956 renversées
1117 932 1191 970 par
1227 919 1263 955 le

244 986 537 1024 tremblement
562 987 612 1024 de
639 997 766 1032 terre;
800 996 887 1025 tout
916 987 1021 1039 périt
1045 1001 1095 1023 au
1122 987 1262 1023 milieu

243 1054 292 1091 de
328 1054 363 1091 la
398 1054 489 1106 plus
520 1054 823 1106 épouvantable
862 1055 1102 1094 convulsion
1139 1055 1189 1093 de
1221 1054 1264 1092 la

244 1132 399 1161 nature.

138 1327 210 1362 Les
233 1322 354 1360 frères
374 1322 630 1372 FRANQUE
652 1324 813 1372 (Pierre
832 1334 871 1362 et
896 1324 1091 1376 Joseph),
1119 1327 1186 1363 nés
1213 1340 1264 1364 au

324 1392 440 1440 Buis,
466 1391 752 1443 département
772 1392 822 1430 de
848 1394 882 1430 la
906 1394 1074 1431 Drôme.

140 1491 212 1537 28.
252 1487 476 1552 Daphnis
500 1501 760 1537 montrant
781 1493 807 1535 à
832 1491 972 1552 jouer
992 1492 1051 1537 de
1073 1492 1116 1537 la
1142 1491 1263 1540 flûte

203 1576 228 1615 à
257 1568 431 1615 Chloé.

303 1674 358 1711 Ce
377 1672 481 1723 sujet
505 1682 562 1710 est
581 1674 657 1711 tiré
680 1673 774 1711 d’un
800 1686 942 1711 roman
966 1688 1060 1727 grec
1081 1676 1130 1713 de
1155 1678 1263 1715 Lon-

248 1755 343 1793 gus,
372 1740 524 1778 traduit
554 1755 603 1778 en
629 1741 717 1779 Iran
724 1743 784 1779 coi
791 1755 806 1779 8
833 1756 907 1793 par
934 1744 1101 1794 Amyot,
1130 1755 1168 1782 et
1193 1747 1266 1797 qui

249 1819 306 1847 est
326 1808 486 1846 intitulé
507 1809 562 1847 les
583 1810 757 1847 Amours
773 1809 823 1846 de
841 1809 1031 1862 Daphnis
1052 1821 1090 1850 et
1107 1812 1252 1852 Chloé.

303 1878 469 1916 Suivant
483 1877 520 1914 le
537 1891 683 1914 roman
697 1908 705 1922 ,
722 1877 909 1929 Daphnis
928 1889 964 1916 et
985 1879 1126 1930 Chloé,
1140 1881 1267 1920 aban¬

249 1946 405 1983 donnés
435 1959 510 1997 par
545 1945 653 1983 leurs
684 1956 867 1997 parents,
897 1945 1034 1986 furent
1061 1950 1269 1989 recueillis

252 2027 326 2065 par
347 2013 417 2051 des
440 2013 606 2066 bergers
632 2016 703 2066 qui
722 2014 779 2052 les
803 2015 1017 2054 élevèrent.
1039 2017 1188 2067 Quand
1218 2019 1267 2057 ils

249 2079 566 2132 furentgrands,
584 2097 637 2120 on
651 2081 739 2119 leur
751 2084 887 2134 apprit
898 2083 1004 2122 l’état
1020 2084 1070 2122 de
1087 2096 1266 2138 pasteur.

248 2149 300 2186 Ils
324 2149 555 2187 s’aimèrent
580 2150 649 2188 dès
680 2150 768 2188 leur
795 2151 887 2203 plus
911 2152 1054 2190 tendre
1080 2153 1266 2194 enfance.

248 2218 424 2256 Souvent
456 2217 504 2256 ils
535 2217 727 2259 faisoient
755 2221 885 2272 paître
916 2221 1125 2261 ensemble
1157 2223 1268 2261 leurs

982 2291 1004 2331 3
1011 2322 1018 2329 .
