1557 2679
593 173 609 233 (
649 185 671 215 2
679 187 705 231 7
747 191 761 229 )

166 293 373 333 DUNOUI
395 299 406 344 (
421 292 942 345 Alexandre-Hyacinthe),
959 293 1010 331 né
1029 293 1048 330 à
1064 293 1189 330 Paris.

120 408 142 453 2
153 408 174 453 5
184 445 191 453 .
229 409 338 453 Vue
360 406 419 453 de
440 406 644 472 Naples,
663 409 791 471 prise
817 411 999 472 auprès
1021 407 1081 454 de
1104 409 1242 471 Capo

181 488 231 534 di
255 490 445 535 Monte.

276 601 341 638 Un
364 613 641 652 zampognaro
649 600 748 652 joue
765 599 815 638 de
829 613 903 638 son
922 602 1167 638 instrument
1178 599 1248 636 de¬

224 678 318 707 vant
355 682 436 706 une
466 668 665 720 chapelle.
695 669 775 706 Des
798 668 1009 720 villageois
1034 668 1250 706 s’arrêtent

224 749 332 787 pour
356 734 458 773 faire
486 735 577 773 leur
604 735 753 787 prière.
783 736 895 773 Dans
918 734 956 772 le
984 735 1157 773 lointain
1193 749 1249 772 on

224 805 306 841 voit
320 804 357 841 le
373 805 490 842 Mont
505 805 662 844 Vésuve
673 804 768 842 d’où
781 814 936 843 sortent
950 803 1020 842 des
1034 817 1187 855 nuages
1197 803 1248 841 de

223 871 374 911 fumée.

253 1077 580 1116 DUPERIŒUX
601 1078 857 1129 (A.-L.-R.),
874 1078 926 1115 né
943 1078 964 1115 à
986 1079 1112 1117 Paris.

122 1169 194 1214 26.
231 1168 340 1211 Vue
362 1166 430 1211 du
452 1163 628 1211 rocher
646 1166 705 1211 de
725 1164 984 1229 l’Aiguille,
1005 1169 1247 1230 première

183 1258 326 1310 porte
361 1246 419 1291 de
456 1245 648 1291 clôture
682 1246 741 1290 de
777 1246 821 1290 la
859 1246 1046 1308 grande
1084 1245 1258 1292 Char-'

184 1338 345 1370 treuse
370 1324 429 1369 de
448 1323 726 1382 Grenoble,
748 1342 837 1389 par
858 1326 1248 1373 Saint-Laurent

185 1406 252 1450 du
277 1407 419 1450 Pont.

278 1506 334 1542 Le
349 1506 371 1542 8
385 1503 517 1555 juillet
536 1504 632 1542 1816
646 1503 684 1540 le
698 1504 917 1541 vénérable
932 1505 1027 1542 dorn
1040 1507 1244 1544 Romuald

226 1572 523 1618 Moissonnier,
553 1570 867 1622 grand-vicaire
892 1570 961 1609 des
988 1572 1244 1622 Chartreux,

227 1640 301 1691 âgé
327 1638 377 1676 de
400 1640 802 1690 soixante-quatorze
824 1652 916 1688 ans,
942 1641 1047 1688 vint,
1070 1654 1121 1679 au
1146 1656 1245 1679 nom

228 1707 278 1745 de
299 1721 371 1744 son
403 1706 546 1755 ordre,
569 1706 795 1758 reprendre
816 1710 1044 1759 possession
1070 1710 1121 1747 de
1142 1721 1245 1749 cette

225 1774 388 1815 célèbre
419 1777 583 1813 retraite
612 1774 663 1812 de
690 1776 725 1814 S.
753 1776 913 1826 Bruno,
937 1779 1128 1815 restituée
1154 1779 1176 1816 à
1201 1794 1246 1817 sa

226 1845 430 1896 primitive
457 1842 702 1880 destination
726 1857 801 1895 par
828 1844 863 1881 la
886 1846 991 1896 piété
1011 1844 1067 1883 du
1092 1847 1178 1885 Roi.
1214 1848 1245 1884 Il

227 1914 324 1950 étoit
338 1913 616 1964 accompagné
629 1911 679 1949 de
693 1910 798 1950 deux
817 1911 1063 1961 Chartreux,
1085 1924 1123 1952 et
1142 1917 1245 1953 suivi

226 1981 277 2017 de
294 1981 433 2020 fidèles
453 1995 533 2034 que
555 1981 592 2019 la
620 1981 729 2033 piété
748 1982 901 2019 attiroit
918 1995 987 2019 sur
1013 1995 1073 2021 ses
1098 1997 1183 2035 pas.
1210 1986 1245 2023 Il

229 2049 327 2087 étoit
344 2049 363 2085 à
386 2051 507 2101 peine
528 2051 642 2088 entré
665 2049 767 2087 dans
786 2049 1003 2088 l’enceinte
1021 2050 1071 2089 de
1090 2052 1128 2089 la
1152 2066 1246 2104 pre¬

230 2115 358 2154 mière
377 2116 535 2154 clôture
550 2117 605 2155 du
624 2116 881 2167 monastère,
898 2132 978 2170 que
996 2121 1095 2157 trois
1119 2119 1247 2158 Char¬

229 2192 343 2219 treux
361 2180 417 2219 du
439 2181 724 2234 département
739 2182 789 2222 de
807 2183 940 2222 l’Isère
959 2183 1246 2223 descendirent
