<?xml version="1.0" encoding="UTF-8" standalone="yes"?>
<PcGts xmlns="http://schema.primaresearch.org/PAGE/gts/pagecontent/2013-07-15" xmlns:xsi="http://www.w3.org/2001/XMLSchema-instance" xsi:schemaLocation="http://schema.primaresearch.org/PAGE/gts/pagecontent/2013-07-15 http://schema.primaresearch.org/PAGE/gts/pagecontent/2013-07-15/pagecontent.xsd">
    <Metadata>
        <Creator>Transkribus</Creator>
        <Created>2020-06-08T13:02:36.412+02:00</Created>
        <LastChange>2020-06-10T20:42:36.788+02:00</LastChange>
        <Comments>
                Measurement unit: pixel
                PrimaryLanguage: English
                Language: FrenchStandard
                Producer: Transkribus
            </Comments>
        <TranskribusMetadata docId="405191" pageId="15721915" pageNr="1" tsid="31389727" status="DONE" userId="54377" imgUrl="https://files.transkribus.eu/Get?id=SZJZVFYDBEZGSTLWIGHRQITJ&amp;fileType=view" xmlUrl="https://files.transkribus.eu/Get?id=XLXZXMWHNCCNGAZSMBHHJPMQ" imageId="11540359"/>
    </Metadata>
    <Page imageFilename="Cat_Lux_1818_typo_0001.jpg" imageWidth="1548" imageHeight="2709">
        <PrintSpace>
            <Coords points="44,256 1498,256 1498,2682 44,2682"/>
        </PrintSpace>
        <ReadingOrder>
            <OrderedGroup id="ro_1604242982936" caption="Regions reading order">
                <RegionRefIndexed index="0" regionRef="r_1_1"/>
                <RegionRefIndexed index="1" regionRef="r_1_2"/>
                <RegionRefIndexed index="2" regionRef="r_1_3"/>
                <RegionRefIndexed index="3" regionRef="r_1_4"/>
                <RegionRefIndexed index="4" regionRef="r_1_5"/>
            </OrderedGroup>
        </ReadingOrder>
        <TextRegion type="paragraph" id="r_1_1" custom="readingOrder {index:0;}">
            <Coords points="596,264 762,264 762,330 596,330"/>
            <TextLine id="tl_1" primaryLanguage="English" custom="readingOrder {index:0;}">
                <Coords points="597,265 761,265 761,329 597,329"/>
                <Baseline points="597,329 613,329 673,313 707,315 761,329"/>
                <Word id="w_w2aab1b1b2b1b1ab1" language="English" custom="readingOrder {index:0;}">
                    <Coords points="597,265 613,265 613,329 597,329"/>
                    <TextEquiv>
                        <Unicode>(</Unicode>
                    </TextEquiv>
                    <TextStyle fontFamily="Times New Roman" fontSize="11.5"/>
                </Word>
                <Word id="w_w2aab1b1b2b1b1b1b1" language="English" custom="readingOrder {index:1;}">
                    <Coords points="651,283 673,283 673,313 651,313"/>
                    <TextEquiv>
                        <Unicode>2</Unicode>
                    </TextEquiv>
                    <TextStyle fontFamily="Courier New" fontSize="8.0" bold="true"/>
                </Word>
                <Word id="w_w2aab1b1b2b1b1b2b1" language="English" custom="readingOrder {index:2;}">
                    <Coords points="683,265 707,265 707,315 683,315"/>
                    <TextEquiv>
                        <Unicode>)</Unicode>
                    </TextEquiv>
                    <TextStyle fontFamily="Times New Roman" fontSize="11.5"/>
                </Word>
                <Word id="w_w2aab1b1b2b1b1b2b5" language="English" custom="readingOrder {index:3;}">
                    <Coords points="745,269 761,269 761,329 745,329"/>
                    <TextEquiv>
                        <Unicode>)</Unicode>
                    </TextEquiv>
                    <TextStyle fontFamily="Times New Roman" fontSize="11.5"/>
                </Word>
                <TextEquiv>
                    <Unicode>( 23 )</Unicode>
                </TextEquiv>
            </TextLine>
            <TextEquiv>
                <Unicode>( 23 )</Unicode>
            </TextEquiv>
        </TextRegion>
        <TextRegion type="paragraph" id="r_1_2" custom="readingOrder {index:1;}">
            <Coords points="218,360 1253,360 1253,1556 218,1556"/>
            <TextLine id="tl_2" primaryLanguage="English" custom="readingOrder {index:0;}">
                <Coords points="227,361 1251,361 1251,415 227,415"/>
                <Baseline points="227,415 297,400 336,400 528,399 604,399 728,400 889,400 1057,400 1095,399 1149,399 1251,387"/>
                <Word id="w_w2aab1b1b2b3b1ab1" language="English" custom="readingOrder {index:0;}">
                    <Coords points="227,364 297,364 297,415 227,415"/>
                    <TextEquiv>
                        <Unicode>qui</Unicode>
                    </TextEquiv>
                    <TextStyle fontFamily="Times New Roman" fontSize="9.0"/>
                </Word>
                <Word id="w_w2aab1b1b2b3b1ab9" language="English" custom="readingOrder {index:1;}">
                    <Coords points="317,376 336,376 336,400 317,400"/>
                    <TextEquiv>
                        <Unicode>a</Unicode>
                    </TextEquiv>
                    <TextStyle fontFamily="Times New Roman" fontSize="9.0"/>
                </Word>
                <Word id="w_w2aab1b1b2b3b1ac13" language="English" custom="readingOrder {index:2;}">
                    <Coords points="355,364 528,364 528,415 355,415"/>
                    <TextEquiv>
                        <Unicode>apporté</Unicode>
                    </TextEquiv>
                    <TextStyle fontFamily="Times New Roman" fontSize="9.0"/>
                </Word>
                <Word id="w_w2aab1b1b2b3b1ac29" language="English" custom="readingOrder {index:3;}">
                    <Coords points="548,376 604,376 604,400 548,400"/>
                    <TextEquiv>
                        <Unicode>un</Unicode>
                    </TextEquiv>
                    <TextStyle fontFamily="Times New Roman" fontSize="9.0"/>
                </Word>
                <Word id="w_w2aab1b1b2b3b1ac35" language="English" custom="readingOrder {index:4;}">
                    <Coords points="628,364 728,364 728,414 628,414"/>
                    <TextEquiv>
                        <Unicode>petit</Unicode>
                    </TextEquiv>
                    <TextStyle fontFamily="Times New Roman" fontSize="9.0"/>
                </Word>
                <Word id="w_w2aab1b1b2b3b1ac47" language="English" custom="readingOrder {index:5;}">
                    <Coords points="747,362 889,362 889,400 747,400"/>
                    <TextEquiv>
                        <Unicode>enfant</Unicode>
                    </TextEquiv>
                    <TextStyle fontFamily="Times New Roman" fontSize="9.0"/>
                </Word>
                <Word id="w_w2aab1b1b2b3b1ac61" language="English" custom="readingOrder {index:6;}">
                    <Coords points="908,374 1057,374 1057,400 908,400"/>
                    <TextEquiv>
                        <Unicode>encore</Unicode>
                    </TextEquiv>
                    <TextStyle fontFamily="Times New Roman" fontSize="9.0"/>
                </Word>
                <Word id="w_w2aab1b1b2b3b1ac75" language="English" custom="readingOrder {index:7;}">
                    <Coords points="1075,361 1095,361 1095,399 1075,399"/>
                    <TextEquiv>
                        <Unicode>à</Unicode>
                    </TextEquiv>
                    <TextStyle fontFamily="Times New Roman" fontSize="9.0"/>
                </Word>
                <Word id="w_w2aab1b1b2b3b1ac79" language="English" custom="readingOrder {index:8;}">
                    <Coords points="1112,361 1149,361 1149,399 1112,399"/>
                    <TextEquiv>
                        <Unicode>la</Unicode>
                    </TextEquiv>
                    <TextStyle fontFamily="Times New Roman" fontSize="9.0"/>
                </Word>
                <Word id="w_w2aab1b1b2b3b1ac85" language="English" custom="readingOrder {index:9;}">
                    <Coords points="1170,376 1251,376 1251,399 1170,399"/>
                    <TextEquiv>
                        <Unicode>imv-</Unicode>
                    </TextEquiv>
                    <TextStyle fontFamily="Times New Roman" fontSize="9.0"/>
                </Word>
                <TextEquiv>
                    <Unicode>qui a apporté un petit enfant encore à la ma¬</Unicode>
                </TextEquiv>
                <TextStyle fontFamily="Times New Roman" fontSize="9.0"/>
            </TextLine>
            <TextLine id="tl_3" primaryLanguage="English" custom="readingOrder {index:1;}">
                <Coords points="226,428 1252,428 1252,484 226,484"/>
                <Baseline points="226,469 370,481 473,468 592,469 693,468 825,468 943,468 1174,469 1252,468"/>
                <Word id="w_w2aab1b1b2b3b3ab1" language="English" custom="readingOrder {index:0;}">
                    <Coords points="226,430 370,430 370,481 226,481"/>
                    <TextEquiv>
                        <Unicode>melle,</Unicode>
                    </TextEquiv>
                    <TextStyle fontFamily="Times New Roman" fontSize="9.0"/>
                </Word>
                <Word id="w_w2aab1b1b2b3b3ac15" language="English" custom="readingOrder {index:1;}">
                    <Coords points="402,432 473,432 473,484 402,484"/>
                    <TextEquiv>
                        <Unicode>qui</Unicode>
                    </TextEquiv>
                    <TextStyle fontFamily="Times New Roman" fontSize="9.0"/>
                </Word>
                <Word id="w_w2aab1b1b2b3b3ac23" language="English" custom="readingOrder {index:2;}">
                    <Coords points="495,444 592,444 592,469 495,469"/>
                    <TextEquiv>
                        <Unicode>suce</Unicode>
                    </TextEquiv>
                    <TextStyle fontFamily="Times New Roman" fontSize="9.0"/>
                </Word>
                <Word id="w_w2aab1b1b2b3b3ac33" language="English" custom="readingOrder {index:3;}">
                    <Coords points="619,445 693,445 693,469 619,469"/>
                    <TextEquiv>
                        <Unicode>son</Unicode>
                    </TextEquiv>
                    <TextStyle fontFamily="Times New Roman" fontSize="9.0"/>
                </Word>
                <Word id="w_w2aab1b1b2b3b3ac41" language="English" custom="readingOrder {index:4;}">
                    <Coords points="713,430 825,430 825,483 713,483"/>
                    <TextEquiv>
                        <Unicode>doigt</Unicode>
                    </TextEquiv>
                    <TextStyle fontFamily="Times New Roman" fontSize="9.0"/>
                </Word>
                <Word id="w_w2aab1b1b2b3b3ac53" language="English" custom="readingOrder {index:5;}">
                    <Coords points="851,444 943,444 943,469 851,469"/>
                    <TextEquiv>
                        <Unicode>sans</Unicode>
                    </TextEquiv>
                    <TextStyle fontFamily="Times New Roman" fontSize="9.0"/>
                </Word>
                <Word id="w_w2aab1b1b2b3b3ac63" language="English" custom="readingOrder {index:6;}">
                    <Coords points="966,428 1174,428 1174,483 966,483"/>
                    <TextEquiv>
                        <Unicode>s’effrayer</Unicode>
                    </TextEquiv>
                    <TextStyle fontFamily="Times New Roman" fontSize="9.0"/>
                </Word>
                <Word id="w_w2aab1b1b2b3b3ac85" language="English" custom="readingOrder {index:7;}">
                    <Coords points="1193,430 1252,430 1252,468 1193,468"/>
                    <TextEquiv>
                        <Unicode>du</Unicode>
                    </TextEquiv>
                    <TextStyle fontFamily="Times New Roman" fontSize="9.0"/>
                </Word>
                <TextEquiv>
                    <Unicode>melle, qui suce son doigt sans s’effrayer du</Unicode>
                </TextEquiv>
                <TextStyle fontFamily="Times New Roman" fontSize="9.0"/>
            </TextLine>
            <TextLine id="tl_4" primaryLanguage="English" custom="readingOrder {index:2;}">
                <Coords points="222,498 1248,498 1248,551 222,551"/>
                <Baseline points="222,537 336,538 412,537 545,538 695,537 958,549 1183,537 1248,537"/>
                <Word id="w_w2aab1b1b2b3b5ab1" language="English" custom="readingOrder {index:0;}">
                    <Coords points="222,499 336,499 336,538 222,538"/>
                    <TextEquiv>
                        <Unicode>bruit</Unicode>
                    </TextEquiv>
                    <TextStyle fontFamily="Times New Roman" fontSize="9.0"/>
                </Word>
                <Word id="w_w2aab1b1b2b3b5ac13" language="English" custom="readingOrder {index:1;}">
                    <Coords points="361,498 412,498 412,537 361,537"/>
                    <TextEquiv>
                        <Unicode>de</Unicode>
                    </TextEquiv>
                    <TextStyle fontFamily="Times New Roman" fontSize="9.0"/>
                </Word>
                <Word id="w_w2aab1b1b2b3b5ac19" language="English" custom="readingOrder {index:2;}">
                    <Coords points="442,509 545,509 545,538 442,538"/>
                    <TextEquiv>
                        <Unicode>cette</Unicode>
                    </TextEquiv>
                    <TextStyle fontFamily="Times New Roman" fontSize="9.0"/>
                </Word>
                <Word id="w_w2aab1b1b2b3b5ac31" language="English" custom="readingOrder {index:3;}">
                    <Coords points="573,500 695,500 695,538 573,538"/>
                    <TextEquiv>
                        <Unicode>scène</Unicode>
                    </TextEquiv>
                    <TextStyle fontFamily="Times New Roman" fontSize="9.0"/>
                </Word>
                <Word id="w_w2aab1b1b2b3b5ac43" language="English" custom="readingOrder {index:4;}">
                    <Coords points="723,499 958,499 958,551 723,551"/>
                    <TextEquiv>
                        <Unicode>sanglante,</Unicode>
                    </TextEquiv>
                    <TextStyle fontFamily="Times New Roman" fontSize="9.0"/>
                </Word>
                <Word id="w_w2aab1b1b2b3b5ac65" language="English" custom="readingOrder {index:5;}">
                    <Coords points="979,499 1183,499 1183,537 979,537"/>
                    <TextEquiv>
                        <Unicode>découvre</Unicode>
                    </TextEquiv>
                    <TextStyle fontFamily="Times New Roman" fontSize="9.0"/>
                </Word>
                <Word id="w_w2aab1b1b2b3b5ac83" language="English" custom="readingOrder {index:6;}">
                    <Coords points="1204,513 1248,513 1248,537 1204,537"/>
                    <TextEquiv>
                        <Unicode>sa</Unicode>
                    </TextEquiv>
                    <TextStyle fontFamily="Times New Roman" fontSize="9.0"/>
                </Word>
                <TextEquiv>
                    <Unicode>bruit de cette scène sanglante, découvre sa</Unicode>
                </TextEquiv>
                <TextStyle fontFamily="Times New Roman" fontSize="9.0"/>
            </TextLine>
            <TextLine id="tl_5" primaryLanguage="English" custom="readingOrder {index:3;}">
                <Coords points="233,567 1250,567 1250,622 233,622"/>
                <Baseline points="233,621 435,616 491,607 663,606 787,606 1250,607"/>
                <Word id="w_w2aab1b1b2b3b7ab1" language="English" custom="readingOrder {index:0;}">
                    <Coords points="233,569 435,569 435,621 233,621"/>
                    <TextEquiv>
                        <Unicode>poitrine,</Unicode>
                    </TextEquiv>
                    <TextStyle fontFamily="Times New Roman" fontSize="9.0"/>
                </Word>
                <Word id="w_w2aab1b1b2b3b7ac21" language="English" custom="readingOrder {index:1;}">
                    <Coords points="454,579 491,579 491,607 454,607"/>
                    <TextEquiv>
                        <Unicode>et</Unicode>
                    </TextEquiv>
                    <TextStyle fontFamily="Times New Roman" fontSize="9.0"/>
                </Word>
                <Word id="w_w2aab1b1b2b3b7ac27" language="English" custom="readingOrder {index:2;}">
                    <Coords points="509,568 663,568 663,607 509,607"/>
                    <TextEquiv>
                        <Unicode>semble</Unicode>
                    </TextEquiv>
                    <TextStyle fontFamily="Times New Roman" fontSize="9.0"/>
                </Word>
                <Word id="w_w2aab1b1b2b3b7ac41" language="English" custom="readingOrder {index:3;}">
                    <Coords points="679,567 787,567 787,607 679,607"/>
                    <TextEquiv>
                        <Unicode>dire:</Unicode>
                    </TextEquiv>
                    <TextStyle fontFamily="Times New Roman" fontSize="9.0"/>
                </Word>
                <Word id="w_w2aab1b1b2b3b7ac53" language="English" custom="readingOrder {index:4;}">
                    <Coords points="807,568 1250,568 1250,622 807,622"/>
                    <TextEquiv>
                        <Unicode>Frappez-moiplutôt</Unicode>
                    </TextEquiv>
                    <TextStyle fontFamily="Times New Roman" fontSize="9.0"/>
                </Word>
                <TextEquiv>
                    <Unicode>poitrine, et semble dire : Frappez-moi plutôt</Unicode>
                </TextEquiv>
                <TextStyle fontFamily="Times New Roman" fontSize="9.0"/>
            </TextLine>
            <TextLine id="tl_6" primaryLanguage="English" custom="readingOrder {index:4;}">
                <Coords points="227,632 1248,632 1248,686 227,686"/>
                <Baseline points="227,684 307,671 390,670 576,671 849,672 1059,672 1135,673 1248,672"/>
                <Word id="w_w2aab1b1b2b3b9ab1" language="English" custom="readingOrder {index:0;}">
                    <Coords points="227,646 307,646 307,684 227,684"/>
                    <TextEquiv>
                        <Unicode>que</Unicode>
                    </TextEquiv>
                    <TextStyle fontFamily="Times New Roman" fontSize="9.0"/>
                </Word>
                <Word id="w_w2aab1b1b2b3b9ab9" language="English" custom="readingOrder {index:1;}">
                    <Coords points="324,647 390,647 390,670 324,670"/>
                    <TextEquiv>
                        <Unicode>ma</Unicode>
                    </TextEquiv>
                    <TextStyle fontFamily="Times New Roman" fontSize="9.0"/>
                </Word>
                <Word id="w_w2aab1b1b2b3b9ac15" language="English" custom="readingOrder {index:2;}">
                    <Coords points="412,632 576,632 576,672 412,672"/>
                    <TextEquiv>
                        <Unicode>famille.</Unicode>
                    </TextEquiv>
                    <TextStyle fontFamily="Times New Roman" fontSize="9.0"/>
                </Word>
                <Word id="w_w2aab1b1b2b3b9ac33" language="English" custom="readingOrder {index:3;}">
                    <Coords points="605,633 849,633 849,686 605,686"/>
                    <TextEquiv>
                        <Unicode>Cependant</Unicode>
                    </TextEquiv>
                    <TextStyle fontFamily="Times New Roman" fontSize="9.0"/>
                </Word>
                <Word id="w_w2aab1b1b2b3b9ac53" language="English" custom="readingOrder {index:4;}">
                    <Coords points="861,633 1059,633 1059,672 861,672"/>
                    <TextEquiv>
                        <Unicode>Romulus</Unicode>
                    </TextEquiv>
                    <TextStyle fontFamily="Times New Roman" fontSize="9.0"/>
                </Word>
                <Word id="w_w2aab1b1b2b3b9ac69" language="English" custom="readingOrder {index:5;}">
                    <Coords points="1077,644 1135,644 1135,673 1077,673"/>
                    <TextEquiv>
                        <Unicode>est</Unicode>
                    </TextEquiv>
                    <TextStyle fontFamily="Times New Roman" fontSize="9.0"/>
                </Word>
                <Word id="w_w2aab1b1b2b3b9ac77" language="English" custom="readingOrder {index:6;}">
                    <Coords points="1153,635 1248,635 1248,672 1153,672"/>
                    <TextEquiv>
                        <Unicode>ému</Unicode>
                    </TextEquiv>
                    <TextStyle fontFamily="Times New Roman" fontSize="9.0"/>
                </Word>
                <TextEquiv>
                    <Unicode>que ma famille. Cependant Romulus est ému</Unicode>
                </TextEquiv>
                <TextStyle fontFamily="Times New Roman" fontSize="9.0"/>
            </TextLine>
            <TextLine id="tl_7" primaryLanguage="English" custom="readingOrder {index:5;}">
                <Coords points="225,702 1245,702 1245,754 225,754"/>
                <Baseline points="225,754 302,739 388,741 560,740 623,741 701,740 908,741 1166,741 1245,740"/>
                <Word id="w_w2aab1b1b2b3c11ab1" language="English" custom="readingOrder {index:0;}">
                    <Coords points="225,716 302,716 302,754 225,754"/>
                    <TextEquiv>
                        <Unicode>par</Unicode>
                    </TextEquiv>
                    <TextStyle fontFamily="Times New Roman" fontSize="9.0"/>
                </Word>
                <Word id="w_w2aab1b1b2b3c11ab9" language="English" custom="readingOrder {index:1;}">
                    <Coords points="330,702 388,702 388,741 330,741"/>
                    <TextEquiv>
                        <Unicode>les</Unicode>
                    </TextEquiv>
                    <TextStyle fontFamily="Times New Roman" fontSize="9.0"/>
                </Word>
                <Word id="w_w2aab1b1b2b3c11ac17" language="English" custom="readingOrder {index:2;}">
                    <Coords points="414,702 560,702 560,741 414,741"/>
                    <TextEquiv>
                        <Unicode>larmes</Unicode>
                    </TextEquiv>
                    <TextStyle fontFamily="Times New Roman" fontSize="9.0"/>
                </Word>
                <Word id="w_w2aab1b1b2b3c11ac31" language="English" custom="readingOrder {index:3;}">
                    <Coords points="585,712 623,712 623,741 585,741"/>
                    <TextEquiv>
                        <Unicode>et</Unicode>
                    </TextEquiv>
                    <TextStyle fontFamily="Times New Roman" fontSize="9.0"/>
                </Word>
                <Word id="w_w2aab1b1b2b3c11ac37" language="English" custom="readingOrder {index:4;}">
                    <Coords points="643,702 701,702 701,740 643,740"/>
                    <TextEquiv>
                        <Unicode>les</Unicode>
                    </TextEquiv>
                    <TextStyle fontFamily="Times New Roman" fontSize="9.0"/>
                </Word>
                <Word id="w_w2aab1b1b2b3c11ac45" language="English" custom="readingOrder {index:5;}">
                    <Coords points="726,702 908,702 908,741 726,741"/>
                    <TextEquiv>
                        <Unicode>discours</Unicode>
                    </TextEquiv>
                    <TextStyle fontFamily="Times New Roman" fontSize="9.0"/>
                </Word>
                <Word id="w_w2aab1b1b2b3c11ac63" language="English" custom="readingOrder {index:6;}">
                    <Coords points="936,702 1166,702 1166,742 936,742"/>
                    <TextEquiv>
                        <Unicode>d’Hersilie.</Unicode>
                    </TextEquiv>
                    <TextStyle fontFamily="Times New Roman" fontSize="9.0"/>
                </Word>
                <Word id="w_w2aab1b1b2b3c11ac87" language="English" custom="readingOrder {index:7;}">
                    <Coords points="1188,705 1245,705 1245,741 1188,741"/>
                    <TextEquiv>
                        <Unicode>La</Unicode>
                    </TextEquiv>
                    <TextStyle fontFamily="Times New Roman" fontSize="9.0"/>
                </Word>
                <TextEquiv>
                    <Unicode>par les larmes et les discours d’Hersilie. La</Unicode>
                </TextEquiv>
                <TextStyle fontFamily="Times New Roman" fontSize="9.0"/>
            </TextLine>
            <TextLine id="tl_8" primaryLanguage="English" custom="readingOrder {index:6;}">
                <Coords points="224,766 1249,766 1249,821 224,821"/>
                <Baseline points="224,806 369,806 456,807 626,806 689,807 842,806 938,805 1038,807 1249,807"/>
                <Word id="w_w2aab1b1b2b3c13ab1" language="English" custom="readingOrder {index:0;}">
                    <Coords points="224,766 369,766 369,806 224,806"/>
                    <TextEquiv>
                        <Unicode>fureur</Unicode>
                    </TextEquiv>
                    <TextStyle fontFamily="Times New Roman" fontSize="9.0"/>
                </Word>
                <Word id="w_w2aab1b1b2b3c13ac15" language="English" custom="readingOrder {index:1;}">
                    <Coords points="387,767 456,767 456,807 387,807"/>
                    <TextEquiv>
                        <Unicode>des</Unicode>
                    </TextEquiv>
                    <TextStyle fontFamily="Times New Roman" fontSize="9.0"/>
                </Word>
                <Word id="w_w2aab1b1b2b3c13ac23" language="English" custom="readingOrder {index:2;}">
                    <Coords points="476,768 626,768 626,807 476,807"/>
                    <TextEquiv>
                        <Unicode>soldats</Unicode>
                    </TextEquiv>
                    <TextStyle fontFamily="Times New Roman" fontSize="9.0"/>
                </Word>
                <Word id="w_w2aab1b1b2b3c13ac39" language="English" custom="readingOrder {index:3;}">
                    <Coords points="648,782 689,782 689,807 648,807"/>
                    <TextEquiv>
                        <Unicode>se</Unicode>
                    </TextEquiv>
                    <TextStyle fontFamily="Times New Roman" fontSize="9.0"/>
                </Word>
                <Word id="w_w2aab1b1b2b3c13ac45" language="English" custom="readingOrder {index:4;}">
                    <Coords points="709,768 842,768 842,806 709,806"/>
                    <TextEquiv>
                        <Unicode>calme</Unicode>
                    </TextEquiv>
                    <TextStyle fontFamily="Times New Roman" fontSize="9.0"/>
                </Word>
                <Word id="w_w2aab1b1b2b3c13ac57" language="English" custom="readingOrder {index:5;}">
                    <Coords points="859,782 938,782 938,806 859,806"/>
                    <TextEquiv>
                        <Unicode>aux</Unicode>
                    </TextEquiv>
                    <TextStyle fontFamily="Times New Roman" fontSize="9.0"/>
                </Word>
                <Word id="w_w2aab1b1b2b3c13ac65" language="English" custom="readingOrder {index:6;}">
                    <Coords points="960,770 1038,770 1038,807 960,807"/>
                    <TextEquiv>
                        <Unicode>cris</Unicode>
                    </TextEquiv>
                    <TextStyle fontFamily="Times New Roman" fontSize="9.0"/>
                </Word>
                <Word id="w_w2aab1b1b2b3c13ac75" language="English" custom="readingOrder {index:7;}">
                    <Coords points="1057,778 1249,778 1249,821 1057,821"/>
                    <TextEquiv>
                        <Unicode>perçants</Unicode>
                    </TextEquiv>
                    <TextStyle fontFamily="Times New Roman" fontSize="9.0"/>
                </Word>
                <TextEquiv>
                    <Unicode>fureur des soldats se calme aux cris perçants</Unicode>
                </TextEquiv>
                <TextStyle fontFamily="Times New Roman" fontSize="9.0"/>
            </TextLine>
            <TextLine id="tl_9" primaryLanguage="English" custom="readingOrder {index:7;}">
                <Coords points="226,834 1245,834 1245,886 226,886"/>
                <Baseline points="226,872 277,872 410,874 605,874 665,875 736,875 868,874 1076,886 1141,874 1245,874"/>
                <Word id="w_w2aab1b1b2b3c15ab1" language="English" custom="readingOrder {index:0;}">
                    <Coords points="226,834 277,834 277,872 226,872"/>
                    <TextEquiv>
                        <Unicode>de</Unicode>
                    </TextEquiv>
                    <TextStyle fontFamily="Times New Roman" fontSize="9.0"/>
                </Word>
                <Word id="w_w2aab1b1b2b3c15ab7" language="English" custom="readingOrder {index:1;}">
                    <Coords points="302,835 410,835 410,874 302,874"/>
                    <TextEquiv>
                        <Unicode>leurs</Unicode>
                    </TextEquiv>
                    <TextStyle fontFamily="Times New Roman" fontSize="9.0"/>
                </Word>
                <Word id="w_w2aab1b1b2b3c15ac19" language="English" custom="readingOrder {index:2;}">
                    <Coords points="437,834 605,834 605,874 437,874"/>
                    <TextEquiv>
                        <Unicode>femmes</Unicode>
                    </TextEquiv>
                    <TextStyle fontFamily="Times New Roman" fontSize="9.0"/>
                </Word>
                <Word id="w_w2aab1b1b2b3c15ac33" language="English" custom="readingOrder {index:3;}">
                    <Coords points="625,846 665,846 665,875 625,875"/>
                    <TextEquiv>
                        <Unicode>et</Unicode>
                    </TextEquiv>
                    <TextStyle fontFamily="Times New Roman" fontSize="9.0"/>
                </Word>
                <Word id="w_w2aab1b1b2b3c15ac39" language="English" custom="readingOrder {index:4;}">
                    <Coords points="687,836 736,836 736,875 687,875"/>
                    <TextEquiv>
                        <Unicode>de</Unicode>
                    </TextEquiv>
                    <TextStyle fontFamily="Times New Roman" fontSize="9.0"/>
                </Word>
                <Word id="w_w2aab1b1b2b3c15ac45" language="English" custom="readingOrder {index:5;}">
                    <Coords points="758,837 868,837 868,874 758,874"/>
                    <TextEquiv>
                        <Unicode>leurs</Unicode>
                    </TextEquiv>
                    <TextStyle fontFamily="Times New Roman" fontSize="9.0"/>
                </Word>
                <Word id="w_w2aab1b1b2b3c15ac57" language="English" custom="readingOrder {index:6;}">
                    <Coords points="891,838 1076,838 1076,886 891,886"/>
                    <TextEquiv>
                        <Unicode>enfants,</Unicode>
                    </TextEquiv>
                    <TextStyle fontFamily="Times New Roman" fontSize="9.0"/>
                </Word>
                <Word id="w_w2aab1b1b2b3c15ac75" language="English" custom="readingOrder {index:7;}">
                    <Coords points="1104,847 1141,847 1141,875 1104,875"/>
                    <TextEquiv>
                        <Unicode>et</Unicode>
                    </TextEquiv>
                    <TextStyle fontFamily="Times New Roman" fontSize="9.0"/>
                </Word>
                <Word id="w_w2aab1b1b2b3c15ac81" language="English" custom="readingOrder {index:8;}">
                    <Coords points="1164,837 1245,837 1245,874 1164,874"/>
                    <TextEquiv>
                        <Unicode>l’on</Unicode>
                    </TextEquiv>
                    <TextStyle fontFamily="Times New Roman" fontSize="9.0"/>
                </Word>
                <TextEquiv>
                    <Unicode>de leurs femmes et de leurs enfants, et l’on</Unicode>
                </TextEquiv>
                <TextStyle fontFamily="Times New Roman" fontSize="9.0"/>
            </TextLine>
            <TextLine id="tl_10" primaryLanguage="English" custom="readingOrder {index:8;}">
                <Coords points="222,900 1246,900 1246,953 222,953"/>
                <Baseline points="222,939 324,950 421,938 523,938 686,939 1088,950 1163,939 1246,930"/>
                <Word id="w_w2aab1b1b2b3c17ab1" language="English" custom="readingOrder {index:0;}">
                    <Coords points="222,902 324,902 324,950 222,950"/>
                    <TextEquiv>
                        <Unicode>voit,</Unicode>
                    </TextEquiv>
                    <TextStyle fontFamily="Times New Roman" fontSize="9.0"/>
                </Word>
                <Word id="w_w2aab1b1b2b3c17ac13" language="English" custom="readingOrder {index:1;}">
                    <Coords points="344,914 421,914 421,952 344,952"/>
                    <TextEquiv>
                        <Unicode>par</Unicode>
                    </TextEquiv>
                    <TextStyle fontFamily="Times New Roman" fontSize="9.0"/>
                </Word>
                <Word id="w_w2aab1b1b2b3c17ac21" language="English" custom="readingOrder {index:2;}">
                    <Coords points="440,914 523,914 523,938 440,938"/>
                    <TextEquiv>
                        <Unicode>une</Unicode>
                    </TextEquiv>
                    <TextStyle fontFamily="Times New Roman" fontSize="9.0"/>
                </Word>
                <Word id="w_w2aab1b1b2b3c17ac29" language="English" custom="readingOrder {index:3;}">
                    <Coords points="542,901 686,901 686,953 542,953"/>
                    <TextEquiv>
                        <Unicode>espèce</Unicode>
                    </TextEquiv>
                    <TextStyle fontFamily="Times New Roman" fontSize="9.0"/>
                </Word>
                <Word id="w_w2aab1b1b2b3c17ac43" language="English" custom="readingOrder {index:4;}">
                    <Coords points="703,900 1088,900 1088,950 703,950"/>
                    <TextEquiv>
                        <Unicode>d’enchantement,</Unicode>
                    </TextEquiv>
                    <TextStyle fontFamily="Times New Roman" fontSize="9.0"/>
                </Word>
                <Word id="w_w2aab1b1b2b3c17ac75" language="English" custom="readingOrder {index:5;}">
                    <Coords points="1106,901 1163,901 1163,939 1106,939"/>
                    <TextEquiv>
                        <Unicode>les</Unicode>
                    </TextEquiv>
                    <TextStyle fontFamily="Times New Roman" fontSize="9.0"/>
                </Word>
                <Word id="w_w2aab1b1b2b3c17ac83" language="English" custom="readingOrder {index:6;}">
                    <Coords points="1186,915 1246,915 1246,939 1186,939"/>
                    <TextEquiv>
                        <Unicode>ca-</Unicode>
                    </TextEquiv>
                    <TextStyle fontFamily="Times New Roman" fontSize="9.0"/>
                </Word>
                <TextEquiv>
                    <Unicode>voit, par une espèce d’enchantement, les ca¬</Unicode>
                </TextEquiv>
                <TextStyle fontFamily="Times New Roman" fontSize="9.0"/>
            </TextLine>
            <TextLine id="tl_11" primaryLanguage="English" custom="readingOrder {index:9;}">
                <Coords points="222,969 1244,969 1244,1023 222,1023"/>
                <Baseline points="222,1022 265,1007 352,1007 400,1008 458,1008 630,1009 783,1009 1019,1008 1087,1008 1244,1018"/>
                <Word id="w_w2aab1b1b2b3c19ab1" language="English" custom="readingOrder {index:0;}">
                    <Coords points="222,971 265,971 265,1022 222,1022"/>
                    <TextEquiv>
                        <Unicode>pi</Unicode>
                    </TextEquiv>
                    <TextStyle fontFamily="Times New Roman" fontSize="9.0"/>
                </Word>
                <Word id="w_w2aab1b1b2b3c19ab7" language="English" custom="readingOrder {index:1;}">
                    <Coords points="272,971 352,971 352,1007 272,1007"/>
                    <TextEquiv>
                        <Unicode>tain</Unicode>
                    </TextEquiv>
                    <TextStyle fontFamily="Times New Roman" fontSize="9.0"/>
                </Word>
                <Word id="w_w2aab1b1b2b3c19ac17" language="English" custom="readingOrder {index:2;}">
                    <Coords points="359,983 400,983 400,1008 359,1008"/>
                    <TextEquiv>
                        <Unicode>es</Unicode>
                    </TextEquiv>
                    <TextStyle fontFamily="Times New Roman" fontSize="9.0"/>
                </Word>
                <Word id="w_w2aab1b1b2b3c19ac23" language="English" custom="readingOrder {index:3;}">
                    <Coords points="408,969 458,969 458,1008 408,1008"/>
                    <TextEquiv>
                        <Unicode>de</Unicode>
                    </TextEquiv>
                    <TextStyle fontFamily="Times New Roman" fontSize="9.0"/>
                </Word>
                <Word id="w_w2aab1b1b2b3c19ac29" language="English" custom="readingOrder {index:4;}">
                    <Coords points="471,969 630,969 630,1022 471,1022"/>
                    <TextEquiv>
                        <Unicode>chaque</Unicode>
                    </TextEquiv>
                    <TextStyle fontFamily="Times New Roman" fontSize="9.0"/>
                </Word>
                <Word id="w_w2aab1b1b2b3c19ac43" language="English" custom="readingOrder {index:5;}">
                    <Coords points="644,972 783,972 783,1009 644,1009"/>
                    <TextEquiv>
                        <Unicode>armée</Unicode>
                    </TextEquiv>
                    <TextStyle fontFamily="Times New Roman" fontSize="9.0"/>
                </Word>
                <Word id="w_w2aab1b1b2b3c19ac55" language="English" custom="readingOrder {index:6;}">
                    <Coords points="793,969 1019,969 1019,1023 793,1023"/>
                    <TextEquiv>
                        <Unicode>suspendre</Unicode>
                    </TextEquiv>
                    <TextStyle fontFamily="Times New Roman" fontSize="9.0"/>
                </Word>
                <Word id="w_w2aab1b1b2b3c19ac75" language="English" custom="readingOrder {index:7;}">
                    <Coords points="1031,971 1087,971 1087,1008 1031,1008"/>
                    <TextEquiv>
                        <Unicode>les</Unicode>
                    </TextEquiv>
                    <TextStyle fontFamily="Times New Roman" fontSize="9.0"/>
                </Word>
                <Word id="w_w2aab1b1b2b3c19ac83" language="English" custom="readingOrder {index:8;}">
                    <Coords points="1095,984 1244,984 1244,1023 1095,1023"/>
                    <TextEquiv>
                        <Unicode>coups,</Unicode>
                    </TextEquiv>
                    <TextStyle fontFamily="Times New Roman" fontSize="9.0"/>
                </Word>
                <TextEquiv>
                    <Unicode>pitaines de chaque armée suspendre les coups,</Unicode>
                </TextEquiv>
                <TextStyle fontFamily="Times New Roman" fontSize="9.0"/>
            </TextLine>
            <TextLine id="tl_12" primaryLanguage="English" custom="readingOrder {index:10;}">
                <Coords points="225,1039 1247,1039 1247,1092 225,1092"/>
                <Baseline points="225,1077 263,1075 433,1076 539,1077 642,1078 765,1078 1089,1078 1247,1069"/>
                <Word id="w_w2aab1b1b2b3c21ab1" language="English" custom="readingOrder {index:0;}">
                    <Coords points="225,1048 263,1048 263,1077 225,1077"/>
                    <TextEquiv>
                        <Unicode>et</Unicode>
                    </TextEquiv>
                    <TextStyle fontFamily="Times New Roman" fontSize="9.0"/>
                </Word>
                <Word id="w_w2aab1b1b2b3c21ab7" language="English" custom="readingOrder {index:1;}">
                    <Coords points="280,1039 433,1039 433,1077 280,1077"/>
                    <TextEquiv>
                        <Unicode>arrêter</Unicode>
                    </TextEquiv>
                    <TextStyle fontFamily="Times New Roman" fontSize="9.0"/>
                </Word>
                <Word id="w_w2aab1b1b2b3c21ac23" language="English" custom="readingOrder {index:2;}">
                    <Coords points="444,1039 539,1039 539,1077 444,1077"/>
                    <TextEquiv>
                        <Unicode>d’un</Unicode>
                    </TextEquiv>
                    <TextStyle fontFamily="Times New Roman" fontSize="9.0"/>
                </Word>
                <Word id="w_w2aab1b1b2b3c21ac33" language="English" custom="readingOrder {index:3;}">
                    <Coords points="558,1041 642,1041 642,1078 558,1078"/>
                    <TextEquiv>
                        <Unicode>seul</Unicode>
                    </TextEquiv>
                    <TextStyle fontFamily="Times New Roman" fontSize="9.0"/>
                </Word>
                <Word id="w_w2aab1b1b2b3c21ac43" language="English" custom="readingOrder {index:4;}">
                    <Coords points="656,1050 765,1050 765,1092 656,1092"/>
                    <TextEquiv>
                        <Unicode>geste</Unicode>
                    </TextEquiv>
                    <TextStyle fontFamily="Times New Roman" fontSize="9.0"/>
                </Word>
                <Word id="w_w2aab1b1b2b3c21ac55" language="English" custom="readingOrder {index:5;}">
                    <Coords points="777,1039 1089,1039 1089,1078 777,1078"/>
                    <TextEquiv>
                        <Unicode>l’ébranlement</Unicode>
                    </TextEquiv>
                    <TextStyle fontFamily="Times New Roman" fontSize="9.0"/>
                </Word>
                <Word id="w_w2aab1b1b2b3c21ac83" language="English" custom="readingOrder {index:6;}">
                    <Coords points="1102,1040 1247,1040 1247,1078 1102,1078"/>
                    <TextEquiv>
                        <Unicode>redou¬</Unicode>
                    </TextEquiv>
                    <TextStyle fontFamily="Times New Roman" fontSize="9.0"/>
                </Word>
                <TextEquiv>
                    <Unicode>et arrêter d’un seul geste l’ébranlement redou¬</Unicode>
                </TextEquiv>
                <TextStyle fontFamily="Times New Roman" fontSize="9.0"/>
            </TextLine>
            <TextLine id="tl_13" primaryLanguage="English" custom="readingOrder {index:11;}">
                <Coords points="222,1106 1246,1106 1246,1161 222,1161"/>
                <Baseline points="222,1145 331,1145 469,1146 593,1147 663,1146 819,1146 880,1147 945,1146 1131,1146 1246,1147"/>
                <Word id="w_w2aab1b1b2b3c23ab1" language="English" custom="readingOrder {index:0;}">
                    <Coords points="222,1106 331,1106 331,1145 222,1145"/>
                    <TextEquiv>
                        <Unicode>table</Unicode>
                    </TextEquiv>
                    <TextStyle fontFamily="Times New Roman" fontSize="9.0"/>
                </Word>
                <Word id="w_w2aab1b1b2b3c23ac13" language="English" custom="readingOrder {index:1;}">
                    <Coords points="348,1106 469,1106 469,1146 348,1146"/>
                    <TextEquiv>
                        <Unicode>d’une</Unicode>
                    </TextEquiv>
                    <TextStyle fontFamily="Times New Roman" fontSize="9.0"/>
                </Word>
                <Word id="w_w2aab1b1b2b3c23ac25" language="English" custom="readingOrder {index:2;}">
                    <Coords points="489,1107 593,1107 593,1147 489,1147"/>
                    <TextEquiv>
                        <Unicode>forêt</Unicode>
                    </TextEquiv>
                    <TextStyle fontFamily="Times New Roman" fontSize="9.0"/>
                </Word>
                <Word id="w_w2aab1b1b2b3c23ac37" language="English" custom="readingOrder {index:3;}">
                    <Coords points="613,1108 663,1108 663,1146 613,1146"/>
                    <TextEquiv>
                        <Unicode>de</Unicode>
                    </TextEquiv>
                    <TextStyle fontFamily="Times New Roman" fontSize="9.0"/>
                </Word>
                <Word id="w_w2aab1b1b2b3c23ac43" language="English" custom="readingOrder {index:4;}">
                    <Coords points="680,1109 819,1109 819,1146 680,1146"/>
                    <TextEquiv>
                        <Unicode>lances</Unicode>
                    </TextEquiv>
                    <TextStyle fontFamily="Times New Roman" fontSize="9.0"/>
                </Word>
                <Word id="w_w2aab1b1b2b3c23ac57" language="English" custom="readingOrder {index:5;}">
                    <Coords points="841,1119 880,1119 880,1147 841,1147"/>
                    <TextEquiv>
                        <Unicode>et</Unicode>
                    </TextEquiv>
                    <TextStyle fontFamily="Times New Roman" fontSize="9.0"/>
                </Word>
                <Word id="w_w2aab1b1b2b3c23ac63" language="English" custom="readingOrder {index:6;}">
                    <Coords points="896,1108 945,1108 945,1146 896,1146"/>
                    <TextEquiv>
                        <Unicode>de</Unicode>
                    </TextEquiv>
                    <TextStyle fontFamily="Times New Roman" fontSize="9.0"/>
                </Word>
                <Word id="w_w2aab1b1b2b3c23ac69" language="English" custom="readingOrder {index:7;}">
                    <Coords points="959,1108 1131,1108 1131,1160 959,1160"/>
                    <TextEquiv>
                        <Unicode>javelots</Unicode>
                    </TextEquiv>
                    <TextStyle fontFamily="Times New Roman" fontSize="9.0"/>
                </Word>
                <Word id="w_w2aab1b1b2b3c23ac87" language="English" custom="readingOrder {index:8;}">
                    <Coords points="1150,1109 1246,1109 1246,1161 1150,1161"/>
                    <TextEquiv>
                        <Unicode>près</Unicode>
                    </TextEquiv>
                    <TextStyle fontFamily="Times New Roman" fontSize="9.0"/>
                </Word>
                <TextEquiv>
                    <Unicode>table d’une forêt de lances et de javelots près</Unicode>
                </TextEquiv>
                <TextStyle fontFamily="Times New Roman" fontSize="9.0"/>
            </TextLine>
            <TextLine id="tl_14" primaryLanguage="English" custom="readingOrder {index:12;}">
                <Coords points="224,1175 1244,1175 1244,1229 224,1229"/>
                <Baseline points="224,1212 275,1213 441,1214 501,1214 635,1215 762,1215 849,1215 992,1214 1071,1214 1176,1213 1244,1215"/>
                <Word id="w_w2aab1b1b2b3c25ab1" language="English" custom="readingOrder {index:0;}">
                    <Coords points="224,1175 275,1175 275,1213 224,1213"/>
                    <TextEquiv>
                        <Unicode>de</Unicode>
                    </TextEquiv>
                    <TextStyle fontFamily="Times New Roman" fontSize="9.0"/>
                </Word>
                <Word id="w_w2aab1b1b2b3c25ab7" language="English" custom="readingOrder {index:1;}">
                    <Coords points="300,1185 441,1185 441,1229 300,1229"/>
                    <TextEquiv>
                        <Unicode>porter</Unicode>
                    </TextEquiv>
                    <TextStyle fontFamily="Times New Roman" fontSize="9.0"/>
                </Word>
                <Word id="w_w2aab1b1b2b3c25ac21" language="English" custom="readingOrder {index:2;}">
                    <Coords points="464,1177 501,1177 501,1214 464,1214"/>
                    <TextEquiv>
                        <Unicode>la</Unicode>
                    </TextEquiv>
                    <TextStyle fontFamily="Times New Roman" fontSize="9.0"/>
                </Word>
                <Word id="w_w2aab1b1b2b3c25ac27" language="English" custom="readingOrder {index:3;}">
                    <Coords points="527,1187 635,1187 635,1215 527,1215"/>
                    <TextEquiv>
                        <Unicode>mort</Unicode>
                    </TextEquiv>
                    <TextStyle fontFamily="Times New Roman" fontSize="9.0"/>
                </Word>
                <Word id="w_w2aab1b1b2b3c25ac37" language="English" custom="readingOrder {index:4;}">
                    <Coords points="660,1177 762,1177 762,1215 660,1215"/>
                    <TextEquiv>
                        <Unicode>dans</Unicode>
                    </TextEquiv>
                    <TextStyle fontFamily="Times New Roman" fontSize="9.0"/>
                </Word>
                <Word id="w_w2aab1b1b2b3c25ac47" language="English" custom="readingOrder {index:5;}">
                    <Coords points="791,1176 849,1176 849,1215 791,1215"/>
                    <TextEquiv>
                        <Unicode>les</Unicode>
                    </TextEquiv>
                    <TextStyle fontFamily="Times New Roman" fontSize="9.0"/>
                </Word>
                <Word id="w_w2aab1b1b2b3c25ac55" language="English" custom="readingOrder {index:6;}">
                    <Coords points="872,1190 992,1190 992,1229 872,1229"/>
                    <TextEquiv>
                        <Unicode>rangs</Unicode>
                    </TextEquiv>
                    <TextStyle fontFamily="Times New Roman" fontSize="9.0"/>
                </Word>
                <Word id="w_w2aab1b1b2b3c25ac67" language="English" custom="readingOrder {index:7;}">
                    <Coords points="1021,1176 1071,1176 1071,1214 1021,1214"/>
                    <TextEquiv>
                        <Unicode>de</Unicode>
                    </TextEquiv>
                    <TextStyle fontFamily="Times New Roman" fontSize="9.0"/>
                </Word>
                <Word id="w_w2aab1b1b2b3c25ac73" language="English" custom="readingOrder {index:8;}">
                    <Coords points="1095,1177 1176,1177 1176,1214 1095,1214"/>
                    <TextEquiv>
                        <Unicode>l’un</Unicode>
                    </TextEquiv>
                    <TextStyle fontFamily="Times New Roman" fontSize="9.0"/>
                </Word>
                <Word id="w_w2aab1b1b2b3c25ac83" language="English" custom="readingOrder {index:9;}">
                    <Coords points="1205,1188 1244,1188 1244,1215 1205,1215"/>
                    <TextEquiv>
                        <Unicode>et</Unicode>
                    </TextEquiv>
                    <TextStyle fontFamily="Times New Roman" fontSize="9.0"/>
                </Word>
                <TextEquiv>
                    <Unicode>de porter la mort dans les rangs de l’un et</Unicode>
                </TextEquiv>
                <TextStyle fontFamily="Times New Roman" fontSize="9.0"/>
            </TextLine>
            <TextLine id="tl_15" primaryLanguage="English" custom="readingOrder {index:13;}">
                <Coords points="224,1244 1242,1244 1242,1297 224,1297"/>
                <Baseline points="224,1281 369,1283 515,1283 660,1282 723,1282 982,1282 1060,1282 1242,1275"/>
                <Word id="w_w2aab1b1b2b3c27ab1" language="English" custom="readingOrder {index:0;}">
                    <Coords points="224,1244 369,1244 369,1283 224,1283"/>
                    <TextEquiv>
                        <Unicode>l’autre</Unicode>
                    </TextEquiv>
                    <TextStyle fontFamily="Times New Roman" fontSize="9.0"/>
                </Word>
                <Word id="w_w2aab1b1b2b3c27ac17" language="English" custom="readingOrder {index:1;}">
                    <Coords points="395,1246 515,1246 515,1297 395,1297"/>
                    <TextEquiv>
                        <Unicode>parti.</Unicode>
                    </TextEquiv>
                    <TextStyle fontFamily="Times New Roman" fontSize="9.0"/>
                </Word>
                <Word id="w_w2aab1b1b2b3c27ac31" language="English" custom="readingOrder {index:2;}">
                    <Coords points="541,1245 660,1245 660,1282 541,1282"/>
                    <TextEquiv>
                        <Unicode>Enfin</Unicode>
                    </TextEquiv>
                    <TextStyle fontFamily="Times New Roman" fontSize="9.0"/>
                </Word>
                <Word id="w_w2aab1b1b2b3c27ac43" language="English" custom="readingOrder {index:3;}">
                    <Coords points="685,1245 723,1245 723,1282 685,1282"/>
                    <TextEquiv>
                        <Unicode>la</Unicode>
                    </TextEquiv>
                    <TextStyle fontFamily="Times New Roman" fontSize="9.0"/>
                </Word>
                <Word id="w_w2aab1b1b2b3c27ac49" language="English" custom="readingOrder {index:4;}">
                    <Coords points="741,1247 982,1247 982,1297 741,1297"/>
                    <TextEquiv>
                        <Unicode>suspension</Unicode>
                    </TextEquiv>
                    <TextStyle fontFamily="Times New Roman" fontSize="9.0"/>
                </Word>
                <Word id="w_w2aab1b1b2b3c27ac71" language="English" custom="readingOrder {index:5;}">
                    <Coords points="1005,1256 1060,1256 1060,1282 1005,1282"/>
                    <TextEquiv>
                        <Unicode>est</Unicode>
                    </TextEquiv>
                    <TextStyle fontFamily="Times New Roman" fontSize="9.0"/>
                </Word>
                <Word id="w_w2aab1b1b2b3c27ac79" language="English" custom="readingOrder {index:6;}">
                    <Coords points="1082,1246 1242,1246 1242,1296 1082,1296"/>
                    <TextEquiv>
                        <Unicode>procla¬</Unicode>
                    </TextEquiv>
                    <TextStyle fontFamily="Times New Roman" fontSize="9.0"/>
                </Word>
                <TextEquiv>
                    <Unicode>l’autre parti. Enfin la suspension est procla¬</Unicode>
                </TextEquiv>
                <TextStyle fontFamily="Times New Roman" fontSize="9.0"/>
            </TextLine>
            <TextLine id="tl_16" primaryLanguage="English" custom="readingOrder {index:14;}">
                <Coords points="225,1313 1239,1313 1239,1362 225,1362"/>
                <Baseline points="225,1351 339,1362 397,1350 581,1350 700,1361 758,1350 954,1351 1104,1361 1162,1351 1239,1353"/>
                <Word id="w_w2aab1b1b2b3c29ab1" language="English" custom="readingOrder {index:0;}">
                    <Coords points="225,1314 339,1314 339,1362 225,1362"/>
                    <TextEquiv>
                        <Unicode>mée;</Unicode>
                    </TextEquiv>
                    <TextStyle fontFamily="Times New Roman" fontSize="9.0"/>
                </Word>
                <Word id="w_w2aab1b1b2b3c29ac11" language="English" custom="readingOrder {index:1;}">
                    <Coords points="360,1313 397,1313 397,1350 360,1350"/>
                    <TextEquiv>
                        <Unicode>la</Unicode>
                    </TextEquiv>
                    <TextStyle fontFamily="Times New Roman" fontSize="9.0"/>
                </Word>
                <Word id="w_w2aab1b1b2b3c29ac17" language="English" custom="readingOrder {index:2;}">
                    <Coords points="423,1323 581,1323 581,1350 423,1350"/>
                    <TextEquiv>
                        <Unicode>terreur</Unicode>
                    </TextEquiv>
                    <TextStyle fontFamily="Times New Roman" fontSize="9.0"/>
                </Word>
                <Word id="w_w2aab1b1b2b3c29ac33" language="English" custom="readingOrder {index:3;}">
                    <Coords points="602,1314 700,1314 700,1361 602,1361"/>
                    <TextEquiv>
                        <Unicode>fuit,</Unicode>
                    </TextEquiv>
                    <TextStyle fontFamily="Times New Roman" fontSize="9.0"/>
                </Word>
                <Word id="w_w2aab1b1b2b3c29ac45" language="English" custom="readingOrder {index:4;}">
                    <Coords points="721,1314 758,1314 758,1350 721,1350"/>
                    <TextEquiv>
                        <Unicode>le</Unicode>
                    </TextEquiv>
                    <TextStyle fontFamily="Times New Roman" fontSize="9.0"/>
                </Word>
                <Word id="w_w2aab1b1b2b3c29ac51" language="English" custom="readingOrder {index:5;}">
                    <Coords points="782,1313 954,1313 954,1351 782,1351"/>
                    <TextEquiv>
                        <Unicode>tumulte</Unicode>
                    </TextEquiv>
                    <TextStyle fontFamily="Times New Roman" fontSize="9.0"/>
                </Word>
                <Word id="w_w2aab1b1b2b3c29ac67" language="English" custom="readingOrder {index:6;}">
                    <Coords points="974,1327 1104,1327 1104,1361 974,1361"/>
                    <TextEquiv>
                        <Unicode>cesse,</Unicode>
                    </TextEquiv>
                    <TextStyle fontFamily="Times New Roman" fontSize="9.0"/>
                </Word>
                <Word id="w_w2aab1b1b2b3c29ac81" language="English" custom="readingOrder {index:7;}">
                    <Coords points="1124,1324 1162,1324 1162,1351 1124,1351"/>
                    <TextEquiv>
                        <Unicode>et</Unicode>
                    </TextEquiv>
                    <TextStyle fontFamily="Times New Roman" fontSize="9.0"/>
                </Word>
                <Word id="w_w2aab1b1b2b3c29ac87" language="English" custom="readingOrder {index:8;}">
                    <Coords points="1183,1329 1239,1329 1239,1353 1183,1353"/>
                    <TextEquiv>
                        <Unicode>un</Unicode>
                    </TextEquiv>
                    <TextStyle fontFamily="Times New Roman" fontSize="9.0"/>
                </Word>
                <TextEquiv>
                    <Unicode>mée; la terreur fuit, le tumulte cesse, et un</Unicode>
                </TextEquiv>
                <TextStyle fontFamily="Times New Roman" fontSize="9.0"/>
            </TextLine>
            <TextLine id="tl_17" primaryLanguage="English" custom="readingOrder {index:15;}">
                <Coords points="224,1380 1240,1380 1240,1421 224,1421"/>
                <Baseline points="224,1417 343,1418 669,1417 753,1419 945,1418 1159,1420 1240,1412"/>
                <Word id="w_w2aab1b1b2b3c31ab1" language="English" custom="readingOrder {index:0;}">
                    <Coords points="224,1382 343,1382 343,1418 224,1418"/>
                    <TextEquiv>
                        <Unicode>vieux</Unicode>
                    </TextEquiv>
                    <TextStyle fontFamily="Times New Roman" fontSize="9.0"/>
                </Word>
                <Word id="w_w2aab1b1b2b3c31ac13" language="English" custom="readingOrder {index:1;}">
                    <Coords points="380,1380 669,1380 669,1419 380,1419"/>
                    <TextEquiv>
                        <Unicode>commandant</Unicode>
                    </TextEquiv>
                    <TextStyle fontFamily="Times New Roman" fontSize="9.0"/>
                </Word>
                <Word id="w_w2aab1b1b2b3c31ac35" language="English" custom="readingOrder {index:2;}">
                    <Coords points="703,1380 753,1380 753,1419 703,1419"/>
                    <TextEquiv>
                        <Unicode>de</Unicode>
                    </TextEquiv>
                    <TextStyle fontFamily="Times New Roman" fontSize="9.0"/>
                </Word>
                <Word id="w_w2aab1b1b2b3c31ac41" language="English" custom="readingOrder {index:3;}">
                    <Coords points="778,1381 945,1381 945,1419 778,1419"/>
                    <TextEquiv>
                        <Unicode>l’armée</Unicode>
                    </TextEquiv>
                    <TextStyle fontFamily="Times New Roman" fontSize="9.0"/>
                </Word>
                <Word id="w_w2aab1b1b2b3c31ac57" language="English" custom="readingOrder {index:4;}">
                    <Coords points="975,1384 1159,1384 1159,1420 975,1420"/>
                    <TextEquiv>
                        <Unicode>romaine</Unicode>
                    </TextEquiv>
                    <TextStyle fontFamily="Times New Roman" fontSize="9.0"/>
                </Word>
                <Word id="w_w2aab1b1b2b3c31ac73" language="English" custom="readingOrder {index:5;}">
                    <Coords points="1189,1384 1240,1384 1240,1421 1189,1421"/>
                    <TextEquiv>
                        <Unicode>si¬</Unicode>
                    </TextEquiv>
                    <TextStyle fontFamily="Times New Roman" fontSize="9.0"/>
                </Word>
                <TextEquiv>
                    <Unicode>vieux commandant de l’armée romaine si¬</Unicode>
                </TextEquiv>
                <TextStyle fontFamily="Times New Roman" fontSize="9.0"/>
            </TextLine>
            <TextLine id="tl_18" primaryLanguage="English" custom="readingOrder {index:16;}">
                <Coords points="221,1446 1239,1446 1239,1499 221,1499"/>
                <Baseline points="221,1497 342,1485 400,1484 516,1485 590,1485 837,1486 930,1485 1068,1486 1188,1487 1239,1487"/>
                <Word id="w_w2aab1b1b2b3c33ab1" language="English" custom="readingOrder {index:0;}">
                    <Coords points="221,1446 342,1446 342,1497 221,1497"/>
                    <TextEquiv>
                        <Unicode>gnale</Unicode>
                    </TextEquiv>
                    <TextStyle fontFamily="Times New Roman" fontSize="9.0"/>
                </Word>
                <Word id="w_w2aab1b1b2b3c33ac13" language="English" custom="readingOrder {index:1;}">
                    <Coords points="361,1447 400,1447 400,1485 361,1485"/>
                    <TextEquiv>
                        <Unicode>la</Unicode>
                    </TextEquiv>
                    <TextStyle fontFamily="Times New Roman" fontSize="9.0"/>
                </Word>
                <Word id="w_w2aab1b1b2b3c33ac19" language="English" custom="readingOrder {index:2;}">
                    <Coords points="423,1449 516,1449 516,1499 423,1499"/>
                    <TextEquiv>
                        <Unicode>paix</Unicode>
                    </TextEquiv>
                    <TextStyle fontFamily="Times New Roman" fontSize="9.0"/>
                </Word>
                <Word id="w_w2aab1b1b2b3c33ac29" language="English" custom="readingOrder {index:3;}">
                    <Coords points="540,1461 590,1461 590,1485 540,1485"/>
                    <TextEquiv>
                        <Unicode>en</Unicode>
                    </TextEquiv>
                    <TextStyle fontFamily="Times New Roman" fontSize="9.0"/>
                </Word>
                <Word id="w_w2aab1b1b2b3c33ac35" language="English" custom="readingOrder {index:4;}">
                    <Coords points="619,1457 837,1457 837,1487 619,1487"/>
                    <TextEquiv>
                        <Unicode>remettant</Unicode>
                    </TextEquiv>
                    <TextStyle fontFamily="Times New Roman" fontSize="9.0"/>
                </Word>
                <Word id="w_w2aab1b1b2b3c33ac55" language="English" custom="readingOrder {index:5;}">
                    <Coords points="857,1462 930,1462 930,1486 857,1486"/>
                    <TextEquiv>
                        <Unicode>son</Unicode>
                    </TextEquiv>
                    <TextStyle fontFamily="Times New Roman" fontSize="9.0"/>
                </Word>
                <Word id="w_w2aab1b1b2b3c33ac63" language="English" custom="readingOrder {index:6;}">
                    <Coords points="949,1447 1068,1447 1068,1486 949,1486"/>
                    <TextEquiv>
                        <Unicode>sabre</Unicode>
                    </TextEquiv>
                    <TextStyle fontFamily="Times New Roman" fontSize="9.0"/>
                </Word>
                <Word id="w_w2aab1b1b2b3c33ac75" language="English" custom="readingOrder {index:7;}">
                    <Coords points="1087,1448 1188,1448 1188,1487 1087,1487"/>
                    <TextEquiv>
                        <Unicode>dans</Unicode>
                    </TextEquiv>
                    <TextStyle fontFamily="Times New Roman" fontSize="9.0"/>
                </Word>
                <Word id="w_w2aab1b1b2b3c33ac85" language="English" custom="readingOrder {index:8;}">
                    <Coords points="1202,1449 1239,1449 1239,1487 1202,1487"/>
                    <TextEquiv>
                        <Unicode>le</Unicode>
                    </TextEquiv>
                    <TextStyle fontFamily="Times New Roman" fontSize="9.0"/>
                </Word>
                <TextEquiv>
                    <Unicode>gnale la paix en remettant son sabre dans le</Unicode>
                </TextEquiv>
                <TextStyle fontFamily="Times New Roman" fontSize="9.0"/>
            </TextLine>
            <TextLine id="tl_19" primaryLanguage="English" custom="readingOrder {index:17;}">
                <Coords points="219,1514 426,1514 426,1555 219,1555"/>
                <Baseline points="219,1553 426,1555"/>
                <Word id="w_w2aab1b1b2b3c35ab1" language="English" custom="readingOrder {index:0;}">
                    <Coords points="219,1514 426,1514 426,1555 219,1555"/>
                    <TextEquiv>
                        <Unicode>fourreau.</Unicode>
                    </TextEquiv>
                    <TextStyle fontFamily="Times New Roman" fontSize="9.0"/>
                </Word>
                <TextEquiv>
                    <Unicode>fourreau.</Unicode>
                </TextEquiv>
                <TextStyle fontFamily="Times New Roman" fontSize="9.0"/>
            </TextLine>
            <TextEquiv>
                <Unicode>qui a apporté un petit enfant encore à la ma¬
melle, qui suce son doigt sans s’effrayer du
bruit de cette scène sanglante, découvre sa
poitrine, et semble dire : Frappez-moi plutôt
que ma famille. Cependant Romulus est ému
par les larmes et les discours d’Hersilie. La
fureur des soldats se calme aux cris perçants
de leurs femmes et de leurs enfants, et l’on
voit, par une espèce d’enchantement, les ca¬
pitaines de chaque armée suspendre les coups,
et arrêter d’un seul geste l’ébranlement redou¬
table d’une forêt de lances et de javelots près
de porter la mort dans les rangs de l’un et
l’autre parti. Enfin la suspension est procla¬
mée; la terreur fuit, le tumulte cesse, et un
vieux commandant de l’armée romaine si¬
gnale la paix en remettant son sabre dans le
fourreau.</Unicode>
            </TextEquiv>
        </TextRegion>
        <TextRegion type="paragraph" id="r_1_3" custom="readingOrder {index:2;}">
            <Coords points="222,1584 1242,1584 1242,1985 222,1985"/>
            <TextLine id="tl_20" primaryLanguage="English" custom="readingOrder {index:0;}">
                <Coords points="278,1585 1241,1585 1241,1639 278,1639"/>
                <Baseline points="278,1622 332,1622 487,1624 552,1622 694,1624 771,1624 894,1624 1001,1625 1241,1626"/>
                <Word id="w_w2aab1b1b2b5b1ab1" language="English" custom="readingOrder {index:0;}">
                    <Coords points="278,1587 332,1587 332,1622 278,1622"/>
                    <TextEquiv>
                        <Unicode>La</Unicode>
                    </TextEquiv>
                    <TextStyle fontFamily="Times New Roman" fontSize="9.0"/>
                </Word>
                <Word id="w_w2aab1b1b2b5b1ab7" language="English" custom="readingOrder {index:1;}">
                    <Coords points="364,1585 487,1585 487,1624 364,1624"/>
                    <TextEquiv>
                        <Unicode>scène</Unicode>
                    </TextEquiv>
                    <TextStyle fontFamily="Times New Roman" fontSize="9.0"/>
                </Word>
                <Word id="w_w2aab1b1b2b5b1ac19" language="English" custom="readingOrder {index:2;}">
                    <Coords points="511,1599 552,1599 552,1623 511,1623"/>
                    <TextEquiv>
                        <Unicode>se</Unicode>
                    </TextEquiv>
                    <TextStyle fontFamily="Times New Roman" fontSize="9.0"/>
                </Word>
                <Word id="w_w2aab1b1b2b5b1ac25" language="English" custom="readingOrder {index:3;}">
                    <Coords points="579,1599 694,1599 694,1637 579,1637"/>
                    <TextEquiv>
                        <Unicode>passe</Unicode>
                    </TextEquiv>
                    <TextStyle fontFamily="Times New Roman" fontSize="9.0"/>
                </Word>
                <Word id="w_w2aab1b1b2b5b1ac37" language="English" custom="readingOrder {index:4;}">
                    <Coords points="720,1600 771,1600 771,1624 720,1624"/>
                    <TextEquiv>
                        <Unicode>au</Unicode>
                    </TextEquiv>
                    <TextStyle fontFamily="Times New Roman" fontSize="9.0"/>
                </Word>
                <Word id="w_w2aab1b1b2b5b1ac43" language="English" custom="readingOrder {index:5;}">
                    <Coords points="800,1586 894,1586 894,1639 800,1639"/>
                    <TextEquiv>
                        <Unicode>pied</Unicode>
                    </TextEquiv>
                    <TextStyle fontFamily="Times New Roman" fontSize="9.0"/>
                </Word>
                <Word id="w_w2aab1b1b2b5b1ac53" language="English" custom="readingOrder {index:6;}">
                    <Coords points="931,1587 1001,1587 1001,1625 931,1625"/>
                    <TextEquiv>
                        <Unicode>des</Unicode>
                    </TextEquiv>
                    <TextStyle fontFamily="Times New Roman" fontSize="9.0"/>
                </Word>
                <Word id="w_w2aab1b1b2b5b1ac61" language="English" custom="readingOrder {index:7;}">
                    <Coords points="1037,1598 1241,1598 1241,1639 1037,1639"/>
                    <TextEquiv>
                        <Unicode>remparts</Unicode>
                    </TextEquiv>
                    <TextStyle fontFamily="Times New Roman" fontSize="9.0"/>
                </Word>
                <TextEquiv>
                    <Unicode>La scène se passe au pied des remparts</Unicode>
                </TextEquiv>
                <TextStyle fontFamily="Times New Roman" fontSize="9.0"/>
            </TextLine>
            <TextLine id="tl_21" primaryLanguage="English" custom="readingOrder {index:1;}">
                <Coords points="224,1653 1239,1653 1239,1708 224,1708"/>
                <Baseline points="224,1689 274,1690 450,1702 576,1692 655,1691 816,1692 1128,1704 1239,1694"/>
                <Word id="w_w2aab1b1b2b5b3ab1" language="English" custom="readingOrder {index:0;}">
                    <Coords points="224,1653 274,1653 274,1690 224,1690"/>
                    <TextEquiv>
                        <Unicode>de</Unicode>
                    </TextEquiv>
                    <TextStyle fontFamily="Times New Roman" fontSize="9.0"/>
                </Word>
                <Word id="w_w2aab1b1b2b5b3ab7" language="English" custom="readingOrder {index:1;}">
                    <Coords points="303,1654 450,1654 450,1702 303,1702"/>
                    <TextEquiv>
                        <Unicode>Rome,</Unicode>
                    </TextEquiv>
                    <TextStyle fontFamily="Times New Roman" fontSize="9.0"/>
                </Word>
                <Word id="w_w2aab1b1b2b5b3ac19" language="English" custom="readingOrder {index:2;}">
                    <Coords points="482,1653 576,1653 576,1706 482,1706"/>
                    <TextEquiv>
                        <Unicode>près</Unicode>
                    </TextEquiv>
                    <TextStyle fontFamily="Times New Roman" fontSize="9.0"/>
                </Word>
                <Word id="w_w2aab1b1b2b5b3ac29" language="English" custom="readingOrder {index:3;}">
                    <Coords points="617,1655 655,1655 655,1691 617,1691"/>
                    <TextEquiv>
                        <Unicode>la</Unicode>
                    </TextEquiv>
                    <TextStyle fontFamily="Times New Roman" fontSize="9.0"/>
                </Word>
                <Word id="w_w2aab1b1b2b5b3ac35" language="English" custom="readingOrder {index:4;}">
                    <Coords points="687,1654 816,1654 816,1692 687,1692"/>
                    <TextEquiv>
                        <Unicode>roche</Unicode>
                    </TextEquiv>
                    <TextStyle fontFamily="Times New Roman" fontSize="9.0"/>
                </Word>
                <Word id="w_w2aab1b1b2b5b3ac47" language="English" custom="readingOrder {index:5;}">
                    <Coords points="847,1656 1128,1656 1128,1706 847,1706"/>
                    <TextEquiv>
                        <Unicode>Tarpeïenne,</Unicode>
                    </TextEquiv>
                    <TextStyle fontFamily="Times New Roman" fontSize="9.0"/>
                </Word>
                <Word id="w_w2aab1b1b2b5b3ac71" language="English" custom="readingOrder {index:6;}">
                    <Coords points="1158,1670 1239,1670 1239,1708 1158,1708"/>
                    <TextEquiv>
                        <Unicode>que</Unicode>
                    </TextEquiv>
                    <TextStyle fontFamily="Times New Roman" fontSize="9.0"/>
                </Word>
                <TextEquiv>
                    <Unicode>de Rome, près la roche Tarpeïenne, que</Unicode>
                </TextEquiv>
                <TextStyle fontFamily="Times New Roman" fontSize="9.0"/>
            </TextLine>
            <TextLine id="tl_22" primaryLanguage="English" custom="readingOrder {index:2;}">
                <Coords points="224,1721 1241,1721 1241,1777 224,1777"/>
                <Baseline points="224,1758 307,1758 665,1760 788,1761 942,1761 1015,1762 1241,1763"/>
                <Word id="w_w2aab1b1b2b5b5ab1" language="English" custom="readingOrder {index:0;}">
                    <Coords points="224,1721 307,1721 307,1759 224,1759"/>
                    <TextEquiv>
                        <Unicode>l’on</Unicode>
                    </TextEquiv>
                    <TextStyle fontFamily="Times New Roman" fontSize="9.0"/>
                </Word>
                <Word id="w_w2aab1b1b2b5b5ac11" language="English" custom="readingOrder {index:1;}">
                    <Coords points="325,1722 665,1722 665,1774 325,1774"/>
                    <TextEquiv>
                        <Unicode>aperçoitdansle</Unicode>
                    </TextEquiv>
                    <TextStyle fontFamily="Times New Roman" fontSize="9.0"/>
                </Word>
                <Word id="w_w2aab1b1b2b5b5ac41" language="English" custom="readingOrder {index:2;}">
                    <Coords points="676,1722 788,1722 788,1761 676,1761"/>
                    <TextEquiv>
                        <Unicode>fond.</Unicode>
                    </TextEquiv>
                    <TextStyle fontFamily="Times New Roman" fontSize="9.0"/>
                </Word>
                <Word id="w_w2aab1b1b2b5b5ac53" language="English" custom="readingOrder {index:3;}">
                    <Coords points="805,1725 942,1725 942,1761 805,1761"/>
                    <TextEquiv>
                        <Unicode>Parmi</Unicode>
                    </TextEquiv>
                    <TextStyle fontFamily="Times New Roman" fontSize="9.0"/>
                </Word>
                <Word id="w_w2aab1b1b2b5b5ac65" language="English" custom="readingOrder {index:4;}">
                    <Coords points="958,1724 1015,1724 1015,1762 958,1762"/>
                    <TextEquiv>
                        <Unicode>les</Unicode>
                    </TextEquiv>
                    <TextStyle fontFamily="Times New Roman" fontSize="9.0"/>
                </Word>
                <Word id="w_w2aab1b1b2b5b5ac73" language="English" custom="readingOrder {index:5;}">
                    <Coords points="1030,1726 1241,1726 1241,1777 1030,1777"/>
                    <TextEquiv>
                        <Unicode>enseignes</Unicode>
                    </TextEquiv>
                    <TextStyle fontFamily="Times New Roman" fontSize="9.0"/>
                </Word>
                <TextEquiv>
                    <Unicode>l’on aperçoit dans le fond. Parmi les enseignes</Unicode>
                </TextEquiv>
                <TextStyle fontFamily="Times New Roman" fontSize="9.0"/>
            </TextLine>
            <TextLine id="tl_23" primaryLanguage="English" custom="readingOrder {index:3;}">
                <Coords points="226,1790 1237,1790 1237,1846 226,1846"/>
                <Baseline points="226,1828 295,1828 512,1829 590,1829 835,1830 902,1831 1073,1842 1134,1832 1237,1833"/>
                <Word id="w_w2aab1b1b2b5b7ab1" language="English" custom="readingOrder {index:0;}">
                    <Coords points="226,1790 295,1790 295,1829 226,1829"/>
                    <TextEquiv>
                        <Unicode>des</Unicode>
                    </TextEquiv>
                    <TextStyle fontFamily="Times New Roman" fontSize="9.0"/>
                </Word>
                <Word id="w_w2aab1b1b2b5b7ab9" language="English" custom="readingOrder {index:1;}">
                    <Coords points="320,1793 512,1793 512,1829 320,1829"/>
                    <TextEquiv>
                        <Unicode>Romains</Unicode>
                    </TextEquiv>
                    <TextStyle fontFamily="Times New Roman" fontSize="9.0"/>
                </Word>
                <Word id="w_w2aab1b1b2b5b7ac25" language="English" custom="readingOrder {index:2;}">
                    <Coords points="537,1806 590,1806 590,1830 537,1830"/>
                    <TextEquiv>
                        <Unicode>on</Unicode>
                    </TextEquiv>
                    <TextStyle fontFamily="Times New Roman" fontSize="9.0"/>
                </Word>
                <Word id="w_w2aab1b1b2b5b7ac31" language="English" custom="readingOrder {index:3;}">
                    <Coords points="614,1806 835,1806 835,1846 614,1846"/>
                    <TextEquiv>
                        <Unicode>remarque</Unicode>
                    </TextEquiv>
                    <TextStyle fontFamily="Times New Roman" fontSize="9.0"/>
                </Word>
                <Word id="w_w2aab1b1b2b5b7ac49" language="English" custom="readingOrder {index:4;}">
                    <Coords points="866,1793 902,1793 902,1831 866,1831"/>
                    <TextEquiv>
                        <Unicode>la</Unicode>
                    </TextEquiv>
                    <TextStyle fontFamily="Times New Roman" fontSize="9.0"/>
                </Word>
                <Word id="w_w2aab1b1b2b5b7ac55" language="English" custom="readingOrder {index:5;}">
                    <Coords points="935,1794 1073,1794 1073,1842 935,1842"/>
                    <TextEquiv>
                        <Unicode>louve,</Unicode>
                    </TextEquiv>
                    <TextStyle fontFamily="Times New Roman" fontSize="9.0"/>
                </Word>
                <Word id="w_w2aab1b1b2b5b7ac69" language="English" custom="readingOrder {index:6;}">
                    <Coords points="1096,1805 1134,1805 1134,1833 1096,1833"/>
                    <TextEquiv>
                        <Unicode>et</Unicode>
                    </TextEquiv>
                    <TextStyle fontFamily="Times New Roman" fontSize="9.0"/>
                </Word>
                <Word id="w_w2aab1b1b2b5b7ac75" language="English" custom="readingOrder {index:7;}">
                    <Coords points="1155,1809 1237,1809 1237,1833 1155,1833"/>
                    <TextEquiv>
                        <Unicode>une</Unicode>
                    </TextEquiv>
                    <TextStyle fontFamily="Times New Roman" fontSize="9.0"/>
                </Word>
                <TextEquiv>
                    <Unicode>des Romains on remarque la louve, et une</Unicode>
                </TextEquiv>
                <TextStyle fontFamily="Times New Roman" fontSize="9.0"/>
            </TextLine>
            <TextLine id="tl_24" primaryLanguage="English" custom="readingOrder {index:4;}">
                <Coords points="223,1859 1238,1859 1238,1916 223,1916"/>
                <Baseline points="223,1899 337,1897 407,1897 523,1910 729,1898 769,1898 870,1899 1032,1911 1124,1900 1238,1903"/>
                <Word id="w_w2aab1b1b2b5b9ab1" language="English" custom="readingOrder {index:0;}">
                    <Coords points="223,1860 337,1860 337,1899 223,1899"/>
                    <TextEquiv>
                        <Unicode>boue</Unicode>
                    </TextEquiv>
                    <TextStyle fontFamily="Times New Roman" fontSize="9.0"/>
                </Word>
                <Word id="w_w2aab1b1b2b5b9ac11" language="English" custom="readingOrder {index:1;}">
                    <Coords points="357,1860 407,1860 407,1897 357,1897"/>
                    <TextEquiv>
                        <Unicode>tle</Unicode>
                    </TextEquiv>
                    <TextStyle fontFamily="Times New Roman" fontSize="9.0"/>
                </Word>
                <Word id="w_w2aab1b1b2b5b9ac19" language="English" custom="readingOrder {index:2;}">
                    <Coords points="424,1859 523,1859 523,1910 424,1910"/>
                    <TextEquiv>
                        <Unicode>foin,</Unicode>
                    </TextEquiv>
                    <TextStyle fontFamily="Times New Roman" fontSize="9.0"/>
                </Word>
                <Word id="w_w2aab1b1b2b5b9ac31" language="English" custom="readingOrder {index:3;}">
                    <Coords points="543,1860 729,1860 729,1899 543,1899"/>
                    <TextEquiv>
                        <Unicode>attachée</Unicode>
                    </TextEquiv>
                    <TextStyle fontFamily="Times New Roman" fontSize="9.0"/>
                </Word>
                <Word id="w_w2aab1b1b2b5b9ac49" language="English" custom="readingOrder {index:4;}">
                    <Coords points="749,1862 769,1862 769,1898 749,1898"/>
                    <TextEquiv>
                        <Unicode>à</Unicode>
                    </TextEquiv>
                    <TextStyle fontFamily="Times New Roman" fontSize="9.0"/>
                </Word>
                <Word id="w_w2aab1b1b2b5b9ac53" language="English" custom="readingOrder {index:5;}">
                    <Coords points="790,1876 870,1876 870,1899 790,1899"/>
                    <TextEquiv>
                        <Unicode>une</Unicode>
                    </TextEquiv>
                    <TextStyle fontFamily="Times New Roman" fontSize="9.0"/>
                </Word>
                <Word id="w_w2aab1b1b2b5b9ac61" language="English" custom="readingOrder {index:6;}">
                    <Coords points="894,1862 1032,1862 1032,1911 894,1911"/>
                    <TextEquiv>
                        <Unicode>lance,</Unicode>
                    </TextEquiv>
                    <TextStyle fontFamily="Times New Roman" fontSize="9.0"/>
                </Word>
                <Word id="w_w2aab1b1b2b5b9ac75" language="English" custom="readingOrder {index:7;}">
                    <Coords points="1054,1865 1124,1865 1124,1916 1054,1916"/>
                    <TextEquiv>
                        <Unicode>qui</Unicode>
                    </TextEquiv>
                    <TextStyle fontFamily="Times New Roman" fontSize="9.0"/>
                </Word>
                <Word id="w_w2aab1b1b2b5b9ac83" language="English" custom="readingOrder {index:8;}">
                    <Coords points="1141,1864 1238,1864 1238,1903 1141,1903"/>
                    <TextEquiv>
                        <Unicode>étoit</Unicode>
                    </TextEquiv>
                    <TextStyle fontFamily="Times New Roman" fontSize="9.0"/>
                </Word>
                <TextEquiv>
                    <Unicode>botte de foin, attachée à une lance, qui étoit</Unicode>
                </TextEquiv>
                <TextStyle fontFamily="Times New Roman" fontSize="9.0"/>
            </TextLine>
            <TextLine id="tl_25" primaryLanguage="English" custom="readingOrder {index:5;}">
                <Coords points="225,1928 1177,1928 1177,1984 225,1984"/>
                <Baseline points="225,1967 306,1968 389,1967 628,1968 860,1968 929,1968 994,1968 1177,1969"/>
                <Word id="w_w2aab1b1b2b5c11ab1" language="English" custom="readingOrder {index:0;}">
                    <Coords points="225,1943 306,1943 306,1968 225,1968"/>
                    <TextEquiv>
                        <Unicode>une</Unicode>
                    </TextEquiv>
                    <TextStyle fontFamily="Times New Roman" fontSize="9.0"/>
                </Word>
                <Word id="w_w2aab1b1b2b5c11ab9" language="English" custom="readingOrder {index:1;}">
                    <Coords points="321,1928 389,1928 389,1969 321,1969"/>
                    <TextEquiv>
                        <Unicode>des</Unicode>
                    </TextEquiv>
                    <TextStyle fontFamily="Times New Roman" fontSize="9.0"/>
                </Word>
                <Word id="w_w2aab1b1b2b5c11ac17" language="English" custom="readingOrder {index:2;}">
                    <Coords points="405,1929 628,1929 628,1981 405,1981"/>
                    <TextEquiv>
                        <Unicode>premières</Unicode>
                    </TextEquiv>
                    <TextStyle fontFamily="Times New Roman" fontSize="9.0"/>
                </Word>
                <Word id="w_w2aab1b1b2b5c11ac37" language="English" custom="readingOrder {index:3;}">
                    <Coords points="650,1931 860,1931 860,1982 650,1982"/>
                    <TextEquiv>
                        <Unicode>enseignes</Unicode>
                    </TextEquiv>
                    <TextStyle fontFamily="Times New Roman" fontSize="9.0"/>
                </Word>
                <Word id="w_w2aab1b1b2b5c11ac57" language="English" custom="readingOrder {index:4;}">
                    <Coords points="879,1931 929,1931 929,1968 879,1968"/>
                    <TextEquiv>
                        <Unicode>de</Unicode>
                    </TextEquiv>
                    <TextStyle fontFamily="Times New Roman" fontSize="9.0"/>
                </Word>
                <Word id="w_w2aab1b1b2b5c11ac63" language="English" custom="readingOrder {index:5;}">
                    <Coords points="948,1944 994,1944 994,1969 948,1969"/>
                    <TextEquiv>
                        <Unicode>ce</Unicode>
                    </TextEquiv>
                    <TextStyle fontFamily="Times New Roman" fontSize="9.0"/>
                </Word>
                <Word id="w_w2aab1b1b2b5c11ac69" language="English" custom="readingOrder {index:6;}">
                    <Coords points="1014,1932 1177,1932 1177,1984 1014,1984"/>
                    <TextEquiv>
                        <Unicode>peuple.</Unicode>
                    </TextEquiv>
                    <TextStyle fontFamily="Times New Roman" fontSize="9.0"/>
                </Word>
                <TextEquiv>
                    <Unicode>une des premières enseignes de ce peuple.</Unicode>
                </TextEquiv>
                <TextStyle fontFamily="Times New Roman" fontSize="9.0"/>
            </TextLine>
            <TextEquiv>
                <Unicode>La scène se passe au pied des remparts
de Rome, près la roche Tarpeïenne, que
l’on aperçoit dans le fond. Parmi les enseignes
des Romains on remarque la louve, et une
botte de foin, attachée à une lance, qui étoit
une des premières enseignes de ce peuple.</Unicode>
            </TextEquiv>
        </TextRegion>
        <TextRegion type="paragraph" id="r_1_4" custom="readingOrder {index:3;}">
            <Coords points="118,2029 1238,2029 1238,2238 118,2238"/>
            <TextLine id="tl_26" primaryLanguage="English" custom="readingOrder {index:0;}">
                <Coords points="119,2030 1236,2030 1236,2094 119,2094"/>
                <Baseline points="119,2075 194,2075 321,2075 564,2075 883,2074 936,2075 1144,2077 1236,2078"/>
                <Word id="w_w2aab1b1b2b7b1ab1" language="English" custom="readingOrder {index:0;}">
                    <Coords points="119,2046 194,2046 194,2075 119,2075"/>
                    <TextEquiv>
                        <Unicode>2rt.</Unicode>
                    </TextEquiv>
                    <TextStyle fontFamily="Times New Roman" fontSize="10.5"/>
                </Word>
                <Word id="w_w2aab1b1b2b7b1ac11" language="English" custom="readingOrder {index:1;}">
                    <Coords points="232,2030 321,2030 321,2075 232,2075"/>
                    <TextEquiv>
                        <Unicode>lies</Unicode>
                    </TextEquiv>
                    <TextStyle fontFamily="Times New Roman" fontSize="10.5"/>
                </Word>
                <Word id="w_w2aab1b1b2b7b1ac21" language="English" custom="readingOrder {index:2;}">
                    <Coords points="343,2032 564,2032 564,2076 343,2076"/>
                    <TextEquiv>
                        <Unicode>Licteurs</Unicode>
                    </TextEquiv>
                    <TextStyle fontFamily="Times New Roman" fontSize="10.5"/>
                </Word>
                <Word id="w_w2aab1b1b2b7b1ac39" language="English" custom="readingOrder {index:3;}">
                    <Coords points="590,2041 883,2041 883,2094 590,2094"/>
                    <TextEquiv>
                        <Unicode>rapportent</Unicode>
                    </TextEquiv>
                    <TextStyle fontFamily="Times New Roman" fontSize="10.5"/>
                </Word>
                <Word id="w_w2aab1b1b2b7b1ac61" language="English" custom="readingOrder {index:4;}">
                    <Coords points="908,2032 936,2032 936,2075 908,2075"/>
                    <TextEquiv>
                        <Unicode>à</Unicode>
                    </TextEquiv>
                    <TextStyle fontFamily="Times New Roman" fontSize="10.5"/>
                </Word>
                <Word id="w_w2aab1b1b2b7b1ac65" language="English" custom="readingOrder {index:5;}">
                    <Coords points="963,2031 1144,2031 1144,2077 963,2077"/>
                    <TextEquiv>
                        <Unicode>Brutus</Unicode>
                    </TextEquiv>
                    <TextStyle fontFamily="Times New Roman" fontSize="10.5"/>
                </Word>
                <Word id="w_w2aab1b1b2b7b1ac79" language="English" custom="readingOrder {index:6;}">
                    <Coords points="1168,2031 1236,2031 1236,2078 1168,2078"/>
                    <TextEquiv>
                        <Unicode>les</Unicode>
                    </TextEquiv>
                    <TextStyle fontFamily="Times New Roman" fontSize="10.5"/>
                </Word>
                <TextEquiv>
                    <Unicode>21. Les Licteurs rapportent à Brutus les</Unicode>
                </TextEquiv>
                <TextStyle fontFamily="Times New Roman" fontSize="10.5"/>
            </TextLine>
            <TextLine id="tl_27" primaryLanguage="English" custom="readingOrder {index:1;}">
                <Coords points="179,2109 1237,2109 1237,2174 179,2174"/>
                <Baseline points="179,2156 322,2156 415,2155 520,2157 627,2157 775,2154 840,2156 1181,2158 1237,2158"/>
                <Word id="w_w2aab1b1b2b7b3ab1" language="English" custom="readingOrder {index:0;}">
                    <Coords points="179,2126 322,2126 322,2174 179,2174"/>
                    <TextEquiv>
                        <Unicode>corps</Unicode>
                    </TextEquiv>
                    <TextStyle fontFamily="Times New Roman" fontSize="10.5"/>
                </Word>
                <Word id="w_w2aab1b1b2b7b3ac13" language="English" custom="readingOrder {index:1;}">
                    <Coords points="356,2110 415,2110 415,2155 356,2155"/>
                    <TextEquiv>
                        <Unicode>de</Unicode>
                    </TextEquiv>
                    <TextStyle fontFamily="Times New Roman" fontSize="10.5"/>
                </Word>
                <Word id="w_w2aab1b1b2b7b3ac19" language="English" custom="readingOrder {index:2;}">
                    <Coords points="448,2128 520,2128 520,2157 448,2157"/>
                    <TextEquiv>
                        <Unicode>ses</Unicode>
                    </TextEquiv>
                    <TextStyle fontFamily="Times New Roman" fontSize="10.5"/>
                </Word>
                <Word id="w_w2aab1b1b2b7b3ac27" language="English" custom="readingOrder {index:3;}">
                    <Coords points="551,2109 627,2109 627,2157 551,2157"/>
                    <TextEquiv>
                        <Unicode>fils</Unicode>
                    </TextEquiv>
                    <TextStyle fontFamily="Times New Roman" fontSize="10.5"/>
                </Word>
                <Word id="w_w2aab1b1b2b7b3ac37" language="English" custom="readingOrder {index:4;}">
                    <Coords points="661,2109 775,2109 775,2174 661,2174"/>
                    <TextEquiv>
                        <Unicode>qu’il</Unicode>
                    </TextEquiv>
                    <TextStyle fontFamily="Times New Roman" fontSize="10.5"/>
                </Word>
                <Word id="w_w2aab1b1b2b7b3ac49" language="English" custom="readingOrder {index:5;}">
                    <Coords points="812,2127 840,2127 840,2156 812,2156"/>
                    <TextEquiv>
                        <Unicode>a</Unicode>
                    </TextEquiv>
                    <TextStyle fontFamily="Times New Roman" fontSize="10.5"/>
                </Word>
                <Word id="w_w2aab1b1b2b7b3ac53" language="English" custom="readingOrder {index:6;}">
                    <Coords points="875,2111 1181,2111 1181,2158 875,2158"/>
                    <TextEquiv>
                        <Unicode>condamnés</Unicode>
                    </TextEquiv>
                    <TextStyle fontFamily="Times New Roman" fontSize="10.5"/>
                </Word>
                <Word id="w_w2aab1b1b2b7b3ac73" language="English" custom="readingOrder {index:7;}">
                    <Coords points="1211,2118 1237,2118 1237,2158 1211,2158"/>
                    <TextEquiv>
                        <Unicode>à</Unicode>
                    </TextEquiv>
                    <TextStyle fontFamily="Times New Roman" fontSize="10.5"/>
                </Word>
                <TextEquiv>
                    <Unicode>corps de ses fils qu’il a condamnés à</Unicode>
                </TextEquiv>
                <TextStyle fontFamily="Times New Roman" fontSize="10.5"/>
            </TextLine>
            <TextLine id="tl_28" primaryLanguage="English" custom="readingOrder {index:2;}">
                <Coords points="182,2202 327,2202 327,2237 182,2237"/>
                <Baseline points="182,2235 327,2236"/>
                <Word id="w_w2aab1b1b2b7b5ab1" language="English" custom="readingOrder {index:0;}">
                    <Coords points="182,2202 327,2202 327,2237 182,2237"/>
                    <TextEquiv>
                        <Unicode>mort.</Unicode>
                    </TextEquiv>
                    <TextStyle fontFamily="Times New Roman" fontSize="10.5"/>
                </Word>
                <TextEquiv>
                    <Unicode>mort.</Unicode>
                </TextEquiv>
                <TextStyle fontFamily="Times New Roman" fontSize="10.5"/>
            </TextLine>
            <TextEquiv>
                <Unicode>21. Les Licteurs rapportent à Brutus les
corps de ses fils qu’il a condamnés à
mort.</Unicode>
            </TextEquiv>
        </TextRegion>
        <TextRegion type="paragraph" id="r_1_5" custom="readingOrder {index:4;}">
            <Coords points="278,2285 1238,2285 1238,2339 278,2339"/>
            <TextLine id="tl_29" primaryLanguage="English" custom="readingOrder {index:0;}">
                <Coords points="279,2286 1237,2286 1237,2338 279,2338"/>
                <Baseline points="279,2325 494,2325 560,2325 728,2338 807,2326 872,2326 1094,2338 1172,2325 1237,2325"/>
                <Word id="w_w2aab1b1b2b9b1ab1" language="English" custom="readingOrder {index:0;}">
                    <Coords points="279,2287 494,2287 494,2325 279,2325"/>
                    <TextEquiv>
                        <Unicode>L’attentat</Unicode>
                    </TextEquiv>
                    <TextStyle fontFamily="Times New Roman" fontSize="9.0"/>
                </Word>
                <Word id="w_w2aab1b1b2b9b1ac23" language="English" custom="readingOrder {index:1;}">
                    <Coords points="511,2286 560,2286 560,2325 511,2325"/>
                    <TextEquiv>
                        <Unicode>de</Unicode>
                    </TextEquiv>
                    <TextStyle fontFamily="Times New Roman" fontSize="9.0"/>
                </Word>
                <Word id="w_w2aab1b1b2b9b1ac29" language="English" custom="readingOrder {index:2;}">
                    <Coords points="572,2289 728,2289 728,2338 572,2338"/>
                    <TextEquiv>
                        <Unicode>Sextus,</Unicode>
                    </TextEquiv>
                    <TextStyle fontFamily="Times New Roman" fontSize="9.0"/>
                </Word>
                <Word id="w_w2aab1b1b2b9b1ac45" language="English" custom="readingOrder {index:3;}">
                    <Coords points="744,2287 807,2287 807,2326 744,2326"/>
                    <TextEquiv>
                        <Unicode>fils</Unicode>
                    </TextEquiv>
                    <TextStyle fontFamily="Times New Roman" fontSize="9.0"/>
                </Word>
                <Word id="w_w2aab1b1b2b9b1ac55" language="English" custom="readingOrder {index:4;}">
                    <Coords points="823,2287 872,2287 872,2326 823,2326"/>
                    <TextEquiv>
                        <Unicode>de</Unicode>
                    </TextEquiv>
                    <TextStyle fontFamily="Times New Roman" fontSize="9.0"/>
                </Word>
                <Word id="w_w2aab1b1b2b9b1ac61" language="English" custom="readingOrder {index:5;}">
                    <Coords points="886,2288 1094,2288 1094,2338 886,2338"/>
                    <TextEquiv>
                        <Unicode>Tarquin,</Unicode>
                    </TextEquiv>
                    <TextStyle fontFamily="Times New Roman" fontSize="9.0"/>
                </Word>
                <Word id="w_w2aab1b1b2b9b1ac79" language="English" custom="readingOrder {index:6;}">
                    <Coords points="1112,2289 1172,2289 1172,2326 1112,2326"/>
                    <TextEquiv>
                        <Unicode>roi</Unicode>
                    </TextEquiv>
                    <TextStyle fontFamily="Times New Roman" fontSize="9.0"/>
                </Word>
                <Word id="w_w2aab1b1b2b9b1ac87" language="English" custom="readingOrder {index:7;}">
                    <Coords points="1186,2287 1237,2287 1237,2325 1186,2325"/>
                    <TextEquiv>
                        <Unicode>de</Unicode>
                    </TextEquiv>
                    <TextStyle fontFamily="Times New Roman" fontSize="9.0"/>
                </Word>
                <TextEquiv>
                    <Unicode>L’attentat de Sextus, fils de Tarquin, roi de</Unicode>
                </TextEquiv>
                <TextStyle fontFamily="Times New Roman" fontSize="9.0"/>
            </TextLine>
            <TextEquiv>
                <Unicode>L’attentat de Sextus, fils de Tarquin, roi de</Unicode>
            </TextEquiv>
        </TextRegion>
    </Page>
</PcGts>
