1542 2718
715 209 733 269 (
769 207 829 253 3o
865 207 881 269 )

339 314 582 356 troupeaux.
617 303 731 341 Alors
760 301 950 356 Daphnis
975 302 1173 341 montroit
1199 302 1220 339 à
1244 302 1369 353 jouer

339 371 389 409 de
413 371 450 409 la
478 371 574 409 flûte
595 372 617 409 à
644 369 797 422 Cbloé,
824 381 862 409 et
885 369 1026 424 quand
1046 371 1081 408 la
1109 370 1283 423 bergère
1306 383 1367 408 es-

339 442 470 492 sayoil
487 451 549 479 cet
566 442 832 489 instrument,
848 441 873 476 il
897 440 931 477 le
950 440 1008 478 lui
1025 441 1128 478 ôtoit
1144 439 1215 478 des
1234 440 1369 478 mains

342 523 447 561 pour
457 508 594 547 baiser
611 510 669 547 les
688 509 871 547 endroits
889 509 1038 561 qu’elle
1056 510 1165 548 avoit
1175 507 1368 557 touchés,

339 592 432 616 sous
458 579 637 630 prétexte
664 577 714 616 de
745 579 799 616 lui
821 577 925 617 faire
953 580 1041 617 voir
1065 579 1214 632 qu’elle
1237 578 1367 617 s’étoit

336 648 537 699 trompée.

392 716 522 769 Après
537 715 633 755 bien
650 716 719 755 des
739 726 937 756 traverses
954 717 1043 755 leur
1061 730 1209 754 amour
1227 715 1289 754 fut
1306 716 1367 753 ré¬

339 788 575 838 compensé.
590 787 702 825 Tous
720 787 826 825 deux
841 787 1125 825 retrouvèrent
1140 799 1236 824 avec
1258 785 1371 823 leurs

338 855 514 895 familles
544 872 624 894 une
646 856 801 909 grande
829 855 1019 905 fortune,
1045 867 1084 894 et
1114 856 1204 894 leur
1236 856 1369 894 union

338 928 456 965 suivit
472 926 522 964 de
540 927 633 979 près
652 938 716 966 cet
735 927 917 966 heureux
934 925 1193 965 évènement.

288 1341 516 1378 BARNIER
539 1339 1011 1387 (Etienne-Barthélemi
1023 1341 1055 1392 ),
1077 1342 1128 1379 né
1143 1343 1163 1379 à
1183 1342 1319 1391 Paris,

557 1407 748 1447 Membre
768 1409 818 1447 de
840 1409 1044 1449 l’Institut.

237 1613 311 1659 29.
350 1597 470 1658 Ajax
490 1632 499 1654 ,
531 1595 606 1641 fils
639 1594 849 1656 d’Oïlée,
882 1599 1161 1661 gravissant
1194 1597 1261 1644 les
1294 1616 1373 1645 ro¬

300 1676 470 1734 chers,
516 1690 563 1721 et
601 1675 812 1723 bravant
853 1676 901 1723 la
945 1681 1166 1742 tempête
1207 1691 1254 1725 et
1302 1679 1370 1725 les

303 1756 467 1804 dieux.
503 1760 677 1822 Figure
712 1757 905 1806 d’étude
928 1759 1045 1806 faite
1071 1762 1097 1806 à
1127 1763 1301 1807 Home.
