1584 2733
797 187 815 247 (
851 187 911 233 28
947 185 965 249 )

420 281 472 318 <111
493 282 645 326 désert,
669 295 750 320 une
774 283 887 320 croix
907 281 958 319 de
978 280 1068 320 bois
1089 283 1110 319 à
1132 281 1170 319 la
1194 283 1325 330 main,
1351 291 1389 320 et
1408 296 1450 320 se

424 350 733 400 prosternèrent
749 352 770 388 à
789 364 849 389 ses
869 351 983 403 pieds
1000 366 1105 403 pour
1123 353 1308 390 recevoir
1320 365 1363 390 sa
1379 351 1450 389 bé¬

423 418 648 458 nédiction.
673 420 705 456 11
729 430 895 457 mourut
920 421 941 457 à
969 420 1006 457 la
1025 419 1181 473 grande
1203 419 1450 458 Chartreuse

423 486 457 524 le
478 501 522 538 kj
540 487 692 539 juillet,
713 501 816 525 onze
824 488 943 538 jours
956 501 1076 540 apres
1090 501 1162 525 son
1183 486 1448 543 installation,
1500 488 1502 543 j

314 727 508 767 FORBIN
529 729 589 779 (le
609 739 744 767 comte
763 730 941 782 Auguste
958 730 1054 779 de),
1077 729 1129 767 né
1146 730 1166 766 à
1187 730 1280 776 Aix,
1302 727 1451 780 dépar¬

370 806 524 836 tement
536 797 606 836 des
618 799 632 835 I
632 800 647 835 3
651 798 875 837 ouche.s-du
890 798 1057 847 llllône,
1075 797 1260 836 membre
1272 797 1322 835 de
1340 797 1453 835 l’Ins¬

370 868 481 914 titut,
502 866 710 906 chevalier
729 868 779 905 de
798 868 945 906 l’ordre
974 868 1024 906 de
1051 868 1197 916 Malte,
1220 867 1377 905 officier
1403 866 1457 904 de

369 935 406 971 la
424 935 577 987 Légion
593 936 859 986 d’Honneur,
877 936 1083 975 directeur
1101 936 1268 990 général
1280 935 1350 974 des
1360 934 1455 973 Mu¬

369 1004 453 1041 sées
473 1005 656 1057 Royaux.

319 1145 393 1193 27.
429 1127 717 1195 L’éruption
743 1130 810 1178 du
838 1134 1050 1180 Vésuve.

482 1254 596 1291 Cette
612 1253 804 1305 éruption
820 1284 828 1302 ,
842 1255 915 1306 qui
930 1256 1089 1291 couvrit
1107 1254 1143 1291 la
1160 1253 1253 1291 ville
1269 1253 1318 1292 de
1334 1256 1453 1292 Pom-

428 1323 492 1373 péi
517 1321 568 1358 de
593 1322 766 1361 cendres
797 1334 835 1360 et
862 1322 1061 1374 engloutit
1085 1322 1188 1360 celle
1215 1322 1458 1361 d’Hercula-

426 1405 527 1428 num
547 1390 623 1428 l’an
643 1403 693 1443 79
706 1390 865 1428 déféré
885 1389 1151 1437 chrétienne,
1168 1404 1262 1429 sous
1275 1390 1312 1428 le
1327 1392 1455 1443 régne

428 1461 477 1496 de
504 1461 645 1506 Titus,
680 1459 868 1497 détruisit
894 1461 1000 1496 aussi
1029 1460 1064 1497 la
1094 1459 1185 1497 ville
1218 1459 1268 1497 de
1295 1460 1430 1508 Stabia
1445 1490 1459 1508 7

427 1529 554 1567 située
576 1543 596 1564 a
627 1541 706 1580 peu
733 1527 783 1565 de
806 1527 991 1566 distance
1017 1527 1072 1565 du
1098 1527 1261 1566 volcan.
1300 1529 1405 1566 C’est
1432 1544 1455 1566 a

430 1596 566 1635 Stabia
589 1609 671 1648 que
698 1595 813 1633 Pline
842 1596 877 1633 le
896 1596 1136 1634 naturaliste
1163 1597 1247 1634 vint
1269 1600 1300 1634 si
1328 1596 1454 1634 auda¬

429 1667 681 1702 cieusement
700 1662 858 1702 étudier
876 1678 921 1702 ce
943 1664 1207 1716 phénomène
1223 1664 1325 1702 dont
1349 1665 1374 1702 il
1395 1663 1456 1703 fut

430 1736 617 1784 victime;
641 1734 665 1770 il
688 1743 746 1772 est
765 1733 999 1786 représenté
1018 1732 1194 1781 debout,
1221 1733 1377 1772 dictant
1393 1748 1455 1772 ses

429 1803 713 1843 observations
734 1804 754 1839 à
775 1816 829 1839 un
854 1800 1072 1840 affranchi.
1098 1803 1164 1840 On
1185 1804 1267 1840 voit
1293 1803 1387 1854 près
1405 1798 1456 1851 de

429 1873 487 1911 lui
501 1872 538 1910 la
554 1881 684 1909 statue
700 1872 888 1923 équestre
902 1870 951 1909 de
964 1871 1200 1923 Vespasien.
1220 1870 1456 1923 L’éruption

431 1942 568 1980 duroit
603 1942 750 1993 depuis
783 1941 981 1994 quelques
1015 1940 1185 1990 heures,
1220 1941 1365 1993 quand
1399 1941 1458 1980 les

431 2011 588 2064 prêtres
605 2009 891 2048 descendirent
904 2009 959 2047 du
975 2009 1128 2060 temple
1148 2009 1198 2046 de
1218 2009 1254 2046 la
1275 2010 1457 2048 Victoire

432 2080 641 2129 romaine,
665 2093 769 2130 pour
789 2077 908 2116 offrir
928 2092 981 2114 un
1002 2077 1187 2115 sacrifice
1208 2092 1286 2115 aux
1307 2078 1454 2114 divini¬

434 2148 490 2185 tés
507 2145 743 2184 infernales.
773 2148 828 2183 Le
858 2146 1006 2198 peuple
1026 2159 1067 2183 se
1096 2145 1253 2198 réfugie
1274 2159 1369 2183 sous
1398 2145 1457 2183 les

433 2218 568 2270 parvis
583 2215 635 2253 du
660 2215 835 2266 temple;
854 2215 942 2253 l’air
962 2228 1003 2252 se
1020 2213 1172 2266 charge
1190 2214 1280 2265 déjà
1298 2213 1349 2251 de
1369 2228 1454 2253 ma-
