1578 2721
812 254 828 314 (
868 268 891 297 2
900 254 927 309 4
963 251 981 312 )

435 350 585 399 Rome,
608 360 645 388 et
661 348 697 387 la
718 358 826 386 mort
843 348 1024 387 violente
1042 348 1092 386 de
1112 346 1398 402 Lucrèce,qui
1419 363 1468 388 en

432 419 495 459 fut
515 420 550 459 la
574 421 700 470 suite,
731 419 852 457 firent
879 419 1028 458 éclater
1057 419 1095 457 la
1125 419 1251 458 haine
1277 421 1471 473 générale

434 489 505 527 des
522 489 719 527 Romains
742 500 886 527 contre
906 503 958 525 un
979 499 1306 541 gouvernement
1328 499 1470 542 tyran¬

433 561 574 612 nique.
600 560 655 595 La
676 558 845 610 royauté
865 557 927 596 fut
947 557 1109 608 abolie,
1126 568 1165 597 et
1185 572 1236 596 on
1257 557 1343 596 élut
1360 573 1469 611 pour

433 640 667 680 gouverner
687 627 791 665 l’état
808 626 915 665 deux
937 628 1166 680 magistrats
1191 628 1389 681 auxquels
1411 641 1464 665 on

431 696 569 734 donna
597 696 634 734 le
658 698 749 734 titre
771 695 821 733 de
840 695 1018 734 consuls.
1047 697 1198 735 Brutus
1216 695 1277 735 fut
1297 697 1467 735 nommé

431 766 615 818 premier
627 765 792 813 consul,
806 775 844 803 et
859 775 927 803 eut
943 779 1049 817 pour
1066 765 1255 818 collègue
1266 765 1467 816 Collatin,

428 836 565 887 époux
578 833 627 872 de
639 835 823 873 Lucrèce
836 850 843 871 :
863 836 964 873 mais
977 844 1081 873 cette
1095 833 1348 888 république
1364 837 1468 873 nais¬

428 914 543 942 sante
561 903 622 942 fut
637 904 657 940 à
676 903 712 940 la
732 903 850 941 veille
870 903 996 941 d’ètre
1013 903 1189 941 détruite
1206 902 1277 941 dès
1293 917 1367 942 son
1386 905 1465 943 ori¬

429 974 524 1025 gine
546 986 621 1025 par
641 985 723 1011 une
740 973 1024 1024 conspiration
1043 971 1146 1009 dans
1165 971 1344 1024 laquelle
1359 972 1463 1026 figu-

428 1043 564 1080 roient
585 1042 641 1079 les
662 1041 769 1079 deux
798 1041 861 1079 fils
888 1040 938 1079 de
964 1043 1137 1093 Brutus;
1165 1051 1271 1080 cette
1298 1045 1463 1095 conspi¬

428 1112 560 1148 ration
589 1120 712 1163 ayant
733 1111 794 1148 été
820 1110 1089 1160 découverte,
1111 1112 1279 1159 Brutus,
1302 1111 1403 1164 père
1424 1121 1462 1150 et

423 1181 521 1233 juge
546 1179 616 1218 des
642 1179 875 1230 criminels,
906 1179 1117 1234 préférant
1141 1181 1179 1219 la
1208 1183 1340 1234 patrie
1367 1183 1388 1219 à
1417 1195 1459 1220 sa

424 1249 602 1297 famille,
628 1248 860 1287 condamna
883 1263 945 1288 ses
964 1250 1027 1288 fils
1043 1250 1064 1287 à
1084 1261 1205 1289 mort.
1224 1252 1335 1289 Tous
1351 1250 1459 1290 deux

423 1317 561 1357 furent
579 1319 767 1357 exécutés
785 1332 836 1357 en
856 1333 897 1357 sa
917 1320 1128 1372 présence.

478 1390 676 1427 L’instant
699 1402 780 1442 que
807 1388 843 1427 le
871 1390 1032 1441 peintre
1062 1403 1083 1426 a
1109 1388 1240 1427 choisi
1268 1399 1326 1428 est
1349 1389 1456 1429 celui

425 1460 479 1496 où
501 1459 667 1507 Brutus,
681 1461 819 1496 rentré
838 1457 941 1496 dans
954 1472 1016 1496 ses
1030 1458 1165 1511 foyers
1183 1459 1302 1510 après
1314 1459 1353 1497 le
1367 1474 1459 1513 sup¬

424 1526 532 1579 plice
554 1526 604 1563 de
624 1539 684 1564 ses
704 1525 788 1573 fils,
811 1528 900 1564 s’est
916 1527 1040 1564 retiré
1057 1525 1160 1565 dans
1181 1540 1235 1563 un
1257 1526 1326 1566 des
1342 1530 1456 1568 coins

423 1597 474 1635 de
491 1597 528 1634 la
544 1596 663 1646 salle,
680 1610 731 1634 au
746 1596 841 1649 pied
853 1596 903 1634 de
919 1596 956 1634 la
975 1607 1104 1635 statue
1119 1596 1170 1634 de
1186 1598 1333 1647 Rome,
1348 1613 1455 1651 pour

422 1666 627 1705 chercher
654 1666 690 1703 la
711 1666 969 1704 consolation
997 1666 1099 1705 dont
1123 1680 1197 1704 son
1218 1681 1312 1705 ame
1338 1682 1357 1705 a
1386 1668 1454 1706 be¬

420 1737 524 1774 soin.
547 1735 575 1772 Il
595 1736 696 1773 tient
715 1736 732 1772 à
752 1736 790 1772 la
810 1736 920 1773 main
937 1749 1019 1773 une
1038 1735 1155 1773 lettre
1173 1736 1360 1775 adressée
1377 1751 1452 1790 par

422 1815 483 1840 ses
501 1801 562 1839 fils
580 1817 630 1839 au
649 1804 711 1840 roi
727 1804 928 1856 Tarquin.

474 1870 529 1905 Le
547 1869 709 1920 peintre
723 1869 814 1906 s’est
828 1868 989 1906 attaché
1007 1883 1028 1906 a
1051 1871 1259 1922 exprimer
1272 1870 1374 1908 dans
1390 1885 1450 1909 ses

418 1940 531 1976 traits
547 1947 584 1975 et
599 1951 671 1974 son
691 1938 864 1977 attitude
877 1938 932 1976 les
946 1938 1137 1991 chagrins
1155 1940 1336 1978 cuisants
1352 1940 1448 1978 d’un

418 2009 515 2059 père
549 2008 619 2060 qui
649 2008 758 2045 vient
787 2007 837 2046 de
865 2007 1049 2045 sacrifier
1078 2008 1116 2045 la
1147 2019 1295 2047 nature
1322 2011 1343 2047 à
1372 2024 1447 2049 son

419 2075 571 2114 devoir.

473 2144 547 2181 Sur
566 2144 602 2180 la
631 2144 763 2183 droite
785 2160 836 2183 on
859 2147 940 2184 voit
964 2159 1005 2183 sa
1032 2144 1184 2186 femme
1201 2158 1240 2186 et
1260 2162 1320 2187 ses
1344 2148 1446 2188 filles

416 2211 650 2250 frémissant
675 2212 834 2252 d’effroi
859 2224 897 2251 et
910 2214 1044 2266 jetant
1072 2216 1142 2254 des
1168 2219 1247 2256 cris
1268 2216 1318 2254 de
1343 2216 1445 2256 dou¬

417 2282 507 2320 leur
530 2295 580 2320 en
599 2293 750 2335 voyant
769 2294 905 2322 entrer
925 2283 982 2323 les
1004 2285 1170 2325 licteurs
1186 2288 1256 2340 qui
1272 2300 1446 2340 rappor-
