<?xml version="1.0" encoding="UTF-8" standalone="yes"?>
<PcGts xmlns="http://schema.primaresearch.org/PAGE/gts/pagecontent/2013-07-15" xmlns:xsi="http://www.w3.org/2001/XMLSchema-instance" xsi:schemaLocation="http://schema.primaresearch.org/PAGE/gts/pagecontent/2013-07-15 http://schema.primaresearch.org/PAGE/gts/pagecontent/2013-07-15/pagecontent.xsd">
    <Metadata>
        <Creator>Transkribus</Creator>
        <Created>2020-01-07T13:49:29.96+01:00</Created>
        <LastChange>2020-02-21T10:13:15.825+01:00</LastChange>
        <Comments>
                Measurement unit: pixel
                PrimaryLanguage: English
                Language: FrenchStandard
                Producer: Transkribus
            </Comments>
        <TranskribusMetadata docId="304353" pageId="12089764" pageNr="2" tsid="24102344" status="DONE" userId="10612" imgUrl="https://files.transkribus.eu/Get?id=TVGAJMHDDWXAUPFNMJUSOTXW&amp;fileType=view" xmlUrl="https://files.transkribus.eu/Get?id=GKJIGTSWVRMTXPCGMXASTCHF" imageId="8432856"/>
    </Metadata>
    <Page imageFilename="2009_12_04_bodin-0002.jpg" imageWidth="2480" imageHeight="3188">
        <PrintSpace>
            <Coords points="314,189 2168,189 2168,3006 314,3006"/>
        </PrintSpace>
        <ReadingOrder>
            <OrderedGroup id="ro_1604141536527" caption="Regions reading order">
                <RegionRefIndexed index="0" regionRef="r_10_1"/>
                <RegionRefIndexed index="1" regionRef="r_11_1"/>
                <RegionRefIndexed index="2" regionRef="r_12_1"/>
                <RegionRefIndexed index="3" regionRef="r_12_2"/>
                <RegionRefIndexed index="4" regionRef="r_12_3"/>
                <RegionRefIndexed index="5" regionRef="r_12_4"/>
                <RegionRefIndexed index="6" regionRef="r_14_1"/>
                <RegionRefIndexed index="7" regionRef="r_14_2"/>
                <RegionRefIndexed index="8" regionRef="r_16_1"/>
                <RegionRefIndexed index="9" regionRef="r_17_1"/>
                <RegionRefIndexed index="10" regionRef="r_18_1"/>
                <RegionRefIndexed index="11" regionRef="r_18_2"/>
                <RegionRefIndexed index="12" regionRef="r_18_3"/>
                <RegionRefIndexed index="13" regionRef="r_18_4"/>
                <RegionRefIndexed index="14" regionRef="r_18_5"/>
                <RegionRefIndexed index="15" regionRef="r_18_6"/>
                <RegionRefIndexed index="16" regionRef="r_18_7"/>
                <RegionRefIndexed index="17" regionRef="r_19_1"/>
            </OrderedGroup>
        </ReadingOrder>
        <TextRegion type="paragraph" id="r_10_1" custom="readingOrder {index:0;}">
            <Coords points="2071,1251 2098,1251 2098,1275 2071,1275"/>
            <TextLine id="tl_12" primaryLanguage="English" custom="readingOrder {index:0;}">
                <Coords points="2072,1252 2097,1252 2097,1274 2072,1274"/>
                <Baseline points="2072,1274 2097,1274"/>
                <Word id="w_w2aab1c19b2b1b1ab1" language="English" custom="readingOrder {index:0;}">
                    <Coords points="2072,1252 2097,1252 2097,1274 2072,1274"/>
                    <TextEquiv>
                        <Unicode>4!</Unicode>
                    </TextEquiv>
                    <TextStyle fontFamily="Arial" fontSize="4.5"/>
                </Word>
                <TextEquiv>
                    <Unicode>41</Unicode>
                </TextEquiv>
                <TextStyle fontFamily="Arial" fontSize="4.5"/>
            </TextLine>
            <TextEquiv>
                <Unicode>41</Unicode>
            </TextEquiv>
        </TextRegion>
        <TextRegion type="paragraph" id="r_11_1" custom="readingOrder {index:1;}">
            <Coords points="882,1351 1601,1351 1601,1398 882,1398"/>
            <TextLine id="tl_13" primaryLanguage="English" custom="readingOrder {index:0;}">
                <Coords points="883,1352 1600,1352 1600,1397 883,1397"/>
                <Baseline points="883,1396 1135,1397 1237,1397 1600,1396"/>
                <Word id="w_w2aab1c21b2b1b1ab1" language="English" custom="readingOrder {index:0;}">
                    <Coords points="883,1352 1135,1352 1135,1397 883,1397"/>
                    <TextEquiv>
                        <Unicode>DIVISION</Unicode>
                    </TextEquiv>
                    <TextStyle fontFamily="Arial" fontSize="8.0"/>
                </Word>
                <Word id="w_w2aab1c21b2b1b1ac19" language="English" custom="readingOrder {index:1;}">
                    <Coords points="1159,1353 1237,1353 1237,1397 1159,1397"/>
                    <TextEquiv>
                        <Unicode>DU</Unicode>
                    </TextEquiv>
                    <TextStyle fontFamily="Arial" fontSize="8.0"/>
                </Word>
                <Word id="w_w2aab1c21b2b1b1ac25" language="English" custom="readingOrder {index:2;}">
                    <Coords points="1259,1352 1600,1352 1600,1397 1259,1397"/>
                    <TextEquiv>
                        <Unicode>CATALOGUE</Unicode>
                    </TextEquiv>
                    <TextStyle fontFamily="Arial" fontSize="8.0"/>
                </Word>
                <TextEquiv>
                    <Unicode>DIVISION DU CATALOGUE</Unicode>
                </TextEquiv>
                <TextStyle fontFamily="Arial" fontSize="8.0"/>
            </TextLine>
            <TextEquiv>
                <Unicode>DIVISION DU CATALOGUE</Unicode>
            </TextEquiv>
        </TextRegion>
        <TextRegion type="paragraph" id="r_12_1" custom="readingOrder {index:2;}">
            <Coords points="701,1477 1781,1477 1781,1538 701,1538"/>
            <TextLine id="tl_14" primaryLanguage="English" custom="readingOrder {index:0;}">
                <Coords points="702,1478 1780,1478 1780,1537 702,1537"/>
                <Baseline points="702,1536 873,1536 945,1536 1266,1536 1420,1537 1477,1536 1546,1536 1780,1537"/>
                <Word id="w_w2aab1c23b2b1b1ab1" language="English" custom="readingOrder {index:0;}">
                    <Coords points="702,1493 873,1493 873,1537 702,1537"/>
                    <TextEquiv>
                        <Unicode>LUNDI</Unicode>
                    </TextEquiv>
                    <TextStyle fontFamily="Arial" fontSize="8.0"/>
                </Word>
                <Word id="w_w2aab1c23b2b1b1ac13" language="English" custom="readingOrder {index:1;}">
                    <Coords points="895,1493 945,1493 945,1536 895,1536"/>
                    <TextEquiv>
                        <Unicode>14</Unicode>
                    </TextEquiv>
                    <TextStyle fontFamily="Arial" fontSize="8.0"/>
                </Word>
                <Word id="w_w2aab1c23b2b1b1ac19" language="English" custom="readingOrder {index:2;}">
                    <Coords points="968,1478 1266,1478 1266,1537 968,1537"/>
                    <TextEquiv>
                        <Unicode>DÉCEMBRE</Unicode>
                    </TextEquiv>
                    <TextStyle fontFamily="Arial" fontSize="8.0"/>
                </Word>
                <Word id="w_w2aab1c23b2b1b1ac37" language="English" custom="readingOrder {index:3;}">
                    <Coords points="1285,1492 1420,1492 1420,1537 1285,1537"/>
                    <TextEquiv>
                        <Unicode>2009</Unicode>
                    </TextEquiv>
                    <TextStyle fontFamily="Arial" fontSize="8.0"/>
                </Word>
                <Word id="w_w2aab1c23b2b1b1ac47" language="English" custom="readingOrder {index:4;}">
                    <Coords points="1440,1479 1477,1479 1477,1536 1440,1536"/>
                    <TextEquiv>
                        <Unicode>À</Unicode>
                    </TextEquiv>
                    <TextStyle fontFamily="Arial" fontSize="8.0"/>
                </Word>
                <Word id="w_w2aab1c23b2b1b1ac51" language="English" custom="readingOrder {index:5;}">
                    <Coords points="1496,1493 1546,1493 1546,1536 1496,1536"/>
                    <TextEquiv>
                        <Unicode>14</Unicode>
                    </TextEquiv>
                    <TextStyle fontFamily="Arial" fontSize="8.0"/>
                </Word>
                <Word id="w_w2aab1c23b2b1b1ac57" language="English" custom="readingOrder {index:6;}">
                    <Coords points="1569,1492 1780,1492 1780,1537 1569,1537"/>
                    <TextEquiv>
                        <Unicode>HEURES</Unicode>
                    </TextEquiv>
                    <TextStyle fontFamily="Arial" fontSize="8.0"/>
                </Word>
                <TextEquiv>
                    <Unicode>LUNDI 14 DÉCEMBRE 2009 À 14 HEURES</Unicode>
                </TextEquiv>
                <TextStyle fontFamily="Arial" fontSize="8.0"/>
            </TextLine>
            <TextEquiv>
                <Unicode>LUNDI 14 DÉCEMBRE 2009 À 14 HEURES</Unicode>
            </TextEquiv>
        </TextRegion>
        <TextRegion type="paragraph" id="r_12_2" custom="readingOrder {index:3;}">
            <Coords points="322,1571 2138,1569 2138,1623 322,1625"/>
            <TextLine id="tl_15" primaryLanguage="English" custom="readingOrder {index:0;}">
                <Coords points="323,1572 2137,1570 2137,1622 323,1624"/>
                <Baseline points="323,1616 603,1624 828,1616 890,1616 1105,1616 1792,1617 1816,1594 1948,1616 2136,1617"/>
                <Word id="w_w2aab1c23b2b3b1ab1" language="English" custom="readingOrder {index:0;}">
                    <Coords points="323,1573 603,1573 603,1624 323,1624"/>
                    <TextEquiv>
                        <Unicode>Beaux-Arts,</Unicode>
                    </TextEquiv>
                    <TextStyle fontFamily="Arial" fontSize="7.0"/>
                </Word>
                <Word id="w_w2aab1c23b2b3b1ac25" language="English" custom="readingOrder {index:1;}">
                    <Coords points="625,1573 828,1573 828,1622 625,1622"/>
                    <TextEquiv>
                        <Unicode>Musique</Unicode>
                    </TextEquiv>
                    <TextStyle fontFamily="Arial" fontSize="7.0"/>
                </Word>
                <Word id="w_w2aab1c23b2b3b1ac41" language="English" custom="readingOrder {index:2;}">
                    <Coords points="847,1586 890,1586 890,1616 847,1616"/>
                    <TextEquiv>
                        <Unicode>et</Unicode>
                    </TextEquiv>
                    <TextStyle fontFamily="Arial" fontSize="7.0"/>
                </Word>
                <Word id="w_w2aab1c23b2b3b1ac47" language="English" custom="readingOrder {index:3;}">
                    <Coords points="907,1572 1126,1572 1126,1617 907,1617"/>
                    <TextEquiv>
                        <Unicode>Spectacle</Unicode>
                    </TextEquiv>
                    <TextStyle fontFamily="Arial" fontSize="7.0"/>
                </Word>
                <Word id="w_w2aab1c23b2b3b1b1b1" language="English" custom="readingOrder {index:4;}">
                    <Coords points="1754,1573 1792,1573 1792,1617 1754,1617"/>
                    <TextEquiv>
                        <Unicode>N</Unicode>
                    </TextEquiv>
                    <TextStyle fontFamily="Arial" fontSize="8.0"/>
                </Word>
                <Word id="w_w2aab1c23b2b3b1b2b1" language="English" custom="readingOrder {index:5;}">
                    <Coords points="1797,1575 1831,1575 1831,1594 1797,1594"/>
                    <TextEquiv>
                        <Unicode>os</Unicode>
                    </TextEquiv>
                    <TextStyle fontFamily="Arial" fontSize="8.0" superscript="true"/>
                </Word>
                <Word id="w_w2aab1c23b2b3b1b4b1" language="English" custom="readingOrder {index:6;}">
                    <Coords points="1934,1573 1948,1573 1948,1616 1934,1616"/>
                    <TextEquiv>
                        <Unicode>1</Unicode>
                    </TextEquiv>
                    <TextStyle fontFamily="Arial" fontSize="7.0"/>
                </Word>
                <Word id="word_1582276176793_625" custom="readingOrder {index:7;}">
                    <Coords points="1988,1571 2015,1571 2015,1619 1988,1619"/>
                    <TextEquiv>
                        <Unicode></Unicode>
                    </TextEquiv>
                </Word>
                <Word id="word_1582276181899_628" custom="readingOrder {index:8;}">
                    <Coords points="2048,1571 2135,1571 2135,1617 2048,1617"/>
                    <TextEquiv>
                        <Unicode></Unicode>
                    </TextEquiv>
                </Word>
                <TextEquiv>
                    <Unicode>BEAUX-ARTS, MUSIQUE ET SPECTACLE Nos 1</Unicode>
                </TextEquiv>
            </TextLine>
            <TextEquiv>
                <Unicode>BEAUX-ARTS, MUSIQUE ET SPECTACLE Nos 1</Unicode>
            </TextEquiv>
        </TextRegion>
        <TextRegion type="paragraph" id="r_12_3" custom="readingOrder {index:4;}">
            <Coords points="322,1651 2160,1651 2160,1698 322,1698"/>
            <TextLine id="tl_16" primaryLanguage="English" custom="readingOrder {index:0;}">
                <Coords points="323,1652 2158,1651 2158,1696 323,1697"/>
                <Baseline points="323,1696 562,1696 1793,1697 1817,1674 1955,1696 2158,1693"/>
                <Word id="w_w2aab1c23b2b5b1ab1" language="English" custom="readingOrder {index:0;}">
                    <Coords points="323,1653 583,1653 583,1697 323,1697"/>
                    <TextEquiv>
                        <Unicode>Littérature</Unicode>
                    </TextEquiv>
                    <TextStyle fontFamily="Arial" fontSize="7.0"/>
                </Word>
                <Word id="w_w2aab1c23b2b5b1b1b1" language="English" custom="readingOrder {index:1;}">
                    <Coords points="1755,1653 1793,1653 1793,1697 1755,1697"/>
                    <TextEquiv>
                        <Unicode>N</Unicode>
                    </TextEquiv>
                    <TextStyle fontFamily="Arial" fontSize="8.0"/>
                </Word>
                <Word id="w_w2aab1c23b2b5b1b2b1" language="English" custom="readingOrder {index:2;}">
                    <Coords points="1799,1656 1832,1656 1832,1674 1799,1674"/>
                    <TextEquiv>
                        <Unicode>os</Unicode>
                    </TextEquiv>
                    <TextStyle fontFamily="Arial" fontSize="8.0" superscript="true"/>
                </Word>
                <Word id="w_w2aab1c23b2b5b1b4b1" language="English" custom="readingOrder {index:3;}">
                    <Coords points="1868,1652 1955,1652 1955,1697 1868,1697"/>
                    <TextEquiv>
                        <Unicode>104</Unicode>
                    </TextEquiv>
                    <TextStyle fontFamily="Arial" fontSize="7.0"/>
                </Word>
                <Word id="word_1582276162369_618" custom="readingOrder {index:4;}">
                    <Coords points="1989,1651 2021,1651 2021,1696 1989,1696"/>
                    <TextEquiv>
                        <Unicode></Unicode>
                    </TextEquiv>
                </Word>
                <Word id="word_1582276167889_621" custom="readingOrder {index:5;}">
                    <Coords points="2051,1651 2159,1651 2159,1695 2051,1695"/>
                    <TextEquiv>
                        <Unicode></Unicode>
                    </TextEquiv>
                </Word>
                <TextEquiv>
                    <Unicode>LITTÉRATURE Nos 104</Unicode>
                </TextEquiv>
            </TextLine>
            <TextEquiv>
                <Unicode>LITTÉRATURE Nos 104</Unicode>
            </TextEquiv>
        </TextRegion>
        <TextRegion type="paragraph" id="r_12_4" custom="readingOrder {index:5;}">
            <Coords points="320,1731 2144,1731 2144,1785 320,1785"/>
            <TextLine id="tl_17" primaryLanguage="English" custom="readingOrder {index:0;}">
                <Coords points="321,1732 2144,1731 2144,1783 321,1784"/>
                <Baseline points="321,1777 528,1784 813,1776 875,1776 1065,1776 1789,1777 1814,1754 1948,1776 2142,1777"/>
                <Word id="w_w2aab1c23b2b7b1ab1" language="English" custom="readingOrder {index:0;}">
                    <Coords points="321,1732 528,1732 528,1784 321,1784"/>
                    <TextEquiv>
                        <Unicode>Sciences,</Unicode>
                    </TextEquiv>
                    <TextStyle fontFamily="Arial" fontSize="7.0"/>
                </Word>
                <Word id="w_w2aab1c23b2b7b1ac21" language="English" custom="readingOrder {index:1;}">
                    <Coords points="546,1733 813,1733 813,1782 546,1782"/>
                    <TextEquiv>
                        <Unicode>Techniques</Unicode>
                    </TextEquiv>
                    <TextStyle fontFamily="Arial" fontSize="7.0"/>
                </Word>
                <Word id="w_w2aab1c23b2b7b1ac43" language="English" custom="readingOrder {index:2;}">
                    <Coords points="833,1746 875,1746 875,1776 833,1776"/>
                    <TextEquiv>
                        <Unicode>et</Unicode>
                    </TextEquiv>
                    <TextStyle fontFamily="Arial" fontSize="7.0"/>
                </Word>
                <Word id="w_w2aab1c23b2b7b1ac49" language="English" custom="readingOrder {index:3;}">
                    <Coords points="892,1733 1087,1733 1087,1777 892,1777"/>
                    <TextEquiv>
                        <Unicode>Voyages</Unicode>
                    </TextEquiv>
                    <TextStyle fontFamily="Arial" fontSize="7.0"/>
                </Word>
                <Word id="w_w2aab1c23b2b7b1b1b1" language="English" custom="readingOrder {index:4;}">
                    <Coords points="1751,1733 1789,1733 1789,1777 1751,1777"/>
                    <TextEquiv>
                        <Unicode>N</Unicode>
                    </TextEquiv>
                    <TextStyle fontFamily="Arial" fontSize="8.0"/>
                </Word>
                <Word id="w_w2aab1c23b2b7b1b2b1" language="English" custom="readingOrder {index:5;}">
                    <Coords points="1795,1736 1828,1736 1828,1754 1795,1754"/>
                    <TextEquiv>
                        <Unicode>os</Unicode>
                    </TextEquiv>
                    <TextStyle fontFamily="Arial" fontSize="8.0" superscript="true"/>
                </Word>
                <Word id="w_w2aab1c23b2b7b1b4b1" language="English" custom="readingOrder {index:6;}">
                    <Coords points="1865,1732 1948,1732 1948,1777 1865,1777"/>
                    <TextEquiv>
                        <Unicode>201</Unicode>
                    </TextEquiv>
                    <TextStyle fontFamily="Arial" fontSize="7.0"/>
                </Word>
                <Word id="word_1582276148591_611" custom="readingOrder {index:7;}">
                    <Coords points="1985,1730 2016,1730 2016,1777 1985,1777"/>
                    <TextEquiv>
                        <Unicode></Unicode>
                    </TextEquiv>
                </Word>
                <Word id="word_1582276152546_614" custom="readingOrder {index:8;}">
                    <Coords points="2048,1729 2143,1729 2143,1779 2048,1779"/>
                    <TextEquiv>
                        <Unicode></Unicode>
                    </TextEquiv>
                </Word>
                <TextEquiv>
                    <Unicode>SCIENCES, TECHNIQUES ET VOYAGES Nos 201</Unicode>
                </TextEquiv>
            </TextLine>
            <TextEquiv>
                <Unicode>SCIENCES, TECHNIQUES ET VOYAGES Nos 201</Unicode>
            </TextEquiv>
        </TextRegion>
        <TextRegion type="paragraph" id="r_14_1" custom="readingOrder {index:6;}">
            <Coords points="876,1845 1606,1845 1606,1985 876,1985"/>
            <TextLine id="tl_21" primaryLanguage="English" custom="readingOrder {index:0;}">
                <Coords points="877,1846 1605,1846 1605,1904 877,1904"/>
                <Baseline points="877,1903 1061,1903 1131,1904 1451,1903 1605,1904"/>
                <Word id="w_w2aab1c27b2b1b1ab1" language="English" custom="readingOrder {index:0;}">
                    <Coords points="877,1860 1061,1860 1061,1903 877,1903"/>
                    <TextEquiv>
                        <Unicode>MARDI</Unicode>
                    </TextEquiv>
                    <TextStyle fontFamily="Arial" fontSize="8.0"/>
                </Word>
                <Word id="w_w2aab1c27b2b1b1ac13" language="English" custom="readingOrder {index:1;}">
                    <Coords points="1083,1860 1131,1860 1131,1904 1083,1904"/>
                    <TextEquiv>
                        <Unicode>15</Unicode>
                    </TextEquiv>
                    <TextStyle fontFamily="Arial" fontSize="8.0"/>
                </Word>
                <Word id="w_w2aab1c27b2b1b1ac19" language="English" custom="readingOrder {index:2;}">
                    <Coords points="1154,1846 1451,1846 1451,1904 1154,1904"/>
                    <TextEquiv>
                        <Unicode>DÉCEMBRE</Unicode>
                    </TextEquiv>
                    <TextStyle fontFamily="Arial" fontSize="8.0"/>
                </Word>
                <Word id="w_w2aab1c27b2b1b1ac37" language="English" custom="readingOrder {index:3;}">
                    <Coords points="1470,1860 1605,1860 1605,1904 1470,1904"/>
                    <TextEquiv>
                        <Unicode>2009</Unicode>
                    </TextEquiv>
                    <TextStyle fontFamily="Arial" fontSize="8.0"/>
                </Word>
                <TextEquiv>
                    <Unicode>MARDI 15 DÉCEMBRE 2009</Unicode>
                </TextEquiv>
                <TextStyle fontFamily="Arial" fontSize="8.0"/>
            </TextLine>
            <TextLine id="tl_22" primaryLanguage="English" custom="readingOrder {index:1;}">
                <Coords points="1083,1926 1412,1926 1412,1984 1083,1984"/>
                <Baseline points="1083,1983 1176,1983 1412,1984"/>
                <Word id="w_w2aab1c27b2b1b3ab1" language="English" custom="readingOrder {index:0;}">
                    <Coords points="1083,1926 1176,1926 1176,1983 1083,1983"/>
                    <TextEquiv>
                        <Unicode>À11</Unicode>
                    </TextEquiv>
                    <TextStyle fontFamily="Arial" fontSize="8.0"/>
                </Word>
                <Word id="w_w2aab1c27b2b1b3ab9" language="English" custom="readingOrder {index:1;}">
                    <Coords points="1201,1940 1412,1940 1412,1984 1201,1984"/>
                    <TextEquiv>
                        <Unicode>HEURES</Unicode>
                    </TextEquiv>
                    <TextStyle fontFamily="Arial" fontSize="8.0"/>
                </Word>
                <TextEquiv>
                    <Unicode>À11 HEURES</Unicode>
                </TextEquiv>
                <TextStyle fontFamily="Arial" fontSize="8.0"/>
            </TextLine>
            <TextEquiv>
                <Unicode>MARDI 15 DÉCEMBRE 2009
À11 HEURES</Unicode>
            </TextEquiv>
        </TextRegion>
        <TextRegion type="paragraph" id="r_14_2" custom="readingOrder {index:7;}">
            <Coords points="322,2019 2147,2019 2147,2065 322,2065"/>
            <TextLine id="tl_23" primaryLanguage="English" custom="readingOrder {index:0;}">
                <Coords points="323,2020 2146,2020 2146,2064 323,2064"/>
                <Baseline points="323,2063 665,2064 1790,2064 1814,2041 1922,2063 1990,2064 2146,2064"/>
                <Word id="w_w2aab1c27b2b3b1ab1" language="English" custom="readingOrder {index:0;}">
                    <Coords points="323,2020 696,2020 696,2064 323,2064"/>
                    <TextEquiv>
                        <Unicode>Documentation</Unicode>
                    </TextEquiv>
                    <TextStyle fontFamily="Arial" fontSize="6.5"/>
                </Word>
                <Word id="w_w2aab1c27b2b3b1b1b1" language="English" custom="readingOrder {index:1;}">
                    <Coords points="1752,2020 1790,2020 1790,2064 1752,2064"/>
                    <TextEquiv>
                        <Unicode>N</Unicode>
                    </TextEquiv>
                    <TextStyle fontFamily="Arial" fontSize="8.0"/>
                </Word>
                <Word id="w_w2aab1c27b2b3b1b2b1" language="English" custom="readingOrder {index:2;}">
                    <Coords points="1796,2023 1829,2023 1829,2041 1796,2041"/>
                    <TextEquiv>
                        <Unicode>os</Unicode>
                    </TextEquiv>
                    <TextStyle fontFamily="Arial" fontSize="8.0" superscript="true"/>
                </Word>
                <Word id="w_w2aab1c27b2b3b1b3b3" language="English" custom="readingOrder {index:3;}">
                    <Coords points="1868,2020 1922,2020 1922,2063 1868,2063"/>
                    <TextEquiv>
                        <Unicode>DI</Unicode>
                    </TextEquiv>
                    <TextStyle fontFamily="Arial" fontSize="8.0"/>
                </Word>
                <Word id="w_w2aab1c27b2b3b1b3b9" language="English" custom="readingOrder {index:4;}">
                    <Coords points="1964,2020 1990,2020 1990,2064 1964,2064"/>
                    <TextEquiv>
                        <Unicode>à</Unicode>
                    </TextEquiv>
                    <TextStyle fontFamily="Arial" fontSize="8.0"/>
                </Word>
                <Word id="w_w2aab1c27b2b3b1b3c13" language="English" custom="readingOrder {index:5;}">
                    <Coords points="2030,2020 2146,2020 2146,2064 2030,2064"/>
                    <TextEquiv>
                        <Unicode>DI35</Unicode>
                    </TextEquiv>
                    <TextStyle fontFamily="Arial" fontSize="8.0"/>
                </Word>
                <TextEquiv>
                    <Unicode>DOCUMENTATION Nos D1 à D135</Unicode>
                </TextEquiv>
            </TextLine>
            <TextEquiv>
                <Unicode>DOCUMENTATION Nos D1 à D135</Unicode>
            </TextEquiv>
        </TextRegion>
        <TextRegion type="paragraph" id="r_16_1" custom="readingOrder {index:8;}">
            <Coords points="1069,2132 1411,2132 1411,2192 1069,2192"/>
            <TextLine id="tl_25" primaryLanguage="English" custom="readingOrder {index:0;}">
                <Coords points="1070,2133 1410,2133 1410,2191 1070,2191"/>
                <Baseline points="1070,2190 1107,2190 1176,2190 1410,2191"/>
                <Word id="w_w2aab1c31b2b1b1ab1" language="English" custom="readingOrder {index:0;}">
                    <Coords points="1070,2133 1107,2133 1107,2190 1070,2190"/>
                    <TextEquiv>
                        <Unicode>À</Unicode>
                    </TextEquiv>
                    <TextStyle fontFamily="Arial" fontSize="8.0"/>
                </Word>
                <Word id="w_w2aab1c31b2b1b1ab5" language="English" custom="readingOrder {index:1;}">
                    <Coords points="1126,2147 1176,2147 1176,2190 1126,2190"/>
                    <TextEquiv>
                        <Unicode>14</Unicode>
                    </TextEquiv>
                    <TextStyle fontFamily="Arial" fontSize="8.0"/>
                </Word>
                <Word id="w_w2aab1c31b2b1b1ac11" language="English" custom="readingOrder {index:2;}">
                    <Coords points="1199,2147 1410,2147 1410,2191 1199,2191"/>
                    <TextEquiv>
                        <Unicode>HEURES</Unicode>
                    </TextEquiv>
                    <TextStyle fontFamily="Arial" fontSize="8.0"/>
                </Word>
                <TextEquiv>
                    <Unicode>À 14 HEURES</Unicode>
                </TextEquiv>
                <TextStyle fontFamily="Arial" fontSize="8.0"/>
            </TextLine>
            <TextEquiv>
                <Unicode>À 14 HEURES</Unicode>
            </TextEquiv>
        </TextRegion>
        <TextRegion type="paragraph" id="r_17_1" custom="readingOrder {index:9;}">
            <Coords points="320,2226 2144,2226 2144,2272 320,2272"/>
            <TextLine id="tl_26" primaryLanguage="English" custom="readingOrder {index:0;}">
                <Coords points="322,2227 2143,2227 2143,2271 322,2271"/>
                <Baseline points="1751,2271 1790,2271 1814,2249 1958,2270 2023,2271 2143,2271"/>
                <Word id="w_w2aab1c33b2b1b1ab1" language="English" custom="readingOrder {index:0;}">
                    <Coords points="1751,2228 1790,2228 1790,2271 1751,2271"/>
                    <TextEquiv>
                        <Unicode>N</Unicode>
                    </TextEquiv>
                    <TextStyle fontFamily="Arial" fontSize="8.0"/>
                </Word>
                <Word id="w_w2aab1c33b2b1b1b1b1" language="English" custom="readingOrder {index:1;}">
                    <Coords points="1795,2230 1828,2230 1828,2249 1795,2249"/>
                    <TextEquiv>
                        <Unicode>os</Unicode>
                    </TextEquiv>
                    <TextStyle fontFamily="Arial" fontSize="8.0" superscript="true"/>
                </Word>
                <Word id="w_w2aab1c33b2b1b1b2b3" language="English" custom="readingOrder {index:2;}">
                    <Coords points="1865,2227 1958,2227 1958,2270 1865,2270"/>
                    <TextEquiv>
                        <Unicode>244</Unicode>
                    </TextEquiv>
                    <TextStyle fontFamily="Arial" fontSize="8.0"/>
                </Word>
                <Word id="w_w2aab1c33b2b1b1b2c11" language="English" custom="readingOrder {index:3;}">
                    <Coords points="1997,2227 2023,2227 2023,2271 1997,2271"/>
                    <TextEquiv>
                        <Unicode>à</Unicode>
                    </TextEquiv>
                    <TextStyle fontFamily="Arial" fontSize="8.0"/>
                </Word>
                <Word id="w_w2aab1c33b2b1b1b2c15" language="English" custom="readingOrder {index:4;}">
                    <Coords points="2062,2227 2143,2227 2143,2271 2062,2271"/>
                    <TextEquiv>
                        <Unicode>573</Unicode>
                    </TextEquiv>
                    <TextStyle fontFamily="Arial" fontSize="8.0"/>
                </Word>
                <TextEquiv>
                    <Unicode>HISTOIRE Nos 244 à 573</Unicode>
                </TextEquiv>
            </TextLine>
            <TextEquiv>
                <Unicode>HISTOIRE Nos 244 à 573</Unicode>
            </TextEquiv>
        </TextRegion>
        <TextRegion type="paragraph" id="r_18_1" custom="readingOrder {index:10;}">
            <Coords points="522,2390 1960,2390 1960,2437 522,2437"/>
            <TextLine id="tl_27" primaryLanguage="English" custom="readingOrder {index:0;}">
                <Coords points="523,2391 1959,2391 1959,2436 523,2436"/>
                <Baseline points="523,2425 581,2426 761,2426 951,2426 1043,2425 1078,2425 1351,2426 1411,2426 1456,2426 1664,2425 1725,2426 1921,2425 1959,2426"/>
                <Word id="w_w2aab1c35b2b1b1ab1" language="English" custom="readingOrder {index:0;}">
                    <Coords points="523,2395 581,2395 581,2426 523,2426"/>
                    <TextEquiv>
                        <Unicode>Les</Unicode>
                    </TextEquiv>
                    <TextStyle fontFamily="Arial" fontSize="6.5"/>
                </Word>
                <Word id="w_w2aab1c35b2b1b1ab9" language="English" custom="readingOrder {index:1;}">
                    <Coords points="596,2394 761,2394 761,2426 596,2426"/>
                    <TextEquiv>
                        <Unicode>numéros</Unicode>
                    </TextEquiv>
                    <TextStyle fontFamily="Arial" fontSize="6.5"/>
                </Word>
                <Word id="w_w2aab1c35b2b1b1ac25" language="English" custom="readingOrder {index:2;}">
                    <Coords points="777,2391 951,2391 951,2436 777,2436"/>
                    <TextEquiv>
                        <Unicode>précédés</Unicode>
                    </TextEquiv>
                    <TextStyle fontFamily="Arial" fontSize="6.5"/>
                </Word>
                <Word id="w_w2aab1c35b2b1b1ac43" language="English" custom="readingOrder {index:3;}">
                    <Coords points="965,2391 1043,2391 1043,2426 965,2426"/>
                    <TextEquiv>
                        <Unicode>d’un</Unicode>
                    </TextEquiv>
                    <TextStyle fontFamily="Arial" fontSize="6.5"/>
                </Word>
                <Word id="w_w2aab1c35b2b1b1ac53" language="English" custom="readingOrder {index:4;}">
                    <Coords points="1060,2395 1078,2395 1078,2425 1060,2425"/>
                    <TextEquiv>
                        <Unicode>P</Unicode>
                    </TextEquiv>
                    <TextStyle fontFamily="Arial" fontSize="6.5"/>
                </Word>
                <Word id="w_w2aab1c35b2b1b1ac57" language="English" custom="readingOrder {index:5;}">
                    <Coords points="1093,2394 1351,2394 1351,2436 1093,2436"/>
                    <TextEquiv>
                        <Unicode>proviennnent</Unicode>
                    </TextEquiv>
                    <TextStyle fontFamily="Arial" fontSize="6.5"/>
                </Word>
                <Word id="w_w2aab1c35b2b1b1ac83" language="English" custom="readingOrder {index:6;}">
                    <Coords points="1364,2391 1411,2391 1411,2426 1364,2426"/>
                    <TextEquiv>
                        <Unicode>de</Unicode>
                    </TextEquiv>
                    <TextStyle fontFamily="Arial" fontSize="6.5"/>
                </Word>
                <Word id="w_w2aab1c35b2b1b1ac89" language="English" custom="readingOrder {index:7;}">
                    <Coords points="1427,2391 1456,2391 1456,2426 1427,2426"/>
                    <TextEquiv>
                        <Unicode>la</Unicode>
                    </TextEquiv>
                    <TextStyle fontFamily="Arial" fontSize="6.5"/>
                </Word>
                <Word id="w_w2aab1c35b2b1b1ac95" language="English" custom="readingOrder {index:8;}">
                    <Coords points="1470,2391 1664,2391 1664,2426 1470,2426"/>
                    <TextEquiv>
                        <Unicode>collection</Unicode>
                    </TextEquiv>
                    <TextStyle fontFamily="Arial" fontSize="6.5"/>
                </Word>
                <Word id="w_w2aab1c35b2b1b1ad117" language="English" custom="readingOrder {index:9;}">
                    <Coords points="1679,2391 1725,2391 1725,2426 1679,2426"/>
                    <TextEquiv>
                        <Unicode>de</Unicode>
                    </TextEquiv>
                    <TextStyle fontFamily="Arial" fontSize="6.5"/>
                </Word>
                <Word id="w_w2aab1c35b2b1b1ad123" language="English" custom="readingOrder {index:10;}">
                    <Coords points="1741,2394 1921,2394 1921,2426 1741,2426"/>
                    <TextEquiv>
                        <Unicode>Monsieur</Unicode>
                    </TextEquiv>
                    <TextStyle fontFamily="Arial" fontSize="6.5"/>
                </Word>
                <Word id="w_w2aab1c35b2b1b1ad141" language="English" custom="readingOrder {index:11;}">
                    <Coords points="1936,2395 1959,2395 1959,2426 1936,2426"/>
                    <TextEquiv>
                        <Unicode>P.</Unicode>
                    </TextEquiv>
                    <TextStyle fontFamily="Arial" fontSize="6.5"/>
                </Word>
                <TextEquiv>
                    <Unicode>Les numéros précédés d’un P proviennnent de la collection de Monsieur P.</Unicode>
                </TextEquiv>
                <TextStyle fontFamily="Arial" fontSize="6.5"/>
            </TextLine>
            <TextEquiv>
                <Unicode>Les numéros précédés d’un P proviennnent de la collection de Monsieur P.</Unicode>
            </TextEquiv>
        </TextRegion>
        <TextRegion type="paragraph" id="r_18_2" custom="readingOrder {index:11;}">
            <Coords points="1078,2488 1401,2488 1401,2532 1078,2532"/>
            <TextLine id="tl_28" primaryLanguage="English" custom="readingOrder {index:0;}">
                <Coords points="1079,2489 1400,2489 1400,2531 1079,2531"/>
                <Baseline points="1079,2531 1376,2531 1400,2531"/>
                <Word id="w_w2aab1c35b2b3b1ab1" language="English" custom="readingOrder {index:0;}">
                    <Coords points="1079,2489 1376,2489 1376,2531 1079,2531"/>
                    <TextEquiv>
                        <Unicode>Abréviations</Unicode>
                    </TextEquiv>
                    <TextStyle fontFamily="Arial" fontSize="8.5"/>
                </Word>
                <Word id="w_w2aab1c35b2b3b1ac27" language="English" custom="readingOrder {index:1;}">
                    <Coords points="1393,2504 1400,2504 1400,2531 1393,2531"/>
                    <TextEquiv>
                        <Unicode>:</Unicode>
                    </TextEquiv>
                    <TextStyle fontFamily="Arial" fontSize="8.5"/>
                </Word>
                <TextEquiv>
                    <Unicode>Abréviations :</Unicode>
                </TextEquiv>
                <TextStyle fontFamily="Arial" fontSize="8.5"/>
            </TextLine>
            <TextEquiv>
                <Unicode>Abréviations :</Unicode>
            </TextEquiv>
        </TextRegion>
        <TextRegion type="paragraph" id="r_18_3" custom="readingOrder {index:12;}">
            <Coords points="1119,2552 1362,2552 1362,2582 1119,2582"/>
            <TextLine id="tl_29" primaryLanguage="English" custom="readingOrder {index:0;}">
                <Coords points="1120,2553 1361,2553 1361,2581 1120,2581"/>
                <Baseline points="1120,2581 1209,2581 1262,2581 1361,2581"/>
                <Word id="w_w2aab1c35b2b5b1ab1" language="English" custom="readingOrder {index:0;}">
                    <Coords points="1120,2553 1209,2553 1209,2581 1120,2581"/>
                    <TextEquiv>
                        <Unicode>L.A.S.</Unicode>
                    </TextEquiv>
                    <TextStyle fontFamily="Arial" fontSize="5.5"/>
                </Word>
                <Word id="w_w2aab1c35b2b5b1ac15" language="English" custom="readingOrder {index:1;}">
                    <Coords points="1222,2561 1262,2561 1262,2581 1222,2581"/>
                    <TextEquiv>
                        <Unicode>ou</Unicode>
                    </TextEquiv>
                    <TextStyle fontFamily="Arial" fontSize="5.5"/>
                </Word>
                <Word id="w_w2aab1c35b2b5b1ac21" language="English" custom="readingOrder {index:2;}">
                    <Coords points="1276,2553 1361,2553 1361,2581 1276,2581"/>
                    <TextEquiv>
                        <Unicode>P.A.S.</Unicode>
                    </TextEquiv>
                    <TextStyle fontFamily="Arial" fontSize="5.5"/>
                </Word>
                <TextEquiv>
                    <Unicode>L.A.S. ou P.A.S.</Unicode>
                </TextEquiv>
                <TextStyle fontFamily="Arial" fontSize="5.5"/>
            </TextLine>
            <TextEquiv>
                <Unicode>L.A.S. ou P.A.S.</Unicode>
            </TextEquiv>
        </TextRegion>
        <TextRegion type="paragraph" id="r_18_4" custom="readingOrder {index:13;}">
            <Coords points="957,2600 1525,2600 1525,2683 957,2683"/>
            <TextLine id="tl_30" primaryLanguage="English" custom="readingOrder {index:0;}">
                <Coords points="958,2601 1524,2601 1524,2641 958,2641"/>
                <Baseline points="958,2631 1049,2631 1102,2631 1204,2631 1407,2631 1524,2631"/>
                <Word id="w_w2aab1c35b2b7b1ab1" language="English" custom="readingOrder {index:0;}">
                    <Coords points="958,2601 1049,2601 1049,2631 958,2631"/>
                    <TextEquiv>
                        <Unicode>lettre</Unicode>
                    </TextEquiv>
                    <TextStyle fontFamily="Arial" fontSize="5.5"/>
                </Word>
                <Word id="w_w2aab1c35b2b7b1ac15" language="English" custom="readingOrder {index:1;}">
                    <Coords points="1062,2611 1102,2611 1102,2631 1062,2631"/>
                    <TextEquiv>
                        <Unicode>ou</Unicode>
                    </TextEquiv>
                    <TextStyle fontFamily="Arial" fontSize="5.5"/>
                </Word>
                <Word id="w_w2aab1c35b2b7b1ac21" language="English" custom="readingOrder {index:2;}">
                    <Coords points="1116,2603 1204,2603 1204,2641 1116,2641"/>
                    <TextEquiv>
                        <Unicode>pièce</Unicode>
                    </TextEquiv>
                    <TextStyle fontFamily="Arial" fontSize="5.5"/>
                </Word>
                <Word id="w_w2aab1c35b2b7b1ac33" language="English" custom="readingOrder {index:3;}">
                    <Coords points="1217,2601 1407,2601 1407,2641 1217,2641"/>
                    <TextEquiv>
                        <Unicode>autographe</Unicode>
                    </TextEquiv>
                    <TextStyle fontFamily="Arial" fontSize="5.5"/>
                </Word>
                <Word id="w_w2aab1c35b2b7b1ac55" language="English" custom="readingOrder {index:4;}">
                    <Coords points="1420,2604 1524,2604 1524,2640 1420,2640"/>
                    <TextEquiv>
                        <Unicode>signée</Unicode>
                    </TextEquiv>
                    <TextStyle fontFamily="Arial" fontSize="5.5"/>
                </Word>
                <TextEquiv>
                    <Unicode>lettre ou pièce autographe signée</Unicode>
                </TextEquiv>
                <TextStyle fontFamily="Arial" fontSize="5.5"/>
            </TextLine>
            <TextLine id="tl_31" primaryLanguage="English" custom="readingOrder {index:1;}">
                <Coords points="1156,2653 1325,2653 1325,2682 1156,2682"/>
                <Baseline points="1156,2681 1209,2681 1262,2681 1325,2681"/>
                <Word id="w_w2aab1c35b2b7b3ab1" language="English" custom="readingOrder {index:0;}">
                    <Coords points="1156,2653 1209,2653 1209,2681 1156,2681"/>
                    <TextEquiv>
                        <Unicode>L.S.</Unicode>
                    </TextEquiv>
                    <TextStyle fontFamily="Arial" fontSize="5.5"/>
                </Word>
                <Word id="w_w2aab1c35b2b7b3ac11" language="English" custom="readingOrder {index:1;}">
                    <Coords points="1221,2661 1262,2661 1262,2681 1221,2681"/>
                    <TextEquiv>
                        <Unicode>ou</Unicode>
                    </TextEquiv>
                    <TextStyle fontFamily="Arial" fontSize="5.5"/>
                </Word>
                <Word id="w_w2aab1c35b2b7b3ac17" language="English" custom="readingOrder {index:2;}">
                    <Coords points="1276,2653 1325,2653 1325,2682 1276,2682"/>
                    <TextEquiv>
                        <Unicode>P.S.</Unicode>
                    </TextEquiv>
                    <TextStyle fontFamily="Arial" fontSize="5.5"/>
                </Word>
                <TextEquiv>
                    <Unicode>L.S. ou P.S.</Unicode>
                </TextEquiv>
                <TextStyle fontFamily="Arial" fontSize="5.5"/>
            </TextLine>
            <TextEquiv>
                <Unicode>lettre ou pièce autographe signée
L.S. ou P.S.</Unicode>
            </TextEquiv>
        </TextRegion>
        <TextRegion type="paragraph" id="r_18_5" custom="readingOrder {index:14;}">
            <Coords points="880,2700 1601,2700 1601,2792 880,2792"/>
            <TextLine id="tl_32" primaryLanguage="English" custom="readingOrder {index:0;}">
                <Coords points="1059,2701 1422,2701 1422,2741 1059,2741"/>
                <Baseline points="1059,2731 1151,2731 1204,2731 1306,2731 1422,2731"/>
                <Word id="w_w2aab1c35b2b9b1ab1" language="English" custom="readingOrder {index:0;}">
                    <Coords points="1059,2701 1151,2701 1151,2731 1059,2731"/>
                    <TextEquiv>
                        <Unicode>lettre</Unicode>
                    </TextEquiv>
                    <TextStyle fontFamily="Arial" fontSize="5.5"/>
                </Word>
                <Word id="w_w2aab1c35b2b9b1ac15" language="English" custom="readingOrder {index:1;}">
                    <Coords points="1163,2711 1204,2711 1204,2731 1163,2731"/>
                    <TextEquiv>
                        <Unicode>ou</Unicode>
                    </TextEquiv>
                    <TextStyle fontFamily="Arial" fontSize="5.5"/>
                </Word>
                <Word id="w_w2aab1c35b2b9b1ac21" language="English" custom="readingOrder {index:2;}">
                    <Coords points="1218,2704 1306,2704 1306,2741 1218,2741"/>
                    <TextEquiv>
                        <Unicode>pièce</Unicode>
                    </TextEquiv>
                    <TextStyle fontFamily="Arial" fontSize="5.5"/>
                </Word>
                <Word id="w_w2aab1c35b2b9b1ac33" language="English" custom="readingOrder {index:3;}">
                    <Coords points="1318,2704 1422,2704 1422,2741 1318,2741"/>
                    <TextEquiv>
                        <Unicode>signée</Unicode>
                    </TextEquiv>
                    <TextStyle fontFamily="Arial" fontSize="5.5"/>
                </Word>
                <TextEquiv>
                    <Unicode>lettre ou pièce signée</Unicode>
                </TextEquiv>
                <TextStyle fontFamily="Arial" fontSize="5.5"/>
            </TextLine>
            <TextLine id="tl_33" primaryLanguage="English" custom="readingOrder {index:1;}">
                <Coords points="881,2751 1600,2751 1600,2791 881,2791"/>
                <Baseline points="881,2790 978,2781 1079,2781 1178,2781 1269,2781 1323,2781 1600,2790"/>
                <Word id="w_w2aab1c35b2b9b3ab1" language="English" custom="readingOrder {index:0;}">
                    <Coords points="881,2751 978,2751 978,2790 881,2790"/>
                    <TextEquiv>
                        <Unicode>(texte</Unicode>
                    </TextEquiv>
                    <TextStyle fontFamily="Arial" fontSize="5.5"/>
                </Word>
                <Word id="w_w2aab1c35b2b9b3ac15" language="English" custom="readingOrder {index:1;}">
                    <Coords points="990,2751 1079,2751 1079,2781 990,2781"/>
                    <TextEquiv>
                        <Unicode>d’une</Unicode>
                    </TextEquiv>
                    <TextStyle fontFamily="Arial" fontSize="5.5"/>
                </Word>
                <Word id="w_w2aab1c35b2b9b3ac27" language="English" custom="readingOrder {index:2;}">
                    <Coords points="1092,2756 1178,2756 1178,2781 1092,2781"/>
                    <TextEquiv>
                        <Unicode>autre</Unicode>
                    </TextEquiv>
                    <TextStyle fontFamily="Arial" fontSize="5.5"/>
                </Word>
                <Word id="w_w2aab1c35b2b9b3ac39" language="English" custom="readingOrder {index:3;}">
                    <Coords points="1191,2754 1269,2754 1269,2781 1191,2781"/>
                    <TextEquiv>
                        <Unicode>main</Unicode>
                    </TextEquiv>
                    <TextStyle fontFamily="Arial" fontSize="5.5"/>
                </Word>
                <Word id="w_w2aab1c35b2b9b3ac49" language="English" custom="readingOrder {index:4;}">
                    <Coords points="1282,2761 1323,2761 1323,2781 1282,2781"/>
                    <TextEquiv>
                        <Unicode>ou</Unicode>
                    </TextEquiv>
                    <TextStyle fontFamily="Arial" fontSize="5.5"/>
                </Word>
                <Word id="w_w2aab1c35b2b9b3ac55" language="English" custom="readingOrder {index:5;}">
                    <Coords points="1336,2751 1600,2751 1600,2791 1336,2791"/>
                    <TextEquiv>
                        <Unicode>dactylographié)</Unicode>
                    </TextEquiv>
                    <TextStyle fontFamily="Arial" fontSize="5.5"/>
                </Word>
                <TextEquiv>
                    <Unicode>(texte d’une autre main ou dactylographié)</Unicode>
                </TextEquiv>
                <TextStyle fontFamily="Arial" fontSize="5.5"/>
            </TextLine>
            <TextEquiv>
                <Unicode>lettre ou pièce signée
(texte d’une autre main ou dactylographié)</Unicode>
            </TextEquiv>
        </TextRegion>
        <TextRegion type="paragraph" id="r_18_6" custom="readingOrder {index:15;}">
            <Coords points="1148,2802 1333,2802 1333,2832 1148,2832"/>
            <TextLine id="tl_34" primaryLanguage="English" custom="readingOrder {index:0;}">
                <Coords points="1149,2803 1332,2803 1332,2831 1149,2831"/>
                <Baseline points="1149,2831 1209,2831 1262,2831 1332,2831"/>
                <Word id="w_w2aab1c35b2c11b1ab1" language="English" custom="readingOrder {index:0;}">
                    <Coords points="1149,2803 1209,2803 1209,2831 1149,2831"/>
                    <TextEquiv>
                        <Unicode>LA.</Unicode>
                    </TextEquiv>
                    <TextStyle fontFamily="Arial" fontSize="5.5"/>
                </Word>
                <Word id="w_w2aab1c35b2c11b1ab9" language="English" custom="readingOrder {index:1;}">
                    <Coords points="1221,2811 1262,2811 1262,2831 1221,2831"/>
                    <TextEquiv>
                        <Unicode>ou</Unicode>
                    </TextEquiv>
                    <TextStyle fontFamily="Arial" fontSize="5.5"/>
                </Word>
                <Word id="w_w2aab1c35b2c11b1ac15" language="English" custom="readingOrder {index:2;}">
                    <Coords points="1276,2804 1332,2804 1332,2831 1276,2831"/>
                    <TextEquiv>
                        <Unicode>P.A.</Unicode>
                    </TextEquiv>
                    <TextStyle fontFamily="Arial" fontSize="5.5"/>
                </Word>
                <TextEquiv>
                    <Unicode>LA. ou P.A.</Unicode>
                </TextEquiv>
                <TextStyle fontFamily="Arial" fontSize="5.5"/>
            </TextLine>
            <TextEquiv>
                <Unicode>LA. ou P.A.</Unicode>
            </TextEquiv>
        </TextRegion>
        <TextRegion type="paragraph" id="r_18_7" custom="readingOrder {index:16;}">
            <Coords points="920,2850 1562,2850 1562,2892 920,2892"/>
            <TextLine id="tl_35" primaryLanguage="English" custom="readingOrder {index:0;}">
                <Coords points="921,2851 1561,2851 1561,2891 921,2891"/>
                <Baseline points="921,2881 1012,2881 1065,2881 1167,2881 1370,2881 1444,2881 1561,2881"/>
                <Word id="w_w2aab1c35b2c13b1ab1" language="English" custom="readingOrder {index:0;}">
                    <Coords points="921,2851 1012,2851 1012,2881 921,2881"/>
                    <TextEquiv>
                        <Unicode>lettre</Unicode>
                    </TextEquiv>
                    <TextStyle fontFamily="Arial" fontSize="5.5"/>
                </Word>
                <Word id="w_w2aab1c35b2c13b1ac15" language="English" custom="readingOrder {index:1;}">
                    <Coords points="1024,2861 1065,2861 1065,2881 1024,2881"/>
                    <TextEquiv>
                        <Unicode>ou</Unicode>
                    </TextEquiv>
                    <TextStyle fontFamily="Arial" fontSize="5.5"/>
                </Word>
                <Word id="w_w2aab1c35b2c13b1ac21" language="English" custom="readingOrder {index:2;}">
                    <Coords points="1079,2853 1167,2853 1167,2891 1079,2891"/>
                    <TextEquiv>
                        <Unicode>pièce</Unicode>
                    </TextEquiv>
                    <TextStyle fontFamily="Arial" fontSize="5.5"/>
                </Word>
                <Word id="w_w2aab1c35b2c13b1ac33" language="English" custom="readingOrder {index:3;}">
                    <Coords points="1179,2851 1370,2851 1370,2891 1179,2891"/>
                    <TextEquiv>
                        <Unicode>autographe</Unicode>
                    </TextEquiv>
                    <TextStyle fontFamily="Arial" fontSize="5.5"/>
                </Word>
                <Word id="w_w2aab1c35b2c13b1ac55" language="English" custom="readingOrder {index:4;}">
                    <Coords points="1383,2861 1444,2861 1444,2881 1383,2881"/>
                    <TextEquiv>
                        <Unicode>non</Unicode>
                    </TextEquiv>
                    <TextStyle fontFamily="Arial" fontSize="5.5"/>
                </Word>
                <Word id="w_w2aab1c35b2c13b1ac63" language="English" custom="readingOrder {index:5;}">
                    <Coords points="1457,2853 1561,2853 1561,2891 1457,2891"/>
                    <TextEquiv>
                        <Unicode>signée</Unicode>
                    </TextEquiv>
                    <TextStyle fontFamily="Arial" fontSize="5.5"/>
                </Word>
                <TextEquiv>
                    <Unicode>lettre ou pièce autographe non signée</Unicode>
                </TextEquiv>
                <TextStyle fontFamily="Arial" fontSize="5.5"/>
            </TextLine>
            <TextEquiv>
                <Unicode>lettre ou pièce autographe non signée</Unicode>
            </TextEquiv>
        </TextRegion>
        <TextRegion type="paragraph" id="r_19_1" custom="readingOrder {index:17;}">
            <Coords points="409,2957 2073,2957 2073,2999 409,2999"/>
            <TextLine id="tl_36" primaryLanguage="English" custom="readingOrder {index:0;}">
                <Coords points="410,2958 2072,2958 2072,2998 410,2998"/>
                <Baseline points="410,2988 429,2989 481,2989 563,2989 632,2989 779,2989 957,2989 1202,2989 1295,2988 1353,2989 1430,2989 1535,2989 1733,2988 1917,2989 1946,2989 2020,2989 2072,2989"/>
                <Word id="w_w2aab1c37b2b1b1ab1" language="English" custom="readingOrder {index:0;}">
                    <Coords points="410,2959 429,2959 429,2989 410,2989"/>
                    <TextEquiv>
                        <Unicode>Il</Unicode>
                    </TextEquiv>
                    <TextStyle fontFamily="Arial" fontSize="5.5" bold="true"/>
                </Word>
                <Word id="w_w2aab1c37b2b1b1ab7" language="English" custom="readingOrder {index:1;}">
                    <Coords points="442,2969 481,2969 481,2989 442,2989"/>
                    <TextEquiv>
                        <Unicode>ne</Unicode>
                    </TextEquiv>
                    <TextStyle fontFamily="Arial" fontSize="5.5" bold="true"/>
                </Word>
                <Word id="w_w2aab1c37b2b1b1ac13" language="English" custom="readingOrder {index:2;}">
                    <Coords points="493,2969 563,2969 563,2989 493,2989"/>
                    <TextEquiv>
                        <Unicode>sera</Unicode>
                    </TextEquiv>
                    <TextStyle fontFamily="Arial" fontSize="5.5" bold="true"/>
                </Word>
                <Word id="w_w2aab1c37b2b1b1ac23" language="English" custom="readingOrder {index:3;}">
                    <Coords points="576,2969 632,2969 632,2998 576,2998"/>
                    <TextEquiv>
                        <Unicode>pas</Unicode>
                    </TextEquiv>
                    <TextStyle fontFamily="Arial" fontSize="5.5" bold="true"/>
                </Word>
                <Word id="w_w2aab1c37b2b1b1ac31" language="English" custom="readingOrder {index:4;}">
                    <Coords points="644,2961 779,2961 779,2998 644,2998"/>
                    <TextEquiv>
                        <Unicode>accepté</Unicode>
                    </TextEquiv>
                    <TextStyle fontFamily="Arial" fontSize="5.5" bold="true"/>
                </Word>
                <Word id="w_w2aab1c37b2b1b1ac47" language="English" custom="readingOrder {index:5;}">
                    <Coords points="791,2958 957,2958 957,2989 791,2989"/>
                    <TextEquiv>
                        <Unicode>d’enchère</Unicode>
                    </TextEquiv>
                    <TextStyle fontFamily="Arial" fontSize="5.5" bold="true"/>
                </Word>
                <Word id="w_w2aab1c37b2b1b1ac67" language="English" custom="readingOrder {index:6;}">
                    <Coords points="969,2959 1202,2959 1202,2998 969,2998"/>
                    <TextEquiv>
                        <Unicode>téléphonique</Unicode>
                    </TextEquiv>
                    <TextStyle fontFamily="Arial" fontSize="5.5" bold="true"/>
                </Word>
                <Word id="w_w2aab1c37b2b1b1ac93" language="English" custom="readingOrder {index:7;}">
                    <Coords points="1215,2969 1295,2969 1295,2998 1215,2998"/>
                    <TextEquiv>
                        <Unicode>pour</Unicode>
                    </TextEquiv>
                    <TextStyle fontFamily="Arial" fontSize="5.5" bold="true"/>
                </Word>
                <Word id="w_w2aab1c37b2b1b1ad103" language="English" custom="readingOrder {index:8;}">
                    <Coords points="1308,2959 1353,2959 1353,2989 1308,2989"/>
                    <TextEquiv>
                        <Unicode>les</Unicode>
                    </TextEquiv>
                    <TextStyle fontFamily="Arial" fontSize="5.5" bold="true"/>
                </Word>
                <Word id="w_w2aab1c37b2b1b1ad111" language="English" custom="readingOrder {index:9;}">
                    <Coords points="1366,2959 1430,2959 1430,2989 1366,2989"/>
                    <TextEquiv>
                        <Unicode>lots</Unicode>
                    </TextEquiv>
                    <TextStyle fontFamily="Arial" fontSize="5.5" bold="true"/>
                </Word>
                <Word id="w_w2aab1c37b2b1b1ad121" language="English" custom="readingOrder {index:10;}">
                    <Coords points="1442,2958 1535,2958 1535,2989 1442,2989"/>
                    <TextEquiv>
                        <Unicode>d’une</Unicode>
                    </TextEquiv>
                    <TextStyle fontFamily="Arial" fontSize="5.5" bold="true"/>
                </Word>
                <Word id="w_w2aab1c37b2b1b1ad133" language="English" custom="readingOrder {index:11;}">
                    <Coords points="1547,2960 1733,2960 1733,2989 1547,2989"/>
                    <TextEquiv>
                        <Unicode>estimation</Unicode>
                    </TextEquiv>
                    <TextStyle fontFamily="Arial" fontSize="5.5" bold="true"/>
                </Word>
                <Word id="w_w2aab1c37b2b1b1ad155" language="English" custom="readingOrder {index:12;}">
                    <Coords points="1747,2958 1917,2958 1917,2989 1747,2989"/>
                    <TextEquiv>
                        <Unicode>inférieure</Unicode>
                    </TextEquiv>
                    <TextStyle fontFamily="Arial" fontSize="5.5" bold="true"/>
                </Word>
                <Word id="w_w2aab1c37b2b1b1ad177" language="English" custom="readingOrder {index:13;}">
                    <Coords points="1929,2960 1946,2960 1946,2989 1929,2989"/>
                    <TextEquiv>
                        <Unicode>à</Unicode>
                    </TextEquiv>
                    <TextStyle fontFamily="Arial" fontSize="5.5" bold="true"/>
                </Word>
                <Word id="w_w2aab1c37b2b1b1ad181" language="English" custom="readingOrder {index:14;}">
                    <Coords points="1958,2961 2020,2961 2020,2989 1958,2989"/>
                    <TextEquiv>
                        <Unicode>300</Unicode>
                    </TextEquiv>
                    <TextStyle fontFamily="Arial" fontSize="5.5" bold="true"/>
                </Word>
                <Word id="w_w2aab1c37b2b1b1ad189" language="English" custom="readingOrder {index:15;}">
                    <Coords points="2034,2961 2072,2961 2072,2989 2034,2989"/>
                    <TextEquiv>
                        <Unicode>€.</Unicode>
                    </TextEquiv>
                    <TextStyle fontFamily="Arial" fontSize="5.5" bold="true"/>
                </Word>
                <TextEquiv>
                    <Unicode>Il ne sera pas accepté d’enchère téléphonique pour les lots d’une estimation inférieure à 300 €.</Unicode>
                </TextEquiv>
                <TextStyle fontFamily="Arial" fontSize="5.5" bold="true"/>
            </TextLine>
            <TextEquiv>
                <Unicode>Il ne sera pas accepté d’enchère téléphonique pour les lots d’une estimation inférieure à 300 €.</Unicode>
            </TextEquiv>
        </TextRegion>
        <ImageRegion id="Image_1582276036832_587" custom="readingOrder {index:18;}">
            <Coords points="438,200 2040,200 2040,1275 438,1275"/>
        </ImageRegion>
    </Page>
</PcGts>
