2480 3188
227 205 258 230 31.
309 204 392 230 Henri
406 197 526 238 RIVIÈRE
537 203 689 238 (1864-1951)
702 206 806 238 peintre
818 208 847 230 et
858 212 969 238 graveur.
982 205 995 230 3
1008 205 1092 234 L.A.S.,
1104 205 1245 230 1894-1897
1257 208 1286 230 et
1298 203 1349 232 s.d.,
1362 212 1394 230 au
1408 206 1528 230 Docteur
1541 203 1621 230 David
1635 205 1710 230 Louis
1723 205 1787 230 Pelet
1798 212 1802 234 ;
1814 206 1830 230 4
1843 212 1924 238 pages
1937 208 1966 230 et
1977 203 2068 230 demie
2082 205 2143 233 in-8,
2156 205 2278 230 en-têtes

310 248 423 275 illustrés
435 248 470 275 de
481 251 514 275 La
528 251 570 275 Vie
581 248 657 275 drôle
669 251 698 275 et
710 248 822 275 Théâtre
833 248 869 275 du
881 248 952 275 Chat
962 251 1033 279 Noir,
1045 248 1223 284 enveloppes.
2147 250 2278 275 200/250

344 313 459 346 Loguivy
471 312 496 337 18
503 313 559 345 juin
569 311 659 345 [1894]
669 319 673 337 :
684 320 698 333 «
706 310 820 346 J’espère
832 319 885 346 que
897 319 964 337 vous
975 313 1035 337 êtes
1046 313 1170 345 toujours
1182 313 1249 337 aussi
1263 310 1368 337 brillant
1379 316 1408 337 et
1419 319 1472 346 que
1484 319 1551 337 vous
1562 313 1708 337 continuez
1720 313 1734 337 à
1745 310 1809 337 faire
1820 310 1870 337 des
1881 310 1987 337 affaires
1999 313 2144 346 épatantes
2155 311 2189 345 »...
2199 311 2278 345 [Paris

308 358 324 383 6
336 358 390 383 mai
404 356 476 391 1897]
487 365 491 383 :
503 366 517 378 «
530 358 605 383 Nous
619 361 730 391 partons
742 355 808 383 dans
821 358 837 383 8
848 359 920 391 jours
934 365 1002 391 pour
1015 355 1037 383 la
1050 358 1178 391 Bretagne
1191 361 1220 383 et
1230 358 1255 391 je
1268 355 1391 383 voudrais
1404 355 1464 383 bien
1478 358 1549 383 avoir
1561 365 1613 383 une
1626 365 1711 391 passe.
1725 356 1764 390 (...)
1779 355 1792 383 Il
1804 365 1820 391 y
1832 365 1893 383 aura
1906 365 1958 383 une
1971 355 2042 383 belle
2053 365 2160 391 gravure
2173 365 2241 391 pour
2255 355 2278 383 le

309 404 373 436 père
385 401 457 428 Pelet
468 401 503 428 s’il
517 410 560 428 me
571 401 619 428 fait
630 404 701 428 avoir
713 410 755 428 ma
768 410 846 436 passe
857 404 891 428 »...
903 404 970 428 Paris
981 401 1115 431 mercredi,
1127 401 1264 428 demande
1276 401 1354 428 d'une
1367 410 1445 436 passe
1456 411 1470 423 «
1482 403 1546 428 Paris
1557 404 1572 428 à
1584 404 1656 428 Brest
1667 410 1732 428 avec
1743 403 1826 428 arrêts
1838 410 1870 428 au
1883 404 1960 428 Mans
1971 406 2000 428 et
2011 404 2026 428 à
2072 404 2162 428 Brieuc
2173 411 2207 428 »...

222 486 258 511 32.
309 484 460 519 Rodolphe
471 484 558 519 SALIS
570 484 720 519 (1851-1897)
733 484 888 515 humoriste,
900 486 1022 511 créateur
1033 484 1068 511 du
1081 484 1191 511 cabaret
1202 483 1237 511 du
1250 483 1322 511 Chat
1332 486 1403 511 Noir.
1415 486 1430 511 7
1442 486 1526 515 L.A.S.,
1537 486 1545 511 1
1559 486 1605 511 L.S.
1617 489 1646 511 et
1658 493 1710 511 une
1721 493 1782 511 note
1793 486 1842 515 a.s.,
1854 486 1920 511 Paris
1931 486 2073 511 1882-1894
2085 493 2089 515 ;
2101 486 2117 511 9
2130 493 2211 519 pages
2224 486 2278 511 in-4

309 538 344 556 ou
358 531 413 556 in-8
424 532 439 556 à
450 532 559 556 en-tête
570 532 602 556 Le
613 529 685 556 Chat
695 532 766 559 Noir,
779 529 909 564 plusieurs
920 538 985 556 avec
997 532 1118 564 vignette
1129 529 1191 564 (une
1204 529 1284 556 lettre
1296 532 1407 564 réparée
1419 538 1451 556 au
1463 529 1576 564 scotch).
2147 531 2278 556 300/400

345 593 363 618 11
374 591 521 618 novembre
534 593 602 622 1882,
614 594 628 618 à
640 600 673 618 un
686 591 810 618 confrère
822 600 826 618 :
837 601 851 614 «
863 594 894 618 Le
906 591 1060 618 Cabaretier
1071 591 1106 618 du
1118 591 1187 618 Chat
1199 594 1256 618 noir
1266 596 1296 618 et
1307 591 1441 618 directeur
1452 600 1485 618 en
1499 594 1588 618 même
1599 596 1690 626 temps
1702 591 1738 618 de
1751 591 1773 618 la
1783 594 1838 618 très
1851 591 1981 626 mirifique
1992 596 2101 626 gazette
2114 591 2238 618 littéraire
2250 596 2279 618 et

308 636 419 663 fumiste
429 647 443 659 »
454 639 581 664 remercie
591 636 651 663 d’un
662 636 776 663 article...
788 639 813 663 16
823 639 893 663 août
903 639 972 667 1884,
984 642 1154 672 promettant
1164 636 1200 663 de
1211 636 1314 672 publier
1324 636 1468 663 Couchant
1477 636 1633 663 d’automne
1644 639 1673 663 et
1682 636 1814 663 Mireille...
1823 638 1855 664 23
1866 636 1980 663 octobre
1992 639 2059 667 1887,
2070 639 2084 663 à
2096 639 2129 663 M.
2141 636 2264 672 Lebègue
2274 646 2278 663 :

308 692 322 704 «
332 684 359 709 Et
368 687 444 709 cette
454 681 541 709 vieille
550 687 683 717 goguette
693 682 704 708 ?
715 684 746 708 En
757 691 902 709 avez-vous
912 681 985 717 parlé
994 685 1009 709 à
1018 691 1066 709 vos
1076 681 1333 709 chansonniers?»...
1342 684 1376 709 26
1385 681 1449 709 avril
1460 684 1529 713 1889,
1540 684 1625 717 priant
1635 691 1668 709 un
1680 684 1775 709 Maître
1784 681 1916 709 d’assister
1925 684 1939 709 à
1950 684 2001 709 une
2010 684 2102 709 Soirée
2111 684 2278 709 Parisienne...

307 729 341 754 22
352 730 406 754 mai
419 729 487 757 1889,
499 730 578 754 envoi
591 727 669 754 d’une
681 727 829 762 chronique
841 730 855 754 à
868 730 979 762 paraître
991 727 1057 754 dans
1069 730 1101 754 Le
1112 727 1184 754 Chat
1194 730 1265 758 Noir,
1278 727 1436 762 s’opposant
1447 730 1461 754 à
1474 727 1496 754 la
1507 727 1655 754 fermeture
1666 727 1702 754 de
1715 727 1884 762 l’Exposition
1898 727 1921 754 le
1933 729 2003 754 soir...
2017 729 2041 754 14
2052 727 2117 754 avril
2130 729 2191 758 1891,
2203 730 2217 754 à
2228 736 2278 754 son

309 775 385 799 vieux
398 772 497 800 Laribat
508 782 512 799 :
523 782 537 795 «
545 775 573 804 Je
585 775 637 799 suis
649 775 753 808 assigné
765 781 798 799 en
811 772 901 808 police
912 772 1141 800 correctionnelle
1153 782 1198 808 par
1209 781 1242 800 ce
1254 772 1314 799 Kcul
1327 772 1362 799 de
1375 775 1477 799 Peladan
1488 773 1522 807 »...
1532 773 1614 807 [1891]
1625 781 1628 799 :
1639 782 1654 795 «
1666 772 1863 799 L’encombrant
1874 778 1903 799 et
1916 772 2024 799 ridicule
2037 772 2148 799 Peladan
2160 772 2230 799 dont
2241 781 2277 799 on

308 827 338 845 se
351 817 470 853 rappelle
484 817 506 845 la
520 820 642 853 musique
655 823 750 845 contre
764 818 786 845 la
798 820 919 853 tyrannie
932 817 1051 845 militaire
1065 818 1111 853 [...],
1126 817 1149 845 le
1162 820 1206 845 Sar
1217 817 1376 853 timbanque
1388 817 1520 845 aérolithe
1533 820 1637 853 assigne
1651 817 1675 845 le
1687 817 1884 853 gentilhomme
1897 817 2046 845 cabaretier
2059 817 2202 853 Rodolphe
2215 817 2278 845 Salis

309 863 409 890 devant
421 863 443 890 la
455 866 598 890 neuvième
609 863 737 890 chambre
748 863 976 890 correctionnelle
988 872 1056 898 pour
1069 863 1153 890 l’avoir
1163 866 1218 890 cité
1229 863 1295 890 dans
1307 872 1357 890 son
1368 863 1470 898 journal
1482 866 1514 890 Le
1525 863 1597 890 Chat
1607 865 1673 890 Noir
1683 868 1712 890 et
1725 863 1808 890 l’avoir
1819 863 1926 898 qualifié
1938 863 1973 890 de
1986 866 2104 890 Derrière
2115 865 2234 898 éprouvé
2244 873 2278 890 »...

309 911 324 935 6
338 908 485 935 novembre
500 911 568 939 1894,
584 911 742 935 remerciant
756 917 824 944 pour
837 908 886 935 des
902 908 984 944 lignes
997 908 1168 935 charmantes
1182 917 1225 935 sur
1240 908 1262 936 la
1277 911 1450 935 réouverture
1464 908 1499 935 du
1514 908 1582 935 Chat
1597 911 1678 936 Noir...
1693 911 1735 935 On
1747 918 1812 938 joint
1826 917 1878 935 une
1892 911 2057 935 sommation
2072 911 2086 935 à
2100 911 2278 944 comparaître

308 953 408 981 devant
421 953 444 981 le
455 953 569 981 tribunal
581 956 595 981 à
609 953 631 981 la
643 956 755 989 requête
767 953 802 981 de
811 954 938 989 Joséphin
952 956 1061 984 Péladan,
1073 959 1102 981 et
1114 963 1166 981 une
1179 953 1258 981 lettre
1270 956 1354 981 écrite
1367 963 1435 989 pour
1446 953 1516 981 Salis.

223 1038 258 1064 33.
309 1036 460 1072 Rodolphe
471 1039 564 1063 SALIS.
577 1039 610 1064 26
622 1039 706 1067 L.A.S.,
719 1036 843 1063 Château
854 1036 888 1063 de
899 1039 1012 1063 Naintré
1022 1039 1160 1067 1891-1897,
1172 1039 1186 1063 à
1199 1036 1279 1064 David
1293 1039 1362 1067 Pelet,
1374 1041 1455 1072 agent
1466 1036 1572 1072 général
1585 1036 1620 1064 de
1633 1036 1655 1063 la
1668 1036 1797 1072 publicité
1809 1046 1841 1063 au
1853 1036 1922 1064 Chat
1934 1039 1998 1063 Noir
2009 1046 2013 1067 ;
2024 1039 2059 1063 48
2072 1046 2153 1072 pages
2165 1036 2278 1064 formats

309 1082 395 1109 divers
406 1091 471 1109 avec
482 1084 604 1117 vignette
615 1082 651 1109 de
662 1091 712 1109 son
724 1082 847 1112 château,
859 1081 1036 1117 enveloppes.
2143 1084 2278 1109 400/500

346 1146 518 1171 Instructions
534 1144 569 1171 de
583 1149 647 1171 tout
662 1144 740 1171 ordre
755 1153 759 1171 :
774 1154 788 1166 «
804 1146 900 1171 Pensez
915 1144 989 1171 donc
1004 1146 1018 1171 à
1034 1153 1067 1171 un
1083 1144 1206 1171 artificier
1222 1146 1279 1179 puis
1294 1146 1309 1171 à
1322 1143 1489 1171 Thibouville
1506 1153 1574 1179 pour
1590 1143 1627 1171 les
1643 1144 1787 1179 baguettes
1803 1144 1838 1171 de
1852 1144 1993 1171 tambours
2008 1154 2042 1171 »...
2056 1154 2070 1166 «
2085 1144 2200 1171 Veuillez
2215 1144 2279 1171 aller

308 1189 458 1216 demander
467 1192 481 1216 à
491 1192 518 1216 M
521 1193 530 1204 e
540 1189 641 1216 Reboul
651 1192 670 1216 si
682 1189 787 1216 l’affaire
797 1192 900 1216 Peladan
909 1194 952 1216 est
961 1189 1048 1216 classé
1056 1199 1090 1216 »...
1099 1199 1113 1211 «
1123 1192 1205 1216 Faites
1216 1189 1239 1216 le
1249 1192 1350 1216 service
1360 1192 1374 1216 à
1383 1192 1416 1216 La
1427 1192 1470 1216 Vie
1474 1192 1587 1224 joyeuse
1596 1199 1630 1216 »...
1639 1199 1653 1212 «
1663 1192 1730 1216 Priez
1740 1189 1813 1216 donc
1822 1191 1912 1216 Auriol
1920 1189 1955 1216 de
1965 1189 2082 1216 m’écrire
2093 1189 2279 1216 relativement

308 1243 340 1262 au
350 1234 453 1270 journal
464 1244 498 1262 »...
508 1244 521 1257 «
533 1237 649 1270 Broquet
659 1239 702 1262 est
712 1243 794 1262 cause
804 1234 882 1261 d’une
893 1243 985 1270 grosse
996 1240 1073 1270 perte
1084 1234 1119 1261 de
1129 1240 1220 1270 temps
1230 1240 1259 1261 et
1269 1234 1347 1261 d’une
1359 1234 1430 1261 belle
1440 1234 1564 1270 dépense
1574 1234 1779 1262 d’installations
1789 1244 1823 1262 »...
1833 1237 1847 1261 «
1857 1237 1940 1261 Faites
1950 1244 1984 1261 un
1993 1237 2094 1262 service
2104 1237 2158 1262 très
2167 1234 2280 1270 régulier

308 1280 344 1307 du
357 1280 429 1307 Chat
440 1282 499 1307 noir
511 1282 525 1307 à
539 1282 572 1307 M.
583 1282 599 1311 J.
613 1280 840 1307 Grand-Carteret
852 1290 886 1307 »...
898 1290 913 1302 «
922 1282 950 1311 Je
963 1282 1016 1307 suis
1028 1283 1083 1307 très
1096 1279 1210 1307 satisfait
1223 1280 1398 1315 d’apprendre
1411 1289 1464 1315 que
1479 1280 1516 1307 les
1528 1282 1657 1315 journaux
1670 1283 1743 1307 aient
1756 1282 1882 1307 annoncé
1896 1285 1974 1307 notre
1988 1282 2086 1315 reprise
2098 1280 2232 1307 théâtrale
2244 1290 2278 1307 »...

308 1335 322 1347 «
338 1325 479 1356 Qu’est-ce
494 1334 548 1360 que
564 1330 640 1352 cette
655 1325 804 1352 fumisterie
820 1325 855 1352 de
872 1334 1040 1360 programme
1056 1326 1068 1352 ?
1084 1325 1216 1360 qu’est-ce
1232 1334 1285 1360 que
1301 1334 1347 1352 ces
1362 1334 1502 1352 annonces
1517 1326 1529 1352 ?
1545 1325 1604 1360 qu’y
1619 1325 1689 1352 a-t-il
1706 1325 1741 1352 de
1757 1328 1806 1352 vrai
1823 1326 1835 1352 ?
1851 1335 1884 1352 »...
1902 1327 1952 1352 Etc.
1968 1327 2011 1352 On
2024 1334 2090 1355 joint
2104 1327 2133 1352 10
2150 1327 2227 1352 L.A.S.
2243 1325 2278 1352 de

309 1370 443 1397 Gabrielle
454 1370 517 1397 Salis
529 1380 561 1397 au
573 1373 670 1401 même,
683 1380 716 1397 un
727 1370 911 1406 télégramme,
923 1380 956 1397 un
969 1370 1102 1397 brouillon
1114 1370 1149 1397 de
1161 1373 1285 1406 réponse,
1297 1375 1326 1397 et
1336 1373 1352 1397 4
1363 1375 1472 1397 cartons
1484 1370 1634 1397 d’annonce
1645 1380 1681 1397 ou
1693 1370 1859 1397 d’invitation
1871 1370 1907 1397 du
1919 1370 1987 1398 Chat
1999 1373 2063 1397 Noir
2073 1380 2077 1401 ;
2090 1370 2148 1406 plus
2159 1373 2172 1397 3
2185 1370 2278 1397 lettres

308 1416 358 1443 adr.
370 1419 384 1443 à
397 1416 469 1443 Pelet
481 1425 526 1451 par
538 1418 564 1442 D.
577 1416 704 1443 Bonnaud
717 1421 746 1443 et
758 1416 949 1443 Deschaumes.

220 1501 258 1526 34.
309 1499 460 1534 Rodolphe
471 1501 564 1526 SALIS.
576 1501 589 1526 3
602 1501 679 1526 L.A.S.
691 1504 720 1526 et
730 1501 737 1525 1
752 1501 832 1529 P.A.S.,
843 1501 991 1528 1895-1896,
1003 1501 1017 1526 à
1029 1501 1150 1534 Georges
1163 1501 1339 1526 Montorgueil
1349 1508 1353 1529 ;
1364 1501 1380 1525 4
1393 1508 1475 1534 pages
1488 1501 1549 1528 in-8,
1561 1501 1574 1525 3
1585 1501 1599 1525 à
1611 1501 1720 1525 en-tête
1731 1504 1761 1525 et
1771 1501 1893 1534 vignette
1906 1498 2018 1525 Théâtre
2029 1498 2064 1525 du
2076 1498 2148 1526 Chat
2157 1501 2229 1526 Noir.

2145 1546 2278 1571 200/300

345 1608 361 1633 9
367 1606 511 1633 décembre
520 1608 580 1633 1895
589 1615 592 1633 :
601 1616 615 1628 «
622 1608 692 1633 Vous
701 1608 761 1633 êtes
769 1606 866 1641 depuis
874 1609 893 1633 si
904 1605 1058 1641 longtemps
1068 1611 1146 1633 notre
1154 1608 1204 1633 ami
1214 1615 1267 1641 que
1276 1608 1329 1633 rien
1338 1606 1374 1633 de
1382 1615 1414 1633 ce
1422 1609 1465 1641 qui
1474 1615 1541 1633 vous
1550 1609 1631 1633 arrive
1640 1615 1673 1633 ne
1683 1611 1749 1641 peut
1757 1615 1810 1641 que
1819 1615 1887 1633 nous
1895 1606 2012 1633 toucher
2021 1605 2236 1641 profondément
2244 1616 2278 1633 »...

307 1653 340 1678 25
353 1651 418 1678 avril
433 1653 502 1682 1896,
517 1654 603 1686 priant
617 1651 652 1678 de
666 1651 757 1686 glisser
771 1660 823 1678 une
837 1651 950 1678 allusion
965 1660 1001 1678 ou
1017 1651 1077 1678 bien
1092 1651 1162 1678 deux
1177 1660 1225 1678 aux
1240 1654 1330 1678 visites
1346 1651 1496 1686 impériales
1510 1654 1525 1678 à
1539 1660 1588 1678 son
1602 1651 1710 1678 théâtre
1724 1651 1772 1686 (les
1786 1651 1881 1686 grands
1895 1651 1962 1678 ducs
1976 1651 2012 1678 de
2027 1654 2123 1682 Russie,
2138 1654 2228 1686 prince
2243 1651 2278 1678 de

308 1696 405 1727 Galles,
421 1697 489 1731 etc.),
506 1706 574 1732 pour
588 1699 702 1732 appâter
719 1696 756 1724 les
773 1696 921 1723 immortels
937 1696 1020 1724 snobs
1036 1706 1040 1723 :
1057 1696 1080 1723 te
1096 1696 1164 1724 Chat
1180 1699 1244 1724 Noir
1259 1702 1301 1723 est
1315 1707 1329 1719 «
1346 1696 1369 1723 le
1386 1696 1565 1723 rendez-vous
1581 1696 1630 1723 des
1644 1699 1719 1724 têtes
1734 1699 1906 1724 couronnées
1922 1706 1986 1724 avec
2002 1706 2035 1723 en
2052 1699 2138 1724 moins
2155 1696 2278 1732 Pangloss

308 1751 418 1769 comme
431 1742 498 1769 chez
510 1742 625 1769 Voltaire
638 1757 656 1759 -
669 1747 698 1769 et
710 1742 778 1769 chez
790 1742 905 1769 Anatole
919 1744 1012 1769 France
1025 1752 1059 1769 »...
1070 1742 1104 1769 22
1115 1742 1259 1769 décembre
1273 1744 1341 1772 1896,
1355 1751 1423 1777 pour
1435 1741 1499 1769 faire
1513 1751 1604 1777 passer
1616 1751 1649 1769 un
1663 1742 1735 1769 écho
1747 1752 1761 1764 «
1773 1745 1903 1769 vraiment
1917 1742 2001 1777 rigolo
2013 1747 2043 1769 et
2055 1745 2097 1777 qui
2111 1744 2230 1769 vis-à-vis
2243 1742 2278 1769 de

308 1787 441 1823 quelques
456 1787 539 1814 snobs
555 1792 621 1822 peut
635 1792 794 1823 augmenter
809 1796 873 1814 mon
889 1790 1005 1823 prestige
1020 1796 1039 1814 -
1054 1792 1098 1814 cet
1111 1787 1180 1814 écho
1194 1787 1234 1814 n’a
1249 1790 1303 1814 rien
1317 1787 1351 1814 de
1366 1787 1543 1814 commercial.
1560 1787 1575 1814 Il
1588 1792 1656 1823 peut
1670 1792 1778 1814 trouver
1789 1789 1870 1822 grâce
1884 1787 1986 1814 devant
1999 1787 2229 1814 l’administration
2244 1797 2278 1814 »...

308 1835 440 1860 Annonce
451 1832 487 1860 de
498 1832 639 1868 spectacle
651 1835 665 1860 à
678 1832 829 1860 Bruxelles...

344 1880 387 1905 On
396 1887 461 1908 joint
471 1880 486 1905 9
498 1880 575 1905 L.A.S.
586 1878 622 1905 de
633 1878 767 1905 Gabrielle
777 1880 845 1909 Salis,
856 1878 926 1905 dont
937 1878 1066 1913 plusieurs
1077 1881 1216 1913 évoquant
1228 1878 1265 1905 les
1276 1877 1382 1905 affaires
1393 1887 1429 1905 ou
1440 1878 1490 1905 des
1500 1881 1638 1905 souvenirs
1649 1877 1684 1905 du
1696 1878 1764 1905 Chat
1775 1880 1843 1909 Noir,
1853 1880 2003 1909 1897-1904,
2014 1880 2028 1905 à
2039 1880 2068 1905 G.
2080 1877 2262 1913 Montorgueil
2273 1887 2278 1909 ;

309 1923 367 1958 plus
380 1932 413 1950 un
425 1923 564 1958 faire-part
576 1932 579 1953 ;
591 1928 620 1950 et
632 1932 684 1950 une
697 1923 754 1950 l.a.s.
766 1923 870 1954 d'Henri
880 1926 979 1954 Jouard,
990 1933 1004 1945 «
1015 1923 1184 1950 dessinateur
1195 1928 1224 1950 et
1236 1926 1365 1958 régisseur
1376 1923 1411 1950 de
1424 1923 1531 1950 l’ancien
1544 1923 1612 1950 Chat
1624 1926 1681 1950 noir
1691 1933 1706 1945 »
1716 1923 1805 1958 (1898).

222 2008 258 2033 35.
309 2008 382 2033 Léon
395 2008 547 2038 Fourneau,
558 2006 601 2033 dit
612 2006 749 2041 XANROF
761 2006 921 2041 (1867-1953).
933 2008 968 2033 20
982 2008 1066 2037 L.A.S.,
1080 2006 1102 2033 la
1115 2006 1222 2041 plupart
1233 2009 1248 2033 à
1260 2008 1381 2041 Georges
1394 2008 1571 2033 Montorgueil
1581 2015 1586 2037 ;
1598 2008 1627 2033 37
1640 2015 1721 2041 pages
1733 2006 1846 2033 formats
1858 2006 1951 2036 divers,
1964 2015 2013 2041 qqs
2026 2008 2148 2033 en-têtes
2161 2006 2201 2033 Gil
2213 2006 2278 2037 Blas,

308 2053 416 2078 Société
426 2051 473 2078 des
483 2053 598 2078 Auteurs
609 2056 638 2078 et
648 2053 851 2086 Compositeurs
862 2051 1046 2087 dramatiques
1058 2054 1094 2078 ou
1106 2054 1151 2078 Les
1161 2053 1233 2078 Amis
1244 2051 1291 2078 des
1304 2051 1473 2078 Travailleurs
1485 2051 1670 2078 intellectuels.
2153 2053 2278 2078 150/200

345 2116 573 2140 Remerciements
588 2116 603 2140 à
618 2122 651 2140 un
667 2113 791 2140 confrère
807 2122 875 2148 pour
890 2122 933 2140 ses
948 2113 1104 2140 chansons...
1121 2113 1309 2140 Rendez-vous
1324 2116 1338 2140 à
1354 2122 1405 2140 une
1422 2116 1568 2148 interprète
1584 2122 1652 2148 pour
1667 2122 1761 2140 causer
1775 2113 1854 2140 d’une
1869 2116 2001 2148 saynète...
2017 2113 2278 2140 Recommandation

309 2158 344 2186 de
358 2161 432 2186 Mme
446 2161 568 2189 Carrière,
582 2161 624 2194 qui
639 2168 653 2185 a
668 2161 806 2194 remporté
820 2168 853 2186 un
867 2158 905 2185 vif
916 2161 1011 2186 succès
1025 2161 1039 2186 à
1054 2158 1076 2186 la
1089 2161 1199 2186 Société
1213 2158 1262 2186 des
1275 2161 1408 2186 Concerts
1421 2158 1456 2186 du
1471 2161 1697 2186 Conservatoire...
1710 2161 1772 2186 Vers
1785 2168 1827 2186 sur
1841 2168 1874 2186 un
1888 2161 2002 2194 congrès
2016 2158 2051 2186 de
2064 2158 2278 2186 chansonniers...

310 2206 402 2231 Envois
413 2204 448 2231 de
461 2204 541 2234 livres,
554 2207 714 2235 invitations,
726 2207 946 2231 remerciements
958 2213 1026 2239 pour
1036 2204 1085 2231 des
1096 2204 1224 2231 articles...
1235 2206 1278 2231 On
1287 2213 1352 2234 joint
1363 2213 1415 2231 une
1427 2203 1627 2239 photographie
1638 2204 1644 2239 (
1647 2204 1799 2231 Collection
1810 2204 1876 2231 Félix
1886 2204 1975 2239 Potin),
1988 2213 2021 2231 un
2032 2203 2171 2239 faire-part
2181 2204 2217 2231 de
2228 2213 2277 2231 son

309 2252 423 2284 mariage
435 2254 464 2276 et
475 2249 561 2276 divers
573 2249 745 2276 documents.

1141 2331 1339 2350 *****

203 2483 216 2510 f
223 2485 261 2510 36.
309 2485 406 2510 Ernest
417 2483 601 2518 CHAUSSON
613 2483 777 2518 (1855-1899).
790 2485 874 2512 L.A.S.,
886 2485 936 2510 San
949 2485 1101 2510 Domenico
1113 2483 1137 2510 di
1151 2483 1252 2510 Fiesole
1265 2483 1345 2510 mardi
1358 2485 1414 2513 soir,
1426 2485 1440 2510 à
1453 2485 1486 2510 M.
1500 2485 1564 2514 Faria
1575 2492 1579 2514 ;
1591 2485 1604 2510 3
1617 2492 1698 2518 pages
1711 2485 1783 2514 in-12,
1795 2485 1922 2518 vignette.
2153 2485 2278 2510 150/200

343 2555 357 2567 «
368 2547 396 2576 Je
410 2548 492 2572 savais
506 2545 573 2580 déjà,
588 2554 634 2580 par
647 2545 816 2576 Crickboom,
831 2554 884 2580 que
899 2545 922 2572 la
935 2547 1046 2572 Société
1060 2545 1188 2572 Catalane
1202 2548 1270 2572 avait
1283 2547 1361 2572 cessé
1375 2545 1500 2572 d’exister.
1515 2547 1579 2572 Sans
1593 2545 1680 2572 doute
1694 2554 1761 2572 vous
1775 2554 1838 2572 avez
1851 2554 1885 2572 eu
1899 2545 1935 2572 de
1949 2547 2081 2572 sérieuses
2096 2548 2196 2572 raisons
2211 2554 2279 2580 pour

309 2590 423 2625 prendre
434 2595 511 2617 cette
522 2590 652 2617 décision.
665 2593 730 2617 Pour
742 2593 795 2617 moi
808 2593 850 2626 qui
864 2593 885 2617 ai
898 2599 988 2617 connu
1001 2599 1050 2617 son
1064 2590 1221 2626 hospitalité
1232 2593 1388 2626 généreuse,
1402 2590 1536 2617 l’extrême
1548 2590 1684 2617 amabilité
1696 2590 1731 2617 de
1743 2599 1793 2617 son
1806 2590 1942 2617 Président
1954 2595 1983 2617 et
1994 2590 2029 2617 de
2041 2599 2084 2617 ses
2097 2590 2231 2617 membres
2243 2590 2278 2617 de

308 2645 358 2663 son
371 2638 486 2666 Comité,
497 2638 523 2671 je
536 2645 569 2662 ne
583 2638 640 2671 puis
653 2638 708 2663 voir
722 2635 744 2663 la
756 2638 866 2663 Société
879 2635 1007 2663 Catalane
1019 2635 1175 2671 disparaître
1187 2645 1248 2663 sans
1261 2645 1294 2663 un
1308 2645 1360 2671 peu
1374 2635 1409 2662 de
1422 2641 1514 2671 regret.
1528 2638 1573 2663 Les
1585 2635 1684 2663 efforts
1696 2638 1850 2671 artistiques
1862 2645 1915 2671 que
1928 2645 1995 2663 vous
2007 2645 2070 2663 avez
2081 2635 2143 2663 faits
2156 2641 2206 2663 ont
2218 2635 2278 2671 déjà

310 2681 418 2716 produit
430 2690 472 2708 ses
485 2681 616 2708 résultats.
628 2683 708 2708 Votre
720 2690 816 2708 oeuvre
828 2690 842 2708 a
853 2684 900 2708 été
912 2681 977 2708 utile
988 2686 1017 2708 et
1029 2684 1124 2708 mérite
1137 2681 1174 2708 les
1187 2684 1388 2708 remerciments
1400 2681 1435 2708 de
1446 2686 1510 2708 tous
1523 2681 1561 2708 les
1573 2683 1716 2708 musiciens
1727 2691 1761 2708 »...

206 2763 220 2790 f
226 2766 258 2791 37.
309 2765 381 2799 Luigi
390 2764 567 2799 CHERUBINI
577 2764 740 2799 (1760-1842).
750 2766 796 2791 L.S.
805 2773 916 2791 comme
925 2764 1059 2791 directeur
1067 2764 1103 2791 du
1113 2766 1325 2795 Conservatoire,
1334 2766 1401 2791 Paris
1410 2766 1426 2791 8
1435 2763 1552 2791 octobre
1561 2766 1633 2794 1840,
1643 2766 1657 2791 à
1666 2763 1775 2791 Charles
1784 2763 1819 2791 de
1829 2766 1942 2795 Rémusat,
1952 2766 2069 2791 ministre
2078 2764 2114 2791 de
2125 2763 2266 2791 l'Intérieur
2274 2773 2278 2795 ;

308 2811 315 2836 1
329 2818 397 2844 page
410 2809 501 2839 in-fol.,
513 2811 622 2836 en-tête
634 2811 840 2836 Conservatoire
851 2809 886 2836 de
896 2812 1021 2844 Musique
1032 2814 1061 2836 et
1070 2809 1105 2836 de
1116 2809 1312 2836 Déclamation.
2162 2811 2278 2836 120/150

345 2871 443 2898 L’élève
458 2874 540 2898 Marie
555 2874 610 2898 Mas
623 2880 638 2898 a
651 2874 729 2898 cessé
742 2871 777 2898 de
790 2871 854 2898 faire
869 2874 954 2906 partie
968 2871 1003 2898 de
1018 2871 1040 2898 la
1053 2871 1140 2898 classe
1153 2871 1189 2898 de
1203 2874 1237 2898 M.
1252 2874 1346 2898 Baillot
1358 2880 1362 2898 :
1374 2881 1389 2894 «
1402 2876 1480 2906 ayant
1493 2880 1632 2898 concouru
1646 2874 1903 2898 consécutivement
1915 2873 1928 2898 3
1941 2871 2001 2902 fois,
2015 2880 2075 2898 sans
2089 2874 2160 2898 avoir
2173 2871 2278 2898 obtenu

309 2926 342 2943 un
356 2919 466 2943 Premier
479 2919 535 2947 Prix,
549 2916 562 2943 il
575 2925 609 2943 ne
621 2919 738 2952 pouvait,
750 2925 799 2943 aux
810 2921 912 2943 termes
924 2916 973 2943 des
986 2916 1143 2952 règlemens,
1155 2919 1240 2943 suivre
1253 2916 1311 2952 plus
1324 2916 1479 2952 longtemps
1492 2916 1529 2943 les
1541 2925 1620 2943 cours
1632 2916 1667 2943 du
1680 2918 1886 2943 Conservatoire
1897 2926 1917 2943 ».
1929 2918 2011 2943 Cette
2024 2925 2129 2943 mesure
2140 2926 2154 2939 «
2166 2925 2199 2943 ne
2212 2921 2278 2952 peut

308 2961 411 2997 qu’être
422 2961 559 2989 favorable
570 2971 619 2989 aux
632 2964 741 2997 progrès
752 2961 802 2989 des
813 2961 912 2989 études
924 2971 957 2989 en
970 2964 1088 2989 excitant
1099 2961 1248 2997 davantage
1262 2961 1425 2989 l’émulation
1437 2961 1486 2989 des
1498 2961 1590 2989 élèves
1601 2972 1635 2989 »...

2329 3079 2343 3103 7
