2480 3188
227 312 258 342 51.
306 312 373 342 Jean
386 309 550 344 DUBUFFET
561 309 721 344 (1901-1985).
734 311 780 336 L.S.
792 318 856 336 avec
868 311 881 336 3
894 309 976 345 lignes
987 309 1169 345 autographes
1181 314 1210 336 et
1223 309 1302 336 lettre
1313 309 1560 345 dactylographiée,
1572 312 1586 336 à
1599 309 1717 344 Maurice
1729 309 1908 344 [Auberjonois]
1920 319 1924 340 ;
1936 311 1951 336 2
1962 315 1991 336 et
2002 312 2009 336 1
2023 318 2105 345 pages
2118 311 2179 336 in-8.

2149 356 2278 382 250/300

346 416 473 443 Vendredi
483 419 502 443 11
511 426 515 443 :
524 426 538 439 «
548 418 585 444 Ce
595 425 649 452 que
657 416 741 451 j'aime
751 416 818 443 dans
828 419 950 452 Carnage
961 416 1005 451 [de
1012 418 1125 452 Jacques
1135 416 1270 451 Audiberti],
1280 416 1344 443 c’est
1355 416 1486 443 l'identité
1495 416 1531 443 de
1540 425 1586 443 ces
1596 416 1666 443 deux
1678 425 1861 452 personnages
1872 416 2099 452 mythologiques,
2111 419 2150 443 Mr
2160 418 2278 452 Carnage

308 467 337 489 et
354 461 479 489 madame
496 471 524 489 sa
539 461 651 489 femelle
668 462 713 496 [...].
726 461 813 493 J’aime
829 471 883 497 que
901 461 1008 489 l'auteur
1024 471 1053 489 se
1069 464 1123 489 soit
1139 461 1249 497 complu
1266 464 1281 489 à
1297 467 1373 489 cette
1391 461 1505 489 identité
1522 471 1525 488 :
1542 461 1611 489 voilà
1628 461 1746 497 quelque
1763 461 1849 489 chose
1865 461 1900 489 de
1916 464 1966 489 vrai
1984 466 2013 489 et
2029 461 2064 489 de
2081 461 2231 489 révélateur
2246 472 2278 489 »...

310 509 355 534 Les
370 509 580 534 commentaires
595 516 637 534 sur
651 516 679 534 sa
695 510 818 542 peinture
834 506 896 534 l’ont
910 509 1047 534 vivement
1062 509 1198 537 intéressé,
1214 509 1278 534 mais
1292 516 1307 529 «
1319 509 1345 542 je
1361 516 1394 534 ne
1409 509 1461 534 suis
1477 516 1523 542 pas
1538 509 1581 534 sûr
1595 516 1648 542 que
1663 510 1717 534 soit
1732 507 1792 534 bien
1807 506 1912 534 fondée
1926 512 2003 534 votre
2018 509 2130 542 opinion
2146 516 2188 534 sur
2202 512 2279 534 cette

309 552 548 587 correspondance
557 561 610 587 que
619 561 686 579 vous
695 561 832 587 supposez
841 557 917 579 entre
928 552 1035 579 l’amour
1044 561 1097 587 que
1107 557 1187 587 porte
1197 552 1220 579 le
1230 555 1334 587 peintre
1343 555 1358 579 à
1367 561 1416 579 son
1426 552 1538 579 modèle
1547 552 1584 587 [...]
1596 552 1767 579 l’inclinaison
1777 554 1819 587 qui
1830 552 1990 579 s’ensuivrait
1999 555 2013 579 à
2022 561 2074 579 une
2084 552 2278 587 reproduction

310 597 462 632 procédant
476 597 535 624 d’un
551 600 644 624 stricte
660 597 782 624 réalisme
796 597 879 624 visuel
896 597 940 632 [...].
952 600 980 628 Je
996 600 1071 632 peins
1087 600 1255 624 maintenant
1269 597 1318 624 des
1333 606 1398 624 vues
1413 597 1448 624 de
1464 600 1534 624 Paris.
1551 597 1615 624 Elles
1630 602 1694 624 sont
1709 597 1912 632 passablement
1927 597 2078 624 délirantes.
2090 600 2118 628 Je
2133 597 2250 624 cherche
2264 600 2279 624 à

310 642 482 669 matérialiser
498 642 671 678 l’impression
687 651 740 678 que
753 642 790 677 j’ai
806 642 841 669 de
857 645 927 673 Paris,
942 642 978 669 de
994 642 1016 669 la
1032 651 1077 669 rue
1092 645 1106 669 à
1122 645 1192 673 Paris,
1208 645 1222 669 à
1236 647 1331 678 capter
1347 642 1486 669 l’émotion
1502 652 1555 677 que
1571 651 1615 669 me
1629 642 1723 669 donne
1738 651 1770 669 ce
1785 645 1861 677 sujet,
1876 651 1940 669 sous
1956 651 1984 669 sa
2000 642 2058 678 plus
2074 642 2155 669 haute
2169 645 2278 669 tension

310 687 430 723 possible
440 698 459 715 ».
470 689 513 715 On
525 697 559 715 ne
570 693 636 723 peut
646 687 780 715 atteindre
790 687 848 714 cela
860 697 905 723 par
915 696 967 715 une
978 687 1068 723 photo
1078 687 1156 715 d’une
1168 697 1212 714 rue
1223 687 1258 714 de
1269 690 1333 715 Paris
1343 697 1347 714 :
1356 697 1371 710 «
1382 687 1395 714 il
1405 687 1464 714 faut
1474 687 1509 715 de
1518 692 1599 715 toute
1610 690 1746 715 nécessité
1757 691 1872 715 recourir
1881 690 1895 714 à
1905 687 2019 715 d’autres
2030 697 2149 723 moyens.
2160 687 2198 723 [...]
2208 690 2279 714 Vous

309 742 404 764 verrez,
417 732 506 768 quand
520 742 586 760 vous
598 732 671 760 ferez
683 735 856 760 vous-même
868 732 904 760 de
918 732 940 760 la
953 735 1082 768 peinture,
1096 733 1133 767 [...]
1146 742 1213 760 vous
1225 742 1292 760 vous
1307 732 1419 760 lasserez
1431 735 1499 760 aussi
1512 732 1548 760 de
1560 742 1592 760 ce
1606 732 1727 760 réalisme
1740 732 1822 760 visuel
1835 732 1976 763 décevant,
1989 742 2056 760 vous
2068 742 2143 760 serez
2154 735 2252 760 amené
2264 736 2279 760 à

309 778 438 805 chercher
449 778 498 805 des
511 787 623 813 moyens
636 778 695 813 plus
706 777 849 813 expressifs
861 788 881 805 ».
894 778 908 805 Il
920 780 1013 813 ajoute
1025 778 1039 805 à
1052 778 1074 805 la
1087 780 1155 805 main
1168 787 1172 805 :
1183 788 1197 800 «
1209 780 1241 805 Le
1251 778 1361 805 tableau
1373 778 1408 805 de
1421 781 1537 805 Humblot
1548 787 1578 805 va
1591 778 1658 808 bien,
1671 787 1718 813 pas
1730 778 1765 805 de
1777 778 1953 813 craquelures,
1966 787 2013 813 pas
2025 778 2061 805 de
2073 780 2279 805 noircissement

309 823 346 858 [...]
355 823 405 854 J’en
418 823 515 858 prends
526 823 606 858 grand
618 826 677 850 soin
688 826 720 850 »...
731 823 879 850 Dimanche
888 825 923 850 30
933 823 1003 850 avril.
1017 823 1030 850 Il
1043 823 1074 850 lui
1086 823 1252 850 commande
1263 832 1296 850 un
1308 828 1383 850 autre
1392 823 1503 858 jambon
1515 832 1519 850 :
1529 833 1543 845 «
1554 825 1586 850 Le
1596 823 1671 850 dîner
1683 826 1776 850 Drouin
1789 826 1896 850 Paulhan
1907 832 1922 850 a
1932 826 1979 850 été
1991 823 2170 850 brillamment
2182 826 2262 850 réussi
2274 832 2278 850 :

308 868 388 904 grand
404 871 505 895 entrain
520 868 633 904 général.
649 871 694 895 Les
708 868 779 895 foies
792 877 849 904 gras
864 873 914 895 ont
927 868 976 895 fait
990 868 1126 895 merveille
1139 878 1154 891 »
1167 870 1214 895 Ses
1229 871 1365 903 peintures
1379 868 1442 895 font
1457 868 1546 903 l’objet
1559 878 1573 891 «
1587 868 1646 895 d’un
1661 868 1811 895 ahurissant
1825 871 1920 895 succès
1936 869 1939 895 !
1954 868 2035 904 grand
2051 873 2229 895 mouvement
2243 868 2278 895 de

308 916 405 944 visites,
420 913 456 941 de
470 916 590 944 courrier,
605 913 641 941 de
655 913 887 941 démonstrations
902 913 1093 949 approbatives
1107 923 1127 940 ».
1141 916 1209 940 Tout
1223 913 1281 941 cela
1297 913 1324 940 l'a
1339 913 1475 949 empêché
1489 913 1525 940 de
1538 913 1671 944 travailler,
1686 919 1715 940 et
1731 913 1744 940 il
1759 918 1873 949 compte
1889 913 1997 941 bientôt
2012 918 2111 941 mettre
2125 913 2160 940 fin
2175 923 2189 936 «
2203 916 2217 941 à
2232 922 2278 940 ces

307 958 441 986 festivités
453 958 596 986 flatteuses
608 961 672 986 mais
686 961 854 994 importunes
865 969 898 986 »...

202 1098 216 1125 f
223 1100 260 1125 52.
309 1098 372 1125 Paul
384 1099 495 1133 DUKAS
506 1099 667 1133 (1865-1935).
680 1100 764 1129 L.A.S.,
773 1098 855 1129 Jeudi,
867 1101 881 1125 à
894 1107 927 1125 un
939 1101 989 1125 ami
1002 1108 1006 1128 ;
1018 1100 1032 1125 2
1045 1107 1126 1134 pages
1140 1100 1201 1125 in-8.
2153 1100 2278 1125 150/200

342 1170 357 1183 «
371 1162 409 1187 Ce
425 1160 489 1187 n’est
505 1169 551 1196 pas
567 1169 600 1187 un
616 1169 671 1187 non
685 1165 749 1187 tout
763 1169 816 1187 sec.
833 1160 846 1187 Il
862 1165 905 1187 est
919 1160 1016 1187 tendre
1031 1169 1035 1191 ;
1051 1160 1064 1187 il
1080 1165 1123 1187 est
1139 1160 1278 1187 ruisselant
1293 1160 1328 1187 de
1344 1165 1450 1195 regrets,
1465 1160 1620 1187 débordant
1635 1160 1771 1187 d’excuses
1786 1160 1920 1187 amicales.
1936 1163 2002 1187 Mais
2017 1160 2082 1187 c’est
2097 1169 2130 1187 un
2145 1169 2200 1187 non
2215 1165 2278 1187 tout

308 1205 344 1232 de
359 1208 456 1232 même.
468 1205 506 1236 J'ai
521 1210 581 1232 tant
596 1205 635 1232 dit
649 1208 663 1232 à
677 1211 737 1232 tant
751 1205 787 1232 de
801 1214 866 1241 gens
881 1215 934 1241 que
947 1208 973 1240 je
988 1205 1116 1232 n’écrirais
1132 1208 1184 1232 rien
1200 1215 1242 1232 sur
1258 1205 1280 1232 la
1295 1208 1418 1241 musique
1432 1205 1489 1232 d’ici
1507 1205 1662 1241 longtemps
1676 1215 1730 1241 que
1743 1208 1768 1240 je
1784 1215 1817 1232 ne
1833 1215 1902 1241 peux
1918 1214 1964 1241 pas
1979 1210 2008 1232 et
2023 1214 2056 1232 ne
2071 1215 2137 1232 veux
2153 1215 2200 1241 pas
2214 1205 2278 1232 faire

309 1250 500 1286 d’exceptions,
513 1253 603 1278 même
615 1260 683 1286 pour
696 1250 718 1278 la
730 1250 895 1286 Symphonie
906 1250 1073 1286 fantastique
1084 1265 1103 1268 -
1115 1250 1216 1278 vieilles
1228 1260 1335 1278 amours
1347 1265 1366 1268 -
1379 1253 1401 1277 ni
1415 1260 1483 1286 pour
1494 1260 1561 1278 vous
1573 1266 1592 1268 -
1603 1253 1727 1286 toujours
1737 1253 1818 1286 jeune
1831 1251 1835 1278 !
1847 1260 1881 1278 »...

203 1390 216 1417 f
224 1392 259 1417 53.
310 1390 446 1417 Eleonora
458 1390 541 1425 DUSE
552 1390 709 1425 (1858-1924)
721 1393 827 1417 actrice.
840 1393 1017 1417 Photographie
1028 1393 1126 1426 signée,
1139 1390 1254 1417 Londres
1265 1392 1333 1417 1900
1345 1400 1349 1420 ;
1360 1392 1411 1421 16,5
1423 1400 1436 1417 x
1447 1392 1500 1421 10,5
1512 1399 1554 1417 cm
1567 1399 1609 1417 sur
1620 1395 1715 1417 carton
1727 1393 1742 1417 à
1755 1390 1777 1417 la
1789 1399 1898 1426 marque
1910 1390 1945 1417 du
1958 1390 2156 1426 photographe.

2145 1437 2278 1463 200/300

345 1500 413 1524 Beau
426 1500 538 1533 portrait
549 1497 584 1524 de
597 1497 709 1524 l’actrice
721 1506 754 1524 en
767 1497 846 1524 buste
858 1500 903 1533 par
915 1500 980 1528 Bary,
992 1500 1124 1524 ancienne
1136 1497 1336 1533 photographie
1348 1500 1463 1533 Benque,
1474 1500 1548 1533 signé
1559 1503 1588 1524 et
1599 1497 1663 1524 daté
1675 1500 1689 1524 à
1702 1497 1795 1524 l’encre
1807 1497 1887 1524 bleue
1898 1507 1902 1524 :
1912 1507 1927 1520 «
1939 1497 2067 1524 Eleonora
2080 1500 2150 1524 Duse
2163 1497 2278 1524 Londres

308 1544 374 1569 1890
385 1552 405 1570 ».

204 1685 258 1709 P54.
309 1682 446 1709 Eleonora
458 1684 546 1709 DUSE.
559 1684 643 1713 L.A.S.,
655 1684 670 1709 2
680 1685 779 1717 janvier
790 1684 862 1712 1902,
874 1685 888 1709 à
900 1691 949 1709 son
961 1682 1026 1709 cher
1037 1684 1112 1709 Sarro
1124 1692 1128 1713 ;
1139 1685 1146 1709 1
1161 1691 1228 1717 page
1241 1685 1310 1717 petit
1323 1685 1377 1709 in-4
1388 1685 1403 1709 à
1416 1682 1509 1709 l’encre
1520 1682 1636 1709 violette
1648 1692 1651 1711 ;
1663 1691 1696 1709 en
1710 1682 1806 1709 italien.
2158 1684 2278 1709 100/120

345 1744 395 1771 Elle
408 1753 422 1771 a
436 1744 531 1771 besoin
544 1744 580 1771 de
594 1744 625 1771 lui
641 1744 726 1779 parler
738 1744 773 1771 de
786 1744 886 1771 choses
899 1744 1017 1771 diverses
1030 1749 1059 1771 et
1073 1744 1169 1771 l’invite
1182 1747 1196 1771 à
1209 1747 1280 1771 venir
1294 1744 1316 1771 la
1329 1747 1385 1771 voir
1397 1744 1411 1771 à
1426 1744 1517 1771 l’hôtel
1532 1744 1673 1771 Helvetia...
1687 1746 1730 1771 On
1740 1753 1806 1774 joint
1818 1753 1871 1771 une
1885 1746 1961 1771 L.A.S.
1975 1744 2010 1771 de
2024 1747 2143 1778 François
2156 1744 2191 1771 de
2204 1746 2280 1771 Curel

309 1789 388 1824 (1912).

222 1932 258 1956 55.
308 1931 432 1956 Antoine
444 1924 521 1964 ÉTEX
533 1929 688 1964 (1808-1881)
700 1929 842 1965 sculpteur.
855 1931 939 1959 L.A.S.,
951 1931 984 1956 26
995 1929 1112 1956 octobre
1125 1930 1214 1964 [1854],
1226 1932 1240 1956 à
1253 1932 1287 1956 M.
1300 1932 1380 1959 Lépine,
1392 1929 1541 1956 architecte
1552 1938 1556 1960 ;
1567 1931 1574 1956 1
1589 1938 1657 1965 page
1670 1931 1731 1959 in-8,
1743 1929 1858 1956 adresse.
2158 1931 2278 1956 100/120

343 2001 357 2014 «
366 1994 394 2023 Je
407 1994 460 2019 vais
472 2001 504 2019 ce
517 1994 598 2019 matin
612 1994 702 2019 même
716 1991 867 2027 m’occuper
879 1991 915 2019 de
929 1991 951 2019 la
964 1994 1122 2027 permission
1137 2001 1205 2027 pour
1218 1991 1318 2019 relever
1331 1991 1354 2019 le
1368 1997 1530 2019 monument
1542 1991 1577 2019 de
1589 1994 1687 2019 Vauban
1700 2001 1749 2019 aux
1763 1991 1896 2019 Invalides.
1910 1992 1949 2026 [...]
1962 1991 2032 2019 C’est
2045 2001 2091 2027 par
2104 1991 2128 2019 le
2140 1991 2229 2019 dessin
2243 1991 2278 2019 de

308 2037 415 2064 Vauban
427 2046 481 2072 que
491 2040 516 2072 je
528 2037 665 2064 désirerais
677 2046 744 2064 vous
756 2040 811 2064 voir
822 2046 998 2064 commencer
1009 2047 1043 2064 »...

220 2180 258 2204 56.
309 2179 392 2204 Henri
405 2177 673 2212 FANTIN-LATOUR
683 2177 849 2212 (1836-1904).
863 2179 947 2208 L.A.S.,
959 2177 1072 2212 Samedi,
1085 2172 1109 2212 [à
1122 2172 1231 2204 Étienne
1243 2178 1486 2212 Moreau-Nélaton]
1498 2187 1502 2208 ;
1514 2180 1521 2204 1
1535 2186 1603 2213 page
1616 2179 1677 2204 in-8.
2153 2179 2278 2204 150/200

345 2239 359 2267 il
371 2239 395 2267 le
406 2242 533 2267 remercie
543 2239 578 2267 de
588 2242 638 2267 son
648 2242 799 2275 Bonington
809 2249 813 2267 :
822 2250 837 2262 «
846 2242 916 2267 Vous
928 2249 1028 2275 pensez
1037 2242 1056 2267 si
1069 2239 1092 2267 le
1102 2242 1173 2275 sujet
1183 2239 1348 2267 m’intéresse
1359 2240 1362 2266 !
1375 2242 1593 2267 Permettez-moi
1604 2239 1639 2267 de
1649 2249 1716 2267 vous
1726 2239 1801 2267 offrir
1812 2249 1864 2267 une
1874 2242 1991 2275 épreuve
2001 2249 2044 2267 sur
2054 2242 2146 2275 papier
2157 2239 2278 2267 verdâtre

308 2285 344 2312 de
356 2294 398 2312 ma
411 2285 595 2320 lithographie.
604 2285 642 2316 J’ai
654 2288 752 2312 trouvé
765 2285 848 2312 l’effet
860 2285 1011 2320 préférable
1022 2287 1056 2312 »...
1068 2287 1111 2312 On
1121 2294 1186 2315 joint
1197 2294 1249 2312 une
1262 2285 1319 2312 l.a.s.
1331 2285 1366 2312 de
1378 2294 1406 2312 sa
1417 2294 1503 2312 veuve
1514 2288 1528 2312 à
1541 2287 1617 2312 Henri
1630 2287 1745 2312 Oulevay.

225 2428 258 2452 57.
309 2425 422 2452 Gabriel
434 2419 535 2460 FAURÉ
546 2425 709 2460 (1845-1924).
721 2427 734 2452 3
746 2428 872 2452 partitions
884 2428 1037 2460 imprimées
1048 2434 1082 2452 en
1094 2425 1198 2452 édition
1211 2425 1338 2461 originale
1350 2434 1414 2452 avec
1426 2434 1506 2452 envois
1517 2425 1699 2461 autographes
1711 2428 1799 2461 signés
1810 2434 1814 2456 ;
1827 2425 1912 2452 in-fol.
2143 2427 2278 2452 400/500

344 2490 395 2515 Ces
415 2490 557 2523 partitions
576 2493 640 2515 sont
658 2487 775 2515 offertes
795 2497 840 2523 par
860 2490 937 2515 Fauré
956 2490 970 2519 à
986 2487 1095 2519 Juliette
1114 2487 1258 2518 d'EicHTHAL,
1277 2487 1331 2515 fille
1350 2487 1386 2515 de
1405 2497 1454 2515 son
1474 2490 1524 2515 ami
1545 2490 1649 2523 Eugène
1668 2487 1812 2522 d’Eichthal
1832 2487 1996 2522 (1844-1936),
2016 2487 2040 2515 le
2059 2487 2223 2515 dédicataire
2242 2487 2277 2515 du

308 2535 324 2560 6
326 2537 335 2547 e
346 2536 492 2560 Nocturne.

344 2581 497 2606 Nocturnes
505 2588 576 2614 pour
583 2582 667 2614 piano
677 2588 681 2606 :
692 2581 708 2606 7
707 2579 743 2593 éme
751 2581 898 2610 Nocturne,
908 2581 984 2614 op.74
994 2579 1018 2614 (J.
1029 2578 1157 2610 Hamelle,
1167 2584 1266 2614 cotage
1275 2579 1353 2614 4483)
1363 2588 1367 2610 ;
1377 2588 1419 2606 sur
1430 2579 1452 2606 la
1462 2588 1544 2609 couv.,
1554 2588 1621 2606 envoi
1632 2588 1636 2606 :
1646 2581 1660 2606 «
1669 2581 1683 2606 à
1694 2579 1903 2606 Mademoiselle
1910 2579 2019 2610 Juliette
2029 2578 2172 2606 d’Eichthal
2183 2581 2204 2606 /
2214 2588 2278 2606 avec

309 2624 380 2651 mille
392 2627 497 2651 amitiés
508 2626 529 2651 /
541 2624 646 2651 Gabriel
660 2627 737 2651 Fauré
748 2634 763 2647 »
773 2624 844 2659 (cart.
856 2624 923 2651 toile
936 2624 1033 2660 rouge).

343 2670 442 2697 FHeuse
452 2670 572 2705 (extraite
582 2670 617 2697 de
627 2670 727 2697 Pelléas
737 2675 766 2697 et
773 2670 940 2705 Mélisande),
949 2673 1139 2705 transcription
1151 2679 1219 2705 pour
1229 2673 1310 2705 piano
1321 2679 1367 2705 par
1376 2670 1465 2697 Alfred
1477 2672 1576 2697 Cortot
1585 2670 1609 2704 (J.
1620 2670 1748 2701 Hamelle,
1758 2675 1857 2705 cotage
1864 2670 1987 2705 J.4773H.)
2005 2679 2008 2700 ;
2019 2679 2061 2697 sur
2072 2670 2094 2697 la
2104 2679 2186 2701 couv.,
2196 2679 2263 2697 envoi
2274 2679 2278 2697 :

307 2718 322 2743 «
333 2718 347 2743 à
360 2715 568 2743 Mademoiselle
577 2715 686 2747 Juliette
697 2715 841 2743 d’Eichthal
853 2717 874 2743 /
885 2725 950 2743 avec
962 2715 1033 2743 mille
1045 2718 1150 2743 amitiés
1161 2717 1182 2743 /
1194 2715 1299 2743 Gabriel
1313 2718 1390 2743 Fauré
1401 2726 1415 2738 »
1426 2716 1497 2750 (cart.
1509 2715 1576 2743 toile
1589 2716 1686 2751 rouge).

344 2764 447 2796 Hymne
462 2764 478 2788 à
492 2761 617 2796 Apollon.
633 2761 721 2788 Chant
735 2763 804 2788 Grec
819 2761 854 2788 du
872 2764 893 2788 III
897 2765 906 2776 e
920 2761 1003 2788 siècle
1018 2766 1096 2788 avant
1107 2763 1159 2792 J.C.,
1174 2764 1363 2796 transcription
1380 2770 1426 2796 par
1439 2761 1585 2788 Théodore
1601 2761 1721 2792 Reinach,
1737 2766 2003 2797 accompagnement
2018 2770 2064 2797 par
2079 2761 2184 2788 Gabriel
2201 2764 2278 2788 Fauré

309 2807 349 2842 (O.
361 2809 535 2836 Bornemann,
545 2809 615 2837 1894,
626 2812 725 2842 cotage
737 2809 752 2833 B
763 2807 833 2842 2301)
845 2816 848 2837 ;
859 2816 902 2834 sur
914 2807 936 2834 la
946 2816 1028 2837 couv.,
1039 2816 1106 2834 envoi
1117 2816 1121 2834 :
1131 2809 1145 2834 «
1155 2809 1170 2834 à
1181 2807 1390 2834 Mademoiselle
1397 2807 1506 2838 Juliette
1517 2806 1661 2834 d’Eichthal
1672 2808 1693 2834 /
1703 2806 1861 2834 affectueux
1873 2806 2017 2842 hommage
2028 2808 2049 2834 /
2060 2807 2165 2834 Gabriel
2178 2809 2255 2834 Fauré
2265 2817 2279 2829 »

309 2852 427 2887 (broché,
440 2861 521 2879 rouss.
533 2862 537 2882 ;
549 2862 581 2879 au
593 2862 672 2879 verso
683 2852 718 2879 de
732 2852 753 2879 la
765 2862 847 2883 couv.,
859 2862 895 2879 on
907 2862 921 2879 a
932 2852 1004 2879 collé
1017 2862 1069 2879 une
1079 2855 1269 2888 transcription
1282 2861 1321 2879 ms
1332 2852 1367 2879 du
1380 2852 1462 2879 chant
1473 2852 1550 2888 grec).
1562 2855 1605 2879 On
1616 2855 1685 2887 joint
1698 2852 1720 2879 la
1731 2855 1746 2879 2
1748 2856 1757 2867 e
1768 2852 1810 2879 éd.
1823 2862 1902 2879 revue
1913 2857 1943 2879 et
1954 2855 2080 2888 corrigée.

2323 3079 2347 3103 13
