2480 3188
908 206 1260 239 CHANSONNIERS
1274 210 1316 239 et
1330 206 1446 239 CHAT
1461 206 1574 239 NOIR

229 357 258 382 17.
309 356 479 390 Dominique
496 355 667 390 BONNAUD
685 355 848 390 (1864-1943).
867 358 975 382 Environ
994 358 1024 382 55
1042 357 1119 382 L.A.S.
1137 358 1151 382 à
1170 358 1236 390 Lucy
1254 355 1438 390 Pezet-Chabert
1454 355 1532 390 (dont
1549 364 1599 390 qqs
1616 358 1630 382 à
1648 364 1697 382 son
1716 355 1788 390 mari)
1806 364 1809 386 ;
1827 357 1867 382 110
1885 364 1967 390 pages
1984 355 2097 382 formats
2115 355 2207 386 divers,
2226 364 2278 382 une

309 400 472 435 enveloppe.
2147 402 2278 427 200/250

344 464 498 489 Affectueuse
514 471 727 489 correspondance
742 467 756 489 à
772 471 799 489 sa
816 472 866 489 fille
882 471 997 493 adoptive,
1015 465 1051 489 où
1070 462 1083 489 il
1101 467 1144 489 est
1161 465 1288 497 question
1306 462 1341 489 de
1359 462 1441 489 bruits
1458 462 1618 489 calamiteux
1636 462 1671 489 de
1690 462 1712 489 la
1729 464 1829 489 Guerre
1847 462 1928 497 (1918),
1944 465 2075 489 tournées
2092 471 2126 489 en
2144 465 2278 498 province,

308 512 503 543 engagements
517 510 531 534 à
545 507 567 534 la
581 507 670 537 Radio,
684 510 786 542 projets
799 507 834 534 de
848 510 935 534 Numa
949 510 1007 538 Blés,
1020 507 1175 543 spectacles
1188 507 1202 534 à
1215 507 1240 534 la
1253 510 1322 534 Lune
1334 510 1441 538 Rousse,
1455 516 1544 538 vœux,
1557 507 1677 543 chagrins
1690 507 1726 534 de
1739 516 1818 534 cœur
1831 507 1912 542 (mort
1925 507 1960 534 de
1974 507 2129 542 Raymonde
2143 507 2278 537 Bonnaud,

308 553 387 587 1930),
404 552 581 579 l’imminence
596 552 675 579 d’une
691 552 817 580 nouvelle
832 562 945 588 guerre...
960 562 974 575 «
986 552 1025 584 J’ai
1041 552 1111 579 deux
1128 552 1233 580 bonnes
1249 552 1384 580 chansons
1401 562 1469 588 pour
1483 555 1529 579 toi.
1542 552 1580 583 J’ai
1597 555 1779 580 entièrement
1795 552 1871 580 refait
1886 552 1911 580 la
1926 552 2011 579 Mode
2026 555 2042 579 à
2057 555 2130 579 Paris.
2146 555 2210 580 Sans
2226 562 2278 580 une

308 597 501 625 cochonnerie.
516 597 586 625 C'est
600 597 724 625 devenue
740 607 792 625 une
806 597 892 625 chose
908 597 1052 633 beaucoup
1068 597 1126 633 plus
1140 597 1194 625 fine
1209 603 1238 625 et
1253 600 1402 633 parisienne
1417 607 1470 633 que
1484 603 1513 625 tu
1529 597 1596 625 diras
1611 597 1838 625 délicieusement
1851 608 1885 625 »...
1901 600 1978 625 Envoi
1994 597 2029 625 de
2044 607 2101 625 vers
2116 607 2120 625 :
2134 608 2148 620 «
2163 597 2252 625 Benda
2266 598 2278 625 ?

310 645 438 678 Pourquoi
453 643 542 670 Benda
554 643 566 670 ?
579 645 708 678 Pourquoi
721 652 754 670 ce
767 652 831 670 nom
845 643 963 670 bizarre...
975 653 1016 674 »...,
1029 638 1058 670 et
1068 638 1088 670 À
1101 643 1169 670 celle
1180 646 1225 678 qui
1236 643 1286 670 m'a
1298 643 1386 670 trahi...
1400 642 1551 670 Réflexions
1564 652 1606 670 sur
1618 643 1667 670 des
1679 652 1737 670 vers
1750 643 1785 670 de
1798 645 1873 670 Louis
1887 643 2030 670 Bouilhet...
2044 645 2113 670 Dans
2125 652 2171 670 ces
2185 643 2278 670 lettres

309 693 426 715 souvent
439 688 558 723 longues,
571 697 607 715 on
621 693 764 715 rencontre
776 691 844 715 aussi
859 688 896 715 les
909 697 988 715 noms
1000 688 1035 715 de
1049 691 1194 723 Duvernoy,
1207 688 1295 715 André
1308 688 1343 715 de
1356 688 1446 719 Lorde,
1458 688 1618 719 Willemetz,
1631 691 1718 718 Dorin,
1731 690 1782 715 etc.
1795 690 1838 718 On
1848 690 1914 718 joint
1925 690 1941 715 9
1955 688 2048 715 lettres
2060 697 2096 715 ou
2109 693 2197 715 cartes
2210 697 2251 715 a.s.
2264 691 2278 715 à

310 736 400 760 Ernest
412 736 569 768 Lajeunesse
580 738 610 760 et
620 736 635 760 à
646 733 739 760 divers.

224 818 258 843 18.
307 816 460 843 Théodore
471 816 594 851 BOTREL
604 816 769 851 (1868-1925).
780 818 813 843 26
825 818 902 843 L.A.S.
913 825 949 843 ou
961 821 1049 843 cartes
1060 821 1089 843 et
1100 825 1133 843 un
1144 825 1276 843 manuscrit
1286 825 1335 847 a.s.,
1346 825 1403 843 vers
1414 818 1554 847 1903-1921,
1565 818 1579 843 à
1590 818 1711 851 Georges
1723 818 1899 847 Montorgueil
1909 825 1913 847 ;
1924 818 1957 843 29
1969 825 2050 851 pages
2060 815 2174 843 formats
2185 816 2278 847 divers,

309 870 358 896 qqs
370 861 492 888 adresses
504 861 572 896 (plus
585 870 618 888 un
629 861 822 896 télégramme).
2149 863 2278 888 250/300

343 918 363 949 À
378 925 499 957 François
513 925 631 958 Coppée,
647 926 724 958 pièce
738 923 773 950 de
787 925 803 950 8
817 923 950 958 strophes.
966 925 1119 950 Invitations
1133 925 1147 950 à
1161 923 1210 950 des
1224 923 1360 950 auditions
1374 923 1409 950 de
1423 923 1559 950 chansons
1573 923 1720 953 nouvelles,
1734 926 1749 950 à
1764 923 1786 950 la
1801 925 2016 958 représentation
2030 923 2066 950 de
2079 925 2278 950 Notre-Dame-

309 968 439 999 Guesclin,
451 971 465 995 à
478 968 676 1003 l’inauguration
688 968 724 995 de
736 968 759 995 la
770 973 860 995 statue
871 968 907 995 de
915 971 1028 1003 Jacques
1039 970 1140 995 Cartier
1151 971 1165 995 à
1176 968 1359 995 Saint-Malo...
1371 970 1513 995 Souvenirs
1524 968 1559 995 de
1572 971 1716 999 Penvenan,
1728 973 1757 995 et
1768 968 1817 995 des
1827 978 1842 991 «
1854 968 1949 995 bardes
1960 973 2061 995 errants
2072 978 2086 990 »
2097 977 2130 995 en
2143 971 2278 1003 Bretagne,

309 1022 342 1040 en
356 1013 509 1040 Hollande...
523 1013 663 1040 Demande
675 1013 753 1040 d’une
767 1016 903 1040 interview
915 1013 981 1040 dans
993 1008 1101 1044 L'Éclair,
1115 1022 1183 1049 pour
1194 1013 1267 1040 aider
1280 1013 1302 1040 la
1315 1016 1394 1040 revue
1406 1016 1439 1040 La
1450 1016 1542 1040 Bonne
1554 1013 1702 1040 Chanson...
1715 1016 1797 1040 Prière
1808 1013 1934 1040 d'insérer
1945 1013 2078 1049 quelques
2090 1013 2232 1044 chansons,
2245 1022 2279 1040 ne

309 1061 435 1086 serait-ce
447 1061 500 1094 que
511 1058 622 1089 Rosalie,
634 1061 663 1086 et
674 1061 746 1085 Dans
758 1058 783 1085 la
795 1058 943 1086 tranchée...
956 1061 1029 1086 Note
1042 1058 1150 1094 rédigée
1161 1068 1193 1086 au
1205 1058 1285 1089 front,
1297 1067 1340 1086 sur
1349 1061 1364 1085 «
1374 1058 1484 1089 Rosalie,
1496 1067 1567 1094 pour
1576 1058 1699 1094 désigner
1710 1058 1735 1086 la
1746 1058 1907 1085 baïonnette
1918 1068 1952 1086 »...
1962 1061 2042 1086 Texte
2054 1058 2089 1086 de
2101 1068 2129 1085 sa
2140 1061 2253 1086 citation
2265 1061 2279 1086 à

311 1103 401 1131 l’ordre
412 1103 446 1131 du
458 1113 538 1139 corps
549 1103 671 1134 d’armée,
684 1113 752 1139 pour
762 1106 833 1131 avoir
842 1114 857 1126 «
867 1103 1010 1131 contribué
1021 1106 1035 1131 à
1046 1104 1220 1139 développer,
1231 1104 1298 1131 chez
1308 1109 1372 1131 tous
1383 1113 1450 1131 ceux
1461 1106 1503 1139 qui
1517 1103 1579 1131 l’ont
1589 1104 1718 1134 entendu,
1731 1104 1768 1131 les
1779 1106 1941 1131 sentiments
1952 1103 1987 1131 de
1999 1103 2070 1131 belle
2082 1103 2194 1131 humeur
2204 1109 2233 1131 et
2243 1103 2279 1131 de

310 1149 437 1176 bravoure
448 1158 513 1176 avec
526 1148 642 1184 lesquels
655 1148 682 1176 ils
694 1149 906 1184 accomplissent
918 1149 973 1176 leur
983 1149 1077 1176 devoir
1087 1149 1122 1176 de
1134 1148 1237 1176 soldats
1248 1152 1363 1176 ».Lot
1374 1149 1409 1176 de
1420 1154 1508 1176 cartes
1521 1149 1642 1184 postales
1654 1152 1779 1176 souvenir
1789 1159 1802 1171 «
1814 1149 1901 1176 Botrel
1913 1158 1945 1176 au
1957 1149 2065 1176 Canada
2076 1159 2096 1180 »,
2108 1158 2172 1176 avec
2183 1152 2262 1176 envoi
2275 1158 2278 1179 ;

309 1199 397 1221 cartes
409 1197 521 1229 signées,
533 1196 599 1221 etc...
611 1196 654 1224 On
664 1203 729 1224 joint
740 1203 773 1221 un
785 1194 924 1229 faire-part
935 1199 964 1221 et
975 1197 991 1220 4
1002 1199 1091 1221 cartes
1102 1197 1204 1229 vierges
1217 1196 1404 1229 représentant
1417 1194 1511 1225 Botrel,
1523 1203 1551 1221 sa
1562 1194 1665 1221 femme
1677 1199 1705 1221 et
1717 1203 1745 1221 sa
1756 1194 1817 1221 fille.

226 1279 258 1304 19.
309 1278 429 1312 Eugénie
443 1277 558 1311 BUFFET
571 1277 729 1311 (1866-1934)
743 1276 900 1304 chanteuse.
913 1279 942 1304 10
958 1279 1035 1304 L.A.S.
1049 1282 1078 1304 et
1091 1279 1098 1303 1
1115 1279 1167 1307 L.S.,
1183 1277 1205 1304 la
1220 1276 1327 1312 plupart
1340 1280 1354 1304 à
1369 1279 1490 1312 Georges
1505 1279 1681 1308 Montorgueil
1694 1286 1698 1308 ;
1712 1279 1747 1304 20
1762 1286 1844 1312 pages
1857 1276 1970 1304 formats
1985 1277 2078 1307 divers,
2092 1286 2141 1312 qqs
2155 1279 2278 1304 en-têtes

308 1324 420 1357 Eugénie
431 1321 524 1349 Buffet.
538 1322 657 1349 Cabaret
666 1324 807 1357 artistique
818 1324 832 1349 «
843 1324 876 1349 La
887 1324 967 1349 Purée
978 1332 992 1344 »
1003 1331 1067 1349 avec
1079 1324 1200 1357 vignette
1213 1324 1258 1357 par
1269 1322 1383 1357 Willette
1394 1321 1580 1357 (télégramme
1591 1327 1620 1349 et
1631 1327 1726 1349 carton
1738 1322 1905 1349 d’invitation
1916 1322 2014 1357 joints).
2153 1323 2278 1349 150/200

345 1384 396 1411 Elle
409 1393 470 1411 aura
485 1384 509 1411 le
523 1383 581 1419 plus
595 1383 675 1419 grand
691 1383 777 1419 plaisir
790 1387 804 1411 à
817 1394 831 1406 «
846 1383 1014 1419 réapplaudir
1027 1386 1041 1411 »
1054 1384 1178 1414 Coquelin
1192 1384 1258 1411 dans
1273 1386 1398 1419 Cyrano...
1413 1384 1553 1411 Demande
1567 1383 1658 1414 d’aide,
1674 1386 1893 1411 remerciements
1907 1389 1936 1411 et
1949 1393 2031 1411 vœux
2045 1393 2077 1411 au
2093 1384 2229 1411 Président
2242 1383 2277 1411 du

309 1428 416 1456 Conseil
428 1429 570 1464 municipal
580 1429 616 1456 de
627 1431 711 1456 Paris...
722 1429 773 1456 Elle
783 1438 812 1456 se
823 1431 919 1464 réjouit
929 1428 1097 1464 qu’Escudier
1106 1432 1142 1456 ait
1152 1429 1256 1456 obtenu
1268 1428 1458 1456 l’autorisation
1469 1429 1579 1456 d’ouvrir
1590 1429 1613 1456 le
1623 1429 1733 1456 cabaret
1742 1431 1775 1456 La
1785 1431 1885 1456 Purée...
1897 1432 2050 1456 Invitations
2060 1432 2074 1456 à
2085 1438 2137 1456 une
2148 1432 2278 1464 première

308 1474 429 1501 audition
443 1479 472 1501 et
484 1477 499 1501 à
513 1474 669 1501 l’ouverture
682 1474 717 1501 de
732 1474 754 1501 la
768 1474 901 1501 Nouvelle
914 1474 1055 1501 Athènes...
1069 1477 1150 1501 Prière
1163 1474 1198 1501 de
1211 1474 1275 1501 faire
1289 1479 1348 1509 part
1360 1474 1395 1501 de
1408 1483 1458 1501 son
1471 1476 1567 1501 succès
1580 1477 1594 1501 à
1608 1474 1756 1501 l’Eldorado
1769 1474 1804 1501 de
1818 1477 1894 1509 Lyon,
1907 1479 1936 1501 et
1948 1474 1983 1501 de
1997 1477 2152 1509 répercuter
2164 1474 2278 1501 d’autres

308 1519 414 1546 échos...
427 1521 470 1549 On
480 1521 545 1549 joint
555 1521 569 1546 3
582 1519 638 1546 l.a.s.
651 1519 686 1546 de
698 1519 819 1555 Léopold
831 1521 929 1546 Stevens
940 1528 973 1546 au
986 1522 1082 1546 même.

217 1664 258 1689 20.
308 1664 579 1689 CHANSONNIERS.
595 1662 650 1689 Plus
665 1662 700 1689 de
714 1664 766 1689 250
782 1662 881 1692 lettres,
897 1665 1054 1689 manuscrits
1069 1671 1105 1689 ou
1120 1662 1292 1693 documents,
1309 1662 1331 1689 la
1346 1662 1453 1697 plupart
1468 1664 1552 1693 L.A.S.,
1568 1662 1697 1697 plusieurs
1711 1665 1726 1689 à
1740 1664 1855 1692 en-tête,
1870 1662 2011 1689 adressées
2026 1662 2251 1697 principalement
2264 1665 2279 1689 à

309 1709 430 1742 Georges
443 1710 624 1738 Montorgueil,
636 1716 668 1734 au
682 1710 802 1734 Docteur
814 1710 877 1734 Pelet
888 1712 917 1734 et
928 1710 942 1734 à
954 1709 1088 1734 Constant
1099 1709 1230 1737 Coquelin.
2145 1709 2278 1734 500/700

345 1771 476 1796 Important
487 1778 598 1796 ensemble
608 1778 650 1796 sur
660 1778 694 1796 les
704 1778 881 1796 chansonniers
893 1779 919 1796 de
931 1772 1105 1796 Montmartre.

344 1814 472 1849 Allemand
486 1814 643 1849 (Eldorado),
647 1817 740 1841 Louise
756 1817 849 1845 Balthy,
861 1817 923 1845 Jean
940 1814 1018 1849 Bastia
1032 1814 1073 1849 (Le
1087 1814 1221 1849 Perchoir),
1237 1817 1355 1841 Maurice
1370 1814 1465 1849 Boukay
1479 1814 1523 1849 (11),
1539 1809 1618 1841 Émile
1633 1814 1763 1849 Bourdelin
1778 1814 1809 1849 (4,
1824 1817 1855 1841 Le
1870 1814 1995 1849 Caveau),
2011 1817 2105 1841 Lucien
2121 1814 2197 1849 Boyer
2210 1814 2259 1849 (ms
2274 1824 2278 1841 :

308 1859 680 1894 Pall-Mall-Montmartrois),
691 1861 812 1895 Georges
823 1861 927 1890 Chepfer,
938 1862 1057 1895 Auguste
1069 1860 1158 1894 Debray
1168 1859 1280 1894 (Moulin
1291 1859 1325 1886 de
1336 1859 1361 1886 la
1372 1859 1497 1894 Galette),
1509 1859 1566 1886 Paul
1578 1862 1676 1890 Delmet,
1688 1862 1795 1895 Hugues
1807 1861 1923 1890 Delorme,
1934 1859 2082 1886 Alexandre
2094 1862 2278 1890 Desrousseaux,

310 1905 424 1939 Dominus
435 1905 465 1939 (3.
476 1904 547 1932 dont
558 1914 591 1932 un
604 1914 643 1932 ms
654 1914 697 1932 sur
709 1907 774 1940 Lucy
787 1905 879 1940 Pezet),
892 1907 1010 1932 Maurice
1022 1905 1128 1939 Donnay
1138 1905 1177 1939 (5),
1190 1907 1261 1932 René
1273 1904 1351 1939 Dorin
1363 1904 1402 1939 (7),
1415 1907 1518 1932 Léonor
1530 1907 1627 1936 Dupille,
1635 1907 1748 1940 Jacques
1761 1905 1833 1939 Ferny
1844 1905 1897 1939 (10),
1909 1907 2030 1940 Georges
2042 1907 2188 1936 Fragerolle,
2201 1907 2277 1932 Henri

309 1950 379 1985 Fursy
390 1950 425 1985 (11,
437 1952 470 1977 La
482 1952 556 1977 Boîte
567 1953 584 1977 à
595 1952 677 1985 Fursy,
690 1950 748 1985 plus
760 1950 821 1977 doc.
834 1950 904 1977 dont
917 1949 940 1977 le
952 1959 991 1977 ms
1003 1949 1063 1977 d’un
1075 1949 1168 1977 article
1181 1950 1375 1985 nécrologique
1387 1959 1433 1985 par
1445 1952 1526 1977 Pierre
1539 1950 1657 1985 Brisson),
1670 1952 1726 1985 Eug.
1738 1952 1845 1981 Grange,
1858 1952 1980 1977 Narcisse
1992 1952 2082 1981 Lebeau,
2095 1950 2193 1977 Marcel
2207 1952 2279 1977 Legay

309 1995 357 2030 (13),
370 1995 440 2026 Jules
457 1995 513 2030 Lévy
528 1995 534 2030 (
535 1997 596 2022 Arts
612 1995 797 2030 incohérents),
814 1995 921 2022 Marthe
938 1995 977 2030 Lys
993 1995 1031 2030 (3),
1047 1997 1166 2030 Auguste
1183 1997 1289 2026 Martini,
1306 1995 1370 2022 Félix
1388 1997 1480 2026 Mayol,
1493 1995 1602 2026 Juliette
1619 1997 1705 2026 Méaly,
1722 1997 1840 2022 Maurice
1857 1997 1930 2026 Méry,
1943 1995 2013 2026 Jules
2030 1997 2141 2026 Mévisto,
2157 1997 2278 2030 Georges

309 2043 437 2071 Millandy,
451 2043 612 2071 Mily-Meyer,
622 2040 692 2071 Jules
705 2042 772 2071 Moy,
784 2042 854 2067 Yann
868 2040 945 2075 Nibor
956 2040 995 2075 (5),
1005 2040 1075 2071 Jules
1089 2042 1169 2071 Pacra,
1181 2042 1257 2067 Aimé
1270 2040 1338 2075 Patay
1350 2040 1406 2075 (25),
1420 2042 1512 2071 Paulus,
1525 2040 1614 2067 Clovis
1627 2040 1699 2075 Pierre
1711 2040 1751 2075 (6),
1765 2040 1834 2075 Polin
1847 2040 1886 2075 (7),
1899 2042 2004 2067 Octave
2018 2040 2114 2075 Pradels
2126 2040 2175 2075 (15),
2189 2043 2278 2067 Renée

309 2085 344 2112 de
355 2088 449 2117 Presles,
457 2088 519 2117 Jean
532 2088 553 2112 Ri
557 2085 598 2120 Eux
608 2085 637 2120 (3,
648 2088 680 2112 Le
690 2085 808 2120 Grillon),
820 2088 930 2112 Laurent
940 2085 975 2112 de
987 2085 1044 2120 Rillé
1055 2085 1094 2120 (7),
1103 2085 1184 2116 Jehan
1195 2085 1306 2120 Sarrazin
1317 2085 1369 2120 (18),
1379 2088 1492 2115 Tarquini
1504 2085 1572 2116 d’Or,
1582 2088 1689 2116 Thérésa,
1701 2088 1718 2112 F.
1729 2085 1852 2120 Verdellet
1862 2085 2019 2120 (Eldorado),
2030 2085 2139 2112 Charles
2149 2088 2278 2115 Virmaitre,

310 2130 365 2157 Bob
378 2130 476 2165 Walter
488 2130 527 2165 (5),
542 2130 640 2166 Miguel
654 2130 777 2165 Zamacoïs
790 2130 829 2165 (5),
843 2135 895 2158 etc.
909 2130 965 2158 Plus
978 2130 1027 2158 des
1041 2130 1177 2158 chansons
1191 2133 1366 2158 manuscrites
1380 2130 1415 2157 de
1430 2130 1557 2166 l’époque
1571 2130 1797 2158 révolutionnaire
1811 2136 1840 2157 et
1852 2130 1887 2157 du
1902 2133 1949 2157 XIX
1951 2134 1960 2145 e
1973 2130 2062 2161 siècle,
2076 2133 2108 2157 Le
2121 2133 2231 2157 Caveau
2243 2140 2279 2157 au

310 2178 318 2203 1
318 2179 336 2190 er
341 2178 446 2211 janvier
457 2178 519 2203 1879
529 2175 599 2211 (liste
610 2175 659 2203 des
672 2175 822 2211 membres),
834 2185 883 2211 qqs
895 2181 1005 2203 cartons
1017 2175 1203 2211 publicitaires,
1216 2181 1267 2203 etc.

226 2260 258 2285 21.
308 2260 396 2285 CHAT
407 2260 497 2285 NOIR.
509 2260 525 2285 6
537 2258 702 2285 documents
716 2261 857 2294 imprimés,
869 2267 926 2285 vers
937 2260 1075 2285 1891-1897.
2147 2260 2278 2285 200/250

345 2315 461 2355 Épreuve
476 2323 597 2356 corrigée
613 2329 682 2356 pour
697 2329 730 2347 un
748 2329 917 2355 programme
932 2320 967 2347 du
985 2320 1097 2347 Théâtre
1112 2320 1148 2347 du
1163 2320 1235 2347 Chat
1249 2323 1320 2347 Noir.
1338 2323 1405 2347 Beau
1423 2329 1591 2356 programme
1608 2320 1708 2347 illustré
1723 2320 1758 2347 du
1773 2320 1888 2347 Théâtre
1903 2320 1939 2347 du
1955 2320 2023 2347 Chat
2039 2323 2107 2351 Noir,
2123 2329 2188 2347 avec
2203 2329 2278 2347 couv.

310 2365 427 2392 illustrée
439 2370 469 2392 et
480 2365 602 2392 coloriée
614 2374 646 2392 au
660 2365 775 2401 pochoir
787 2374 832 2401 par
845 2368 921 2392 Henri
936 2368 1034 2392 Rivière
1046 2365 1053 2400 (
1055 2365 1173 2392 L’Enfant
1182 2365 1319 2401 prodigue,
1331 2368 1363 2392 Le
1375 2368 1422 2392 Roi
1433 2365 1571 2401 débarque
1583 2366 1590 2392 !
1601 2368 1631 2392 et
1643 2368 1754 2392 Casimir
1766 2365 1883 2401 voyage).
1896 2368 2010 2392 Cartons
2023 2365 2189 2392 d’invitation
2202 2365 2216 2392 à
2229 2365 2278 2392 des

309 2413 470 2446 répétitions
484 2410 630 2446 générales,
645 2420 677 2438 au
694 2420 757 2438 nom
773 2410 808 2438 de
823 2413 852 2438 G.
867 2413 984 2446 Wagner.
1001 2413 1166 2446 Programme
1182 2410 1282 2438 illustré
1296 2410 1332 2438 du
1347 2410 1457 2438 cabaret
1471 2413 1611 2446 artistique
1625 2413 1657 2438 Le
1672 2410 1754 2438 Chien
1769 2413 1835 2438 Noir
1848 2410 1884 2438 de
1898 2413 1989 2438 Victor
2004 2413 2102 2446 Meusy.
2118 2413 2278 2446 Prospectus

310 2455 409 2483 illustré
422 2465 490 2491 pour
502 2456 658 2483 l’ouverture
670 2456 705 2483 de
717 2458 750 2483 La
760 2458 839 2483 Muse
849 2456 884 2483 de
895 2458 1083 2486 Montmartre,
1095 2465 1160 2483 avec
1171 2461 1272 2483 sonnet
1284 2456 1397 2483 rendant
1409 2456 1554 2491 hommage
1566 2458 1580 2483 à
1592 2458 1616 2483 R.
1628 2456 1698 2483 Salis.

219 2540 258 2565 22.
309 2541 406 2565 Ernest
419 2539 599 2573 CHEBROUX
613 2538 776 2573 (1840-1910).
789 2541 826 2565 40
841 2540 925 2568 L.A.S.,
939 2543 968 2565 et
982 2548 1015 2565 un
1030 2548 1162 2566 manuscrit
1175 2547 1224 2569 a.s.,
1237 2541 1387 2568 1887-1904,
1401 2541 1415 2566 à
1429 2541 1551 2574 Georges
1566 2538 1742 2573 Montorgueil
1755 2538 1799 2573 (de
1813 2547 1862 2565 son
1877 2541 1927 2565 vrai
1943 2548 2007 2565 nom
2022 2541 2127 2565 Octave
2142 2539 2260 2573 Lebesgue)
2274 2548 2278 2568 ;

309 2586 344 2611 60
357 2593 439 2619 pages
450 2583 563 2611 formats
575 2583 668 2614 divers,
680 2593 729 2619 qqs
741 2586 864 2611 en-têtes
875 2586 931 2611 Lice
942 2583 1137 2611 chansonnière
1148 2586 1184 2611 ou
1197 2586 1295 2611 Œuvre
1306 2583 1340 2611 de
1352 2583 1377 2611 la
1389 2583 1516 2611 Chanson
1529 2583 1666 2617 française,
1677 2586 1692 2610 2
1704 2583 1826 2611 adresses
1838 2583 1906 2619 (plus
1917 2586 1934 2610 4
1945 2589 2033 2611 cartes
2045 2583 2080 2611 de
2092 2584 2184 2618 visite).

2147 2631 2278 2656 200/250

339 2691 391 2722 Joli
406 2693 477 2717 Mois
492 2691 527 2717 de
542 2693 603 2721 mai,
621 2693 736 2726 poèmes
753 2691 788 2717 de
805 2693 818 2718 5
835 2691 962 2726 strophes
979 2690 1037 2726 plus
1055 2690 1147 2718 refrain
1164 2691 1198 2725 (15
1215 2693 1264 2717 mai
1281 2691 1360 2725 1887).
1377 2690 1621 2726 Correspondance
1637 2691 1750 2718 amicale
1767 2693 1906 2726 évoquant
1923 2700 1956 2718 un
1973 2691 2066 2718 article
2082 2690 2117 2718 de
2133 2693 2227 2722 Sarcey,
2244 2700 2277 2717 un

309 2736 438 2771 déjeuner
452 2736 520 2763 chez
534 2738 652 2763 Gustave
668 2738 777 2767 Nadaud,
793 2745 845 2763 une
860 2738 952 2763 notice
967 2736 1230 2771 autobiographique
1244 2736 1311 2763 dans
1327 2736 1349 2763 la
1363 2738 1450 2763 Revue
1464 2736 1500 2763 du
1513 2736 1603 2766 Siècle,
1618 2735 1667 2763 des
1683 2736 1884 2763 rendez-vous...
1898 2738 1960 2763 Vive
1976 2736 2227 2763 recommandation
2242 2736 2278 2763 du

309 2784 384 2808 vieux
397 2781 577 2808 chansonnier
586 2781 656 2812 Jules
665 2784 770 2812 Jeannin,
782 2784 837 2808 très
850 2784 997 2816 appauvri...
1011 2781 1148 2816 Légendes
1160 2784 1327 2808 concernant
1340 2781 1444 2816 Nadaud
1456 2781 1493 2816 (et
1506 2781 1651 2816 Napoléon
1666 2783 1695 2810 III,
1708 2790 1744 2808 ou
1759 2781 1781 2808 la
1794 2784 1930 2816 princesse
1943 2781 2104 2816 Mathilde)...
2118 2783 2278 2816 Remarques

309 2835 351 2853 sur
363 2826 477 2853 l’Œuvre
488 2826 524 2853 de
537 2826 559 2853 la
571 2826 697 2853 Chanson
709 2826 840 2860 française
851 2831 880 2853 et
891 2835 941 2853 son
954 2826 1099 2861 président,
1112 2829 1199 2861 Henry
1211 2821 1329 2856 Roujon...
1341 2821 1361 2853 À
1374 2835 1476 2861 propos
1487 2826 1523 2853 de
1534 2835 1584 2853 son
1598 2826 1658 2853 idée
1670 2826 1729 2853 d’un
1742 2828 1862 2861 Congrès
1873 2826 1909 2853 de
1922 2826 1944 2853 la
1956 2826 2103 2853 Chanson...
2117 2826 2130 2853 Il
2144 2826 2278 2862 présidera

309 2881 342 2898 un
358 2880 493 2898 concours
508 2871 543 2898 du
558 2873 662 2898 Caveau
679 2871 798 2907 lyonnais
814 2880 882 2907 pour
897 2874 1090 2907 récompenser
1106 2871 1128 2898 la
1143 2871 1280 2898 meilleure
1295 2871 1351 2898 ode
1366 2874 1379 2898 à
1395 2874 1476 2898 Pierre
1492 2874 1613 2898 Dupont...
1629 2874 1702 2898 Récit
1716 2871 1752 2898 de
1768 2871 1965 2898 l’enterrement
1979 2871 2015 2898 de
2026 2874 2043 2902 J.
2055 2874 2163 2902 Jeannin
2178 2874 2193 2898 à
2209 2874 2278 2906 Ivry...

310 2919 463 2943 Invitations
476 2919 490 2943 à
503 2916 633 2951 déjeuner
646 2925 710 2944 avec
723 2919 829 2944 Octave
843 2919 945 2947 Pradels,
958 2916 1073 2944 Armand
1087 2918 1217 2944 Silvestre...
1231 2919 1307 2943 Envoi
1322 2916 1400 2943 d’une
1413 2916 1556 2944 chanson...
1570 2919 1799 2943 Remerciements
1813 2926 1881 2952 pour
1893 2916 1942 2944 des
1955 2916 2083 2944 articles...
2096 2918 2140 2946 On
2150 2926 2216 2946 joint
2228 2925 2277 2943 son

308 2961 447 2997 faire-part
458 2961 493 2989 de
505 2961 596 2989 décès.

2329 3079 2342 3103 5
