2480 3188
1486 207 1594 239 Vente
1608 203 1657 239 du
1671 203 1779 239 Lundi
1796 207 1830 239 14
1846 203 2046 239 Décembre
2061 207 2082 239 à
2100 207 2134 239 14
2149 203 2278 239 heures

837 490 1114 530 BEAUX-ARTS,
1130 490 1336 530 MUSIQUE
1351 491 1399 522 ET
1413 490 1646 523 SPECTACLE

223 640 258 667 fl.
308 640 441 675 Adolphe
451 640 551 675 ADAM
563 640 722 675 (1803-1856)
733 643 925 676 compositeur.
938 642 1022 671 L.A.S.,
1034 643 1048 667 à
1059 640 1186 676 Adolphe
1198 642 1243 671 Sax
1254 649 1259 671 ;
1270 643 1285 667 2
1297 650 1379 676 pages
1392 643 1456 667 in-12
1468 643 1482 668 à
1493 649 1543 668 son
1555 640 1651 667 chiffre
1662 640 1785 676 (portrait
1794 641 1878 675 joint).
2158 642 2278 668 100/120

345 706 376 730 En
387 703 478 730 faveur
489 703 524 730 de
536 705 570 730 M.
581 705 665 730 Alozo
675 713 689 726 «
700 706 742 738 qui
754 703 842 730 désire
853 703 958 730 donner
970 712 1003 730 un
1015 708 1129 730 concert
1139 703 1206 730 dans
1217 708 1294 730 votre
1305 703 1370 730 salle
1381 713 1395 725 »
1405 708 1434 730 et
1445 703 1620 730 souhaiterait
1630 713 1644 725 «
1655 703 1763 730 obtenir
1774 712 1826 730 une
1838 703 2009 730 modération
2021 703 2056 730 de
2068 706 2127 739 prix.
2136 706 2164 734 Je
2175 712 2242 730 vous
2255 703 2278 730 le

309 749 503 776 recommande
514 758 624 776 comme
635 749 691 776 fort
704 752 865 776 intéressant
875 759 909 776 »...

236 835 258 860 2.
309 834 400 860 Pierre
410 832 601 867 d’ALVIMARE
612 833 766 868 (1772-1839)
779 833 896 868 harpiste
907 838 936 860 et
947 835 1139 868 compositeur.
1152 835 1201 863 P.S.,
1212 835 1244 859 22
1256 833 1413 868 septembre
1424 835 1490 860 1809
1502 842 1506 864 ;
1517 835 1524 859 1
1539 842 1606 868 page
1619 835 1688 868 petit
1701 835 1761 860 in-4.
2158 835 2278 860 100/150

344 898 430 931 Copie
440 895 561 922 certifiée
571 895 715 923 conforme
726 905 771 931 par
780 895 940 925 dAlvimare,
949 906 963 917 «
974 898 1096 931 Harpiste
1105 895 1141 922 de
1152 895 1174 922 la
1184 898 1309 931 Musique
1319 895 1354 922 de
1363 898 1423 922 S.M.
1435 895 1590 931 l’empereur
1599 900 1628 922 et
1638 898 1673 923 roi
1684 906 1704 926 »,
1714 895 1774 922 d’un
1784 898 1873 931 congé
1882 898 1896 922 à
1908 895 1939 922 lui
1950 895 2050 922 délivré
2061 905 2107 931 par
2117 895 2277 931 l'Empereur,

310 941 472 969 l'autorisant
483 944 497 968 à
508 951 522 964 «
533 941 679 969 s’absenter
690 951 759 977 pour
769 941 898 969 travailler
909 951 941 968 au
954 941 1172 968 rétablissement
1183 941 1218 968 de
1230 951 1258 968 sa
1270 944 1348 969 santé
1359 951 1393 968 »...

218 1025 232 1052 f
238 1027 258 1052 3.
308 1025 414 1060 Sophie
426 1025 591 1060 ARNOULD
603 1025 758 1060 (1744-1803)
771 1028 924 1056 cantatrice,
939 1028 1086 1060 interprète
1098 1025 1133 1052 de
1146 1025 1237 1052 Gluck.
1251 1027 1335 1055 L.A.S.,
1349 1028 1412 1052 Paris
1424 1027 1432 1052 1
1436 1029 1452 1039 er
1463 1025 1596 1052 fructidor
1610 1027 1635 1052 IX
1648 1025 1683 1060 (19
1696 1027 1763 1052 août
1774 1025 1849 1060 1801),
1863 1025 1887 1060 [à
1900 1034 1949 1052 son
1963 1028 2032 1052 amie
2046 1027 2120 1052 Mme
2133 1025 2261 1060 Belanger]
2274 1034 2278 1056 ;

308 1074 324 1097 4
336 1080 418 1106 pages
431 1074 491 1098 in-4.
2145 1073 2278 1098 500/700

346 1133 359 1161 Il
372 1143 388 1169 y
401 1143 415 1161 a
429 1134 489 1161 bien
505 1134 660 1169 longtemps
673 1133 768 1169 qu’elle
782 1133 818 1161 n’a
832 1143 879 1169 pas
892 1143 925 1161 vu
939 1143 967 1161 sa
980 1144 993 1156 «
1007 1133 1099 1161 bonne
1112 1139 1141 1161 et
1154 1133 1301 1169 spirituelle
1315 1136 1384 1161 amie
1398 1134 1437 1169 (...)
1451 1136 1473 1161 Si
1486 1136 1595 1169 jesttois
1607 1136 1756 1169 jouissante
1770 1139 1799 1161 et
1811 1136 1952 1169 agissante,
1966 1134 2015 1161 des
2029 1133 2163 1161 membres
2177 1136 2219 1169 qui
2235 1143 2278 1161 me

306 1185 425 1215 portent,
437 1185 466 1207 et
477 1189 541 1207 avec
555 1179 671 1215 lesquels
682 1185 733 1207 ont
744 1179 890 1211 chemines,
900 1179 1002 1215 j'aurois
1014 1180 1088 1215 dèsja
1100 1182 1164 1207 étée
1176 1189 1243 1207 vous
1254 1185 1382 1210 trouvers,
1395 1185 1506 1215 partout
1517 1183 1553 1207 où
1565 1189 1632 1207 vous
1645 1182 1760 1215 pouviez
1771 1185 1843 1207 estre
1856 1181 1859 1207 !
1873 1182 1939 1207 Mais
1952 1181 1956 1206 !
1969 1180 2068 1215 malgré
2081 1179 2104 1207 le
2116 1180 2223 1207 miracle
2234 1182 2277 1215 qui

309 1226 431 1261 s’oppère
442 1235 484 1253 sur
497 1225 520 1253 le
532 1225 590 1257 mal,
602 1226 672 1253 dont
681 1228 721 1261 jay
732 1228 797 1253 étée
808 1225 957 1253 accabblée
968 1235 972 1253 :
982 1228 1008 1261 je
1020 1235 1053 1253 ne
1064 1228 1117 1253 suis
1129 1235 1176 1261 pas
1187 1235 1300 1253 encorre
1311 1235 1343 1253 au
1354 1231 1441 1253 terme
1453 1226 1488 1253 de
1499 1228 1623 1261 guérison
1636 1235 1639 1253 :
1690 1225 1703 1253 il
1716 1235 1759 1253 me
1770 1225 1828 1253 faut
1840 1228 1924 1253 réster
1936 1226 1958 1253 la
1969 1235 1973 1257 ;
1985 1235 2027 1253 sur
2039 1235 2102 1253 mon
2114 1226 2156 1253 cul
2168 1235 2278 1253 comme

309 1281 342 1299 un
357 1275 433 1299 vieux
448 1275 528 1307 singe,
543 1281 579 1299 ou
595 1272 759 1303 m’attendre,
774 1275 792 1299 si
806 1275 832 1307 je
846 1281 913 1299 veux
927 1271 991 1299 faire
1006 1275 1093 1299 mieux
1108 1281 1112 1299 :
1126 1272 1162 1299 de
1176 1272 1314 1299 cheminer
1328 1281 1392 1299 avec
1408 1272 1553 1307 lélégance,
1568 1277 1597 1299 et
1612 1272 1635 1299 la
1649 1275 1748 1299 vitesse
1763 1272 1841 1299 d’une
1855 1277 1948 1299 tortue
1963 1281 1967 1299 :
1982 1272 2046 1299 c’est
2060 1274 2074 1299 à
2089 1272 2150 1302 dire,
2165 1272 2200 1299 de
2214 1271 2278 1299 faire

309 1318 471 1353 bravement,
484 1323 615 1353 quatorze
628 1318 695 1345 lieux
708 1327 740 1345 en
753 1321 848 1353 quinze
855 1321 931 1353 jours
943 1328 962 1345 ».
977 1318 1027 1345 Elle
1041 1323 1107 1353 peut
1119 1321 1134 1345 à
1147 1321 1227 1353 peine
1240 1327 1269 1345 se
1280 1320 1378 1345 traîner
1389 1327 1438 1345 aux
1450 1318 1580 1348 Tuileries,
1593 1321 1629 1345 où
1642 1318 1695 1345 elle
1708 1327 1737 1345 se
1749 1327 1847 1353 campe
1860 1327 1902 1345 sur
1915 1327 1967 1345 une
1979 1317 2070 1345 chaise
2084 1327 2152 1353 pour
2165 1318 2278 1353 prendre

310 1364 361 1391 l’air.
372 1374 386 1386 «
397 1364 467 1391 C’est
479 1373 531 1391 une
542 1364 637 1391 vilaine
648 1367 695 1395 vie,
707 1373 760 1399 que
772 1364 836 1395 cela,
849 1373 912 1391 mon
924 1367 1000 1395 amie,
1012 1373 1045 1391 en
1059 1364 1081 1391 la
1092 1369 1252 1399 comparant
1262 1373 1306 1395 ou,
1318 1366 1415 1395 même,
1427 1373 1487 1391 sans
1500 1364 1522 1391 la
1533 1373 1675 1399 comparer
1685 1367 1699 1391 à
1711 1369 1790 1391 notre
1801 1367 1842 1391 vie
1854 1367 1971 1399 passée...
1983 1364 2051 1399 Qu’y
2061 1364 2125 1391 faire
2138 1365 2141 1391 !
2154 1363 2278 1391 souffrire

308 1412 328 1437 &
341 1413 398 1445 puis
411 1425 429 1427 -
442 1413 557 1437 moudre
570 1411 589 1437 !..
602 1413 632 1437 La
645 1410 716 1437 belle
728 1410 811 1437 chute
824 1411 828 1437 !
841 1420 875 1437 »...
888 1410 939 1437 Elle
952 1413 1007 1445 prie
1019 1419 1068 1437 son
1081 1413 1151 1437 amie
1163 1410 1198 1437 de
1211 1410 1334 1445 rappeler
1345 1413 1359 1437 à
1371 1412 1455 1445 Vigier
1466 1419 1494 1437 sa
1507 1419 1648 1445 promesse
1660 1410 1695 1437 de
1708 1410 1784 1437 hâter
1797 1410 1820 1437 le
1832 1410 1930 1445 départ
1942 1410 1977 1437 de
1989 1410 2167 1440 Clémentine,
2179 1413 2222 1445 qui
2235 1415 2278 1437 est

309 1465 361 1483 une
372 1456 468 1491 charge
480 1456 589 1491 pénible
600 1456 635 1483 de
646 1456 791 1491 dépense...
801 1466 815 1478 «
823 1459 851 1487 Je
862 1459 1001 1491 comptais
1012 1456 1076 1483 aller
1086 1459 1100 1483 à
1112 1465 1154 1483 ma
1165 1465 1316 1491 campagne
1328 1459 1516 1483 incéssament.
1529 1459 1595 1483 Mais
1607 1465 1664 1483 mes
1676 1456 1817 1491 Esculapes
1829 1465 1862 1483 en
1874 1461 1924 1483 ont
1935 1461 2089 1483 autrement
2099 1456 2238 1483 ordonnés
2249 1466 2263 1478 »
2273 1465 2278 1487 ;

308 1502 361 1529 elle
375 1502 440 1529 n’est
454 1511 501 1538 pas
515 1511 549 1529 en
563 1505 621 1529 état
635 1502 670 1529 de
684 1507 830 1538 supporter
845 1502 867 1529 la
881 1505 991 1529 voiture.
1007 1502 1058 1529 Elle
1072 1511 1086 1529 a
1101 1511 1161 1536 reçu
1177 1511 1229 1529 une
1244 1502 1324 1529 lettre
1337 1512 1351 1525 «
1364 1502 1399 1529 de
1413 1507 1490 1529 votre
1504 1507 1633 1529 constant
1647 1502 1790 1529 adorateur
1804 1502 1839 1529 de
1854 1511 1918 1529 mon
1932 1507 2068 1533 constant,
2083 1511 2147 1529 mon
2162 1502 2216 1529 bon
2230 1502 2278 1533 fils,

309 1553 387 1575 notre
400 1548 509 1575 hussard
521 1558 541 1579 »,
554 1551 596 1584 qui
609 1557 640 1575 va
653 1548 761 1575 bientôt
772 1551 870 1579 arriver,
882 1553 911 1575 et
922 1548 975 1575 elle
988 1551 1043 1583 prie
1055 1557 1104 1575 son
1117 1551 1186 1575 amie
1198 1548 1233 1575 de
1247 1548 1269 1575 la
1281 1548 1450 1575 débarrasser
1461 1548 1497 1575 de
1509 1557 1558 1575 son
1572 1548 1680 1575 meuble
1692 1548 1728 1575 de
1740 1557 1825 1583 perse,
1837 1548 1889 1575 afin
1901 1548 1937 1575 de
1949 1553 2048 1575 mettre
2061 1557 2094 1575 un
2108 1548 2136 1575 lit
2148 1557 2216 1583 pour
2228 1557 2277 1575 son

308 1594 348 1621 fils
360 1594 426 1621 dans
440 1594 462 1621 la
473 1594 621 1621 chambre...

216 1677 230 1704 f
235 1680 258 1704 4.
308 1680 435 1713 Auguste
446 1678 632 1712 BARTHOLDI
645 1678 804 1713 (1834-1904)
816 1678 958 1713 sculpteur.
971 1680 1055 1709 L.A.S.,
1068 1680 1131 1705 Paris
1143 1680 1159 1705 8
1169 1680 1222 1713 juin
1233 1680 1303 1708 1885,
1315 1680 1329 1705 à
1342 1680 1375 1705 M.
1386 1678 1517 1705 Talausier
1528 1687 1531 1708 ;
1543 1680 1550 1704 1
1564 1687 1632 1713 page
1645 1680 1706 1708 in-8,
1718 1678 1875 1713 enveloppe
1887 1678 1982 1713 (deuil).
2162 1680 2278 1705 120/150

345 1740 359 1768 Il
375 1740 485 1768 s’inscrit
500 1750 568 1776 pour
584 1740 607 1768 le
622 1740 697 1768 dîner
712 1740 747 1767 de
762 1743 884 1771 Scientia,
899 1746 929 1767 et
943 1749 1041 1768 accuse
1057 1743 1198 1776 réception
1213 1750 1227 1763 «
1242 1740 1277 1767 du
1294 1743 1318 1767 n°
1333 1740 1368 1768 du
1384 1743 1468 1768 Génie
1482 1740 1540 1768 civil
1555 1743 1590 1767 où
1608 1740 1621 1768 il
1637 1746 1680 1768 est
1694 1743 1821 1776 question
1837 1740 1872 1768 du
1888 1740 1986 1776 départ
2000 1740 2035 1767 de
2052 1740 2074 1767 la
2089 1746 2179 1768 statue
2195 1740 2239 1775 [de
2256 1740 2278 1768 la

309 1786 422 1821 Liberté]
434 1797 468 1813 »...

238 1872 258 1897 5.
308 1870 408 1897 Albert
419 1864 649 1905 BARTHOLOMÉ
660 1870 820 1905 (1848-1928)
832 1870 973 1905 sculpteur.
986 1872 1070 1900 L.A.S.,
1083 1873 1147 1897 Paris
1158 1872 1187 1897 10
1200 1873 1249 1897 mai
1261 1872 1324 1901 1916,
1337 1870 1361 1905 [à
1373 1870 1463 1897 Alfred
1476 1870 1546 1905 Roll]
1559 1879 1562 1899 ;
1574 1873 1590 1896 4
1602 1879 1684 1905 pages
1697 1872 1758 1897 in-8.
2153 1872 2278 1897 150/200

345 1935 390 1960 Les
400 1935 529 1968 journaux
542 1938 699 1960 annoncent
711 1942 764 1968 que
778 1932 801 1960 le
814 1932 901 1960 Grand
916 1932 993 1960 Palais
1007 1935 1124 1968 pourrait
1136 1942 1226 1960 cesser
1237 1932 1322 1960 d’être
1335 1942 1387 1960 une
1399 1932 1566 1962 ambulance,
1579 1942 1647 1968 pour
1659 1935 1717 1960 être
1730 1932 1812 1960 rendu
1825 1942 1873 1960 aux
1886 1935 2062 1968 expositions.
2073 1942 2088 1955 «
2100 1935 2145 1960 Les
2158 1935 2278 1960 sociétés

309 1988 343 2005 ne
359 1984 508 2014 manquent
524 1988 571 2014 pas
587 1981 630 2014 qui
647 1984 714 2006 vont
729 1988 758 2006 se
775 1981 919 2014 précipiter
934 1988 976 2006 sur
993 1979 1017 2006 le
1034 1978 1115 2014 palais
1131 1984 1160 2006 et
1177 1979 1199 2005 la
1216 1978 1359 2006 Nationale
1375 1978 1455 2006 devra
1471 1978 1561 2006 veiller
1577 1988 1646 2014 pour
1661 1978 1738 2014 qu’on
1756 1988 1789 2006 ne
1806 1979 1828 2006 la
1844 1978 2003 2014 dépossède
2020 1988 2067 2014 pas
2083 1989 2116 2006 »...
2135 1978 2148 2006 Il
2164 1978 2279 2006 faudrait

308 2034 467 2060 convoquer
478 2024 619 2060 d’urgence
631 2034 683 2052 une
694 2024 847 2052 assemblée
858 2024 990 2060 générale,
1001 2027 1044 2060 qui
1056 2024 1131 2052 seule
1142 2035 1156 2047 «
1168 2030 1234 2060 peut
1246 2034 1314 2052 nous
1326 2024 1420 2052 rendre
1432 2034 1483 2052 une
1495 2027 1536 2052 vie
1549 2024 1633 2060 légale
1644 2030 1674 2052 et
1686 2024 1810 2060 légitime.
1820 2027 1888 2052 Tout
1900 2024 1923 2052 le
1935 2030 2006 2052 reste
2017 2024 2082 2052 n’est
2093 2034 2146 2060 que
2157 2024 2277 2052 solution

309 2071 435 2098 boiteuse
447 2071 524 2106 qu’un
538 2073 700 2098 mécontent
712 2074 829 2106 pourrait
841 2080 874 2098 un
885 2074 945 2106 jour
956 2080 1025 2098 nous
1037 2071 1182 2106 reprocher
1192 2081 1226 2098 »...

235 2156 258 2181 6.
308 2156 527 2181 Antoine-Louis
539 2154 640 2189 BARYE
652 2154 805 2189 (1795-1875)
817 2154 959 2189 sculpteur.
972 2156 1020 2183 PS..
1033 2154 1113 2189 [1852]
1126 2163 1130 2185 ;
1141 2157 1148 2181 1
1163 2163 1230 2190 page
1243 2157 1298 2181 in-8
1310 2154 1451 2190 (signature
1463 2164 1495 2181 au
1507 2154 1620 2189 crayon).
2158 2156 2278 2181 100/150

344 2219 526 2244 Autorisation
538 2220 552 2244 à
564 2219 598 2244 M.
610 2217 796 2244 Moosbrugger
806 2217 841 2244 de
852 2227 865 2239 «
875 2217 939 2244 faire
952 2226 985 2244 un
996 2217 1086 2244 dessin
1098 2217 1133 2244 du
1144 2226 1248 2252 groupe
1259 2226 1292 2244 en
1305 2217 1404 2244 bronze
1417 2219 1605 2252 représentant
1616 2219 1655 2244 Un
1661 2219 1760 2252 Jaguar
1769 2217 1903 2244 dévorant
1912 2226 1947 2244 un
1959 2217 2037 2244 lièvre
2048 2222 2077 2244 et
2088 2220 2130 2252 qui
2143 2226 2172 2244 se
2182 2222 2278 2244 trouve

309 2266 477 2290 maintenant
488 2272 520 2290 au
532 2263 612 2290 Salon
624 2273 658 2290 »...

220 2346 234 2373 f
240 2349 258 2374 7.
308 2347 394 2374 Sarah
406 2347 605 2381 BERNHARDT
616 2347 778 2381 (1844-1923).
791 2349 875 2377 L.A.S.,
888 2347 1041 2382 [Amérique
1052 2347 1127 2381 1881],
1139 2349 1153 2374 à
1164 2356 1212 2374 son
1224 2356 1263 2374 fils
1275 2349 1383 2377 Maurice
1394 2356 1398 2377 ;
1410 2349 1425 2374 8
1438 2355 1520 2382 pages
1533 2349 1597 2373 in-12
1608 2349 1623 2373 à
1634 2356 1677 2373 ses
1689 2346 1791 2376 chiffre,
1803 2346 1940 2374 emblème
1952 2352 1981 2373 et
1992 2346 2091 2374 devise.
2143 2348 2278 2374 600/700

345 2412 408 2436 Belle
419 2419 494 2436 lettre
504 2413 519 2436 à
529 2418 577 2436 son
589 2419 627 2436 fils
639 2419 743 2436 pendant
752 2418 779 2436 sa
788 2414 893 2436 tournée
904 2419 931 2436 en
943 2411 1072 2439 Amérique.

343 2465 357 2477 «
368 2455 455 2486 J'étais
471 2455 577 2482 malade
590 2455 675 2490 j’étais
688 2458 765 2482 triste
779 2460 808 2482 et
823 2464 856 2482 un
872 2464 924 2491 peu
940 2455 1119 2491 découragée.
1131 2455 1169 2486 J’ai
1186 2464 1246 2489 reçu
1263 2455 1285 2482 la
1300 2455 1427 2491 dépêche
1442 2455 1477 2482 de
1492 2464 1556 2482 mon
1571 2455 1653 2482 oncle
1667 2458 1709 2491 qui
1726 2464 1769 2482 me
1784 2455 1823 2482 dit
1838 2458 1956 2482 Maurice
1969 2455 2086 2482 travaille
2102 2455 2115 2482 il
2131 2464 2278 2491 progresse,

308 2507 338 2528 et
351 2510 393 2528 ma
407 2501 521 2528 maladie
535 2501 596 2528 s’est
608 2501 700 2528 enfuie
713 2504 727 2528 à
739 2501 893 2528 tire-d’ailes
906 2506 935 2528 et
949 2510 990 2528 ma
1003 2504 1125 2528 tristesse
1138 2501 1199 2528 s’est
1211 2501 1316 2528 fondue
1330 2501 1396 2528 dans
1411 2501 1433 2528 la
1444 2504 1499 2536 joie
1513 2506 1542 2528 et
1553 2501 1589 2536 j’ai
1605 2504 1685 2537 repris
1698 2510 1820 2537 courage.
1835 2504 1945 2537 Puisque
1958 2507 1987 2528 tu
2000 2501 2130 2528 travailles
2144 2501 2180 2528 oh
2195 2502 2199 2528 !
2214 2510 2278 2528 mon

309 2550 418 2583 mignon
430 2547 471 2574 fils
482 2550 508 2582 je
520 2550 572 2574 suis
586 2547 718 2574 heureuse
731 2547 778 2582 [...].
790 2549 813 2575 Si
826 2553 855 2574 tu
868 2550 951 2574 savais
963 2556 995 2574 ce
1008 2547 1067 2583 qu’il
1082 2556 1125 2574 me
1137 2547 1195 2574 faut
1207 2547 1243 2574 de
1255 2547 1370 2575 volonté
1383 2556 1451 2583 pour
1464 2556 1497 2574 ne
1511 2556 1558 2583 pas
1570 2552 1660 2574 sauter
1672 2547 1739 2574 dans
1752 2556 1785 2574 un
1799 2547 1834 2574 de
1847 2556 1892 2574 ces
1906 2547 2020 2574 bateaux
2033 2550 2075 2583 qui
2090 2552 2198 2583 partent
2211 2556 2279 2583 pour

310 2593 333 2621 la
347 2596 440 2620 France
452 2598 481 2620 te
494 2596 554 2623 voir,
566 2593 734 2621 t’embrasser
746 2598 775 2620 te
789 2593 902 2629 prendre
915 2602 958 2621 sur
971 2603 1028 2620 mes
1041 2603 1148 2629 genoux
1161 2602 1271 2621 comme
1286 2593 1393 2629 lorsque
1406 2599 1435 2620 tu
1449 2596 1516 2621 étais
1529 2598 1593 2620 tout
1604 2599 1668 2620 tout
1682 2596 1751 2629 petit
1764 2593 1865 2620 enfant.
1878 2593 1951 2620 Voilà
1965 2602 2022 2620 mes
2036 2596 2111 2621 rêves
2124 2593 2160 2620 de
2173 2593 2279 2629 chaque

310 2642 366 2666 nuit
378 2649 420 2666 ma
433 2642 537 2675 pensée
549 2639 584 2667 de
596 2639 702 2675 chaque
715 2639 804 2666 heure.
816 2641 909 2671 Quant
919 2642 945 2675 je
958 2645 1101 2666 rencontre
1113 2639 1162 2667 des
1174 2639 1269 2675 grands
1281 2648 1394 2675 garçons
1407 2639 1442 2667 de
1453 2645 1503 2666 ton
1516 2642 1565 2675 âge
1575 2642 1601 2675 je
1614 2648 1647 2666 ne
1660 2642 1718 2675 puis
1730 2639 1911 2675 m’empêcher
1922 2639 1958 2666 de
1971 2639 2075 2675 pleurer
2087 2644 2116 2666 et
2127 2639 2186 2667 cela
2198 2642 2279 2667 arrive

310 2685 370 2712 bien
383 2691 500 2712 souvent
511 2685 592 2712 hélas.
603 2688 707 2712 Vois-tu
721 2685 758 2712 les
769 2685 878 2712 enfants
890 2695 923 2712 ne
936 2691 1055 2721 peuvent
1067 2695 1114 2721 pas
1125 2685 1305 2721 comprendre
1317 2695 1349 2712 ce
1360 2695 1413 2721 que
1425 2685 1489 2712 c’est
1500 2695 1553 2721 que
1566 2685 1604 2713 les
1616 2685 1784 2712 battements
1796 2685 1831 2712 de
1842 2695 1922 2713 cœur
1932 2685 2011 2713 d’une
2023 2688 2096 2712 mère
2107 2695 2111 2715 ;
2122 2691 2151 2712 tu
2164 2685 2279 2712 m’aimes

310 2731 378 2763 bien,
389 2734 428 2758 toi
440 2734 465 2767 je
479 2731 502 2759 le
514 2734 565 2759 sais
577 2741 581 2762 ;
593 2734 658 2759 mais
669 2737 697 2759 ta
708 2731 850 2759 tendresse
863 2731 928 2759 n’est
940 2734 993 2758 rien
1005 2734 1102 2767 auprès
1114 2731 1149 2759 de
1161 2741 1203 2758 ma
1214 2731 1287 2759 folie.
1296 2734 1325 2763 Je
1337 2741 1370 2759 ne
1382 2734 1419 2759 vis
1431 2741 1484 2767 que
1497 2741 1565 2767 pour
1576 2734 1614 2759 toi
1628 2737 1657 2758 et
1669 2741 1714 2767 par
1725 2734 1764 2759 toi
1776 2741 1810 2759 »...
1824 2731 1874 2759 Elle
1887 2731 1959 2767 parle
1971 2734 2039 2759 aussi
2052 2731 2087 2759 de
2099 2741 2149 2759 son
2161 2741 2263 2767 voyage
2275 2741 2279 2758 :

309 2787 323 2800 «
335 2777 405 2805 C’est
419 2777 479 2805 bien
494 2777 544 2805 laid
560 2777 714 2813 l’Amérique
727 2787 791 2805 mon
805 2777 869 2805 cher
882 2781 990 2813 mignon
1004 2783 1033 2805 et
1044 2780 1070 2813 je
1083 2787 1117 2805 ne
1131 2783 1247 2813 regrette
1261 2787 1308 2813 pas
1321 2777 1356 2805 de
1370 2787 1403 2805 ne
1415 2777 1505 2805 t’avoir
1518 2780 1596 2813 point
1609 2780 1713 2805 amené.
1727 2780 1759 2804 En
1772 2782 1919 2805 traversant
1933 2777 1970 2805 les
1983 2777 2070 2805 forêts
2083 2780 2184 2813 vierges
2195 2777 2232 2813 j’ai
2246 2787 2279 2805 vu

310 2823 442 2859 quelques
455 2823 609 2851 crocodiles
622 2824 688 2851 dans
703 2823 740 2851 les
754 2826 858 2851 rivières
871 2829 900 2851 et
913 2826 971 2859 puis
984 2824 1033 2851 des
1045 2823 1132 2851 forêts
1145 2833 1178 2851 en
1191 2823 1237 2851 feu
1251 2826 1316 2851 mais
1328 2829 1392 2851 tout
1404 2823 1462 2851 cela
1475 2829 1518 2851 est
1532 2823 1592 2851 bien
1606 2823 1664 2859 plus
1679 2824 1746 2851 beau
1760 2833 1792 2851 au
1805 2823 1912 2851 théâtre
1927 2823 1964 2851 les
1977 2823 2131 2851 crocodiles
2144 2829 2207 2851 sont
2221 2823 2279 2859 plus

309 2879 369 2905 gros
381 2875 410 2897 et
424 2869 461 2897 les
472 2869 559 2897 forêts
572 2869 678 2897 brûlent
690 2872 784 2897 mieux.
797 2872 863 2897 Mon
876 2869 957 2897 oncle
968 2875 997 2897 te
1010 2875 1149 2897 racontera
1163 2869 1302 2897 l’accident
1313 2869 1411 2905 auquel
1422 2870 1458 2905 j’ai
1472 2869 1604 2905 échappé.
1614 2872 1642 2901 Je
1655 2872 1761 2905 pensais
1773 2872 1787 2897 à
1798 2872 1837 2897 toi
1851 2879 1884 2897 en
1896 2875 2043 2897 traversant
2057 2869 2080 2897 le
2091 2869 2165 2905 golfe
2177 2869 2279 2897 furieux

308 2921 338 2943 tu
351 2919 434 2943 aurais
445 2918 542 2943 trouvé
554 2915 613 2943 cela
624 2919 679 2943 très
692 2915 760 2943 beau
774 2925 838 2943 mon
851 2916 931 2951 grand
944 2915 991 2943 fou
1005 2918 1070 2943 mais
1082 2918 1160 2951 après
1171 2921 1200 2943 tu
1213 2918 1296 2943 aurais
1309 2925 1342 2943 eu
1356 2925 1389 2943 un
1402 2916 1482 2951 grand
1496 2916 1651 2943 battement
1663 2916 1698 2943 de
1710 2925 1789 2943 cœur
1801 2925 1834 2943 en
1848 2921 1965 2951 pensant
1976 2925 2029 2951 que
2042 2918 2102 2951 cinq
2116 2918 2231 2943 minutes
2244 2916 2279 2943 de

310 2962 396 2989 retard
408 2967 437 2989 et
449 2971 518 2989 nous
529 2964 620 2989 étions
631 2962 767 2997 engloutis
778 2972 812 2989 »...

2329 3079 2342 3103 3
