2480 3188
309 241 384 266 Louis
398 241 453 269 XVI,
469 248 514 265 rue
528 238 636 274 d’Anjou
651 244 694 265 est
708 238 888 266 condamnée.
902 241 921 265 -
937 241 1074 265 Delescluze
1089 238 1223 274 remplace
1238 241 1252 265 à
1267 238 1289 265 la
1303 241 1402 274 guerre,
1418 241 1508 270 Rossel,
1524 238 1547 265 le
1561 238 1619 265 civil
1634 238 1753 266 succède
1768 248 1799 265 au
1815 238 1935 265 militaire
1949 248 1953 265 :
1967 247 1998 272 ça
2012 248 2043 266 va
2058 238 2108 265 mal
2123 248 2157 266 »...
2169 240 2205 265 29
2217 241 2278 268 mai,

308 289 482 322 témoignage
493 287 611 314 enfiévré
622 287 657 314 de
669 287 691 314 la
701 287 818 322 capitale
828 290 912 314 sortie
923 287 972 314 des
981 297 995 309 «
1005 287 1096 322 griffes
1106 287 1141 314 de
1153 287 1175 314 la
1185 289 1200 314 S
1201 288 1219 301 te
1229 289 1381 314 Commune
1391 297 1405 309 »
1415 296 1419 314 :
1429 287 1613 318 canonnades,
1625 287 1768 318 incendies,
1780 289 1844 314 mais
1856 287 1893 314 les
1904 287 2070 314 Comédiens
2081 289 2196 321 Français
2207 287 2279 314 n’ont

308 344 395 362 aucun
409 335 529 362 malheur
541 338 555 362 à
568 335 712 371 déplorer...
725 338 739 370 5
748 338 804 370 juin
817 344 821 362 :
833 345 847 358 «
860 338 973 370 Presque
984 340 1048 362 tous
1063 335 1100 362 les
1114 335 1248 362 membres
1261 335 1296 362 de
1310 335 1332 362 la
1345 337 1498 362 Commune
1511 340 1575 362 sont
1586 335 1688 362 fusillés
1701 345 1737 362 ou
1750 338 1851 362 arrêtés
1864 338 1868 366 ;
1882 338 2021 362 Rochefort
2032 338 2116 371 gémit
2128 340 2157 362 et
2169 335 2278 362 s’oublie

309 384 375 411 dans
389 393 417 411 sa
432 386 521 419 prison
536 393 539 414 ;
555 384 671 411 l'Odéon
686 383 722 411 n'a
737 393 784 419 pas
798 386 844 411 été
859 384 933 411 brûlé
947 393 993 419 par
1006 393 1168 419 vengeance.
1184 384 1212 411 Ils
1225 389 1276 411 ont
1289 384 1370 411 voulu
1386 383 1474 411 laisser
1489 386 1573 411 intact
1586 389 1632 411 cet
1646 386 1806 411 instrument
1819 383 1855 411 de
1867 389 1972 411 torture
1987 393 2055 419 pour
2070 384 2092 411 la
2105 384 2205 419 grande
2220 393 2279 419 rage

309 432 358 459 des
374 435 496 459 Parisiens
511 437 540 459 et
554 432 589 459 de
603 434 790 459 Commerson.
805 434 843 459 Ce
858 434 956 467 pauvre
970 434 1055 462 Carjat
1068 441 1082 459 a
1096 435 1143 459 été
1157 434 1245 459 arrêté
1260 441 1328 467 pour
1342 435 1413 459 avoir
1428 432 1515 459 recelé
1530 434 1544 459 2
1560 432 1757 459 bonshommes
1772 432 1807 459 de
1823 432 1845 459 la
1859 434 2117 459 Sainte-Commune
2131 442 2165 459 »...
2181 434 2205 467 75
2215 435 2278 467 juin,

309 480 421 508 relation
433 480 562 508 détaillée
574 480 609 508 du
622 483 717 508 succès
730 483 868 516 remporté
880 480 947 508 dans
958 480 1146 508 L’Aventurière
1158 480 1274 511 ûAugier,
1286 491 1300 503 «
1311 490 1343 508 ce
1355 490 1408 516 que
1419 480 1455 516 j’ai
1467 480 1516 508 fait
1527 480 1563 508 de
1575 483 1662 508 mieux
1674 481 1770 516 depuis
1782 490 1835 516 que
1845 483 1871 516 je
1884 490 1927 508 me
1938 483 2093 508 trémousse
2106 490 2174 516 pour
2186 490 2279 516 percer

308 538 340 556 au
352 529 598 563 Théâtre-Français
609 539 629 556 ».
642 529 702 556 Seul
716 529 807 556 bémol
821 538 824 556 :
836 539 850 551 «
862 534 938 556 cette
950 529 1107 556 charmante
1120 529 1215 564 phrase
1227 538 1280 564 que
1292 529 1423 564 j’entends
1435 534 1552 556 souvent
1565 532 1673 564 répéter
1684 538 1688 556 :
1701 529 1748 556 “Ah
1762 530 1766 556 !
1779 529 1867 556 Cadet
1880 530 1905 556 !...
1920 529 1933 556 il
1947 538 2042 564 pourra
2054 532 2125 556 avoir
2137 534 2231 556 autant
2243 529 2278 556 de

308 577 395 605 talent
405 577 464 613 qu’il
476 577 576 605 voudra
587 587 623 604 on
635 577 659 605 le
670 577 782 613 prendra
791 580 915 613 toujours
926 587 994 613 pour
1004 587 1054 605 son
1064 577 1133 605 frère
1145 577 1162 604 !”
1173 580 1209 613 Ça
1220 577 1285 605 n’est
1296 587 1342 613 pas
1352 580 1407 605 très
1417 577 1495 605 drôle
1505 593 1524 595 -
1535 583 1563 605 et
1572 580 1597 613 je
1608 580 1687 605 serais
1699 577 1759 605 bien
1770 580 1824 605 aise
1835 587 1868 605 un
1878 580 1937 613 jour
1947 577 1982 605 de
1993 587 2107 613 prouver
2117 587 2170 613 que
2179 583 2243 605 tout
2255 577 2278 605 le

307 626 395 653 talent
406 626 441 653 de
455 626 477 653 la
487 626 588 653 famille
600 626 649 653 des
661 628 719 661 Coq
732 635 765 653 ne
777 626 838 653 s’est
850 635 897 661 pas
908 626 1063 653 seulement
1075 626 1176 661 réfugié
1187 626 1253 653 dans
1264 631 1314 653 ton
1326 629 1439 661 épatant
1450 635 1563 653 cerveau
1577 627 1581 653 !
1593 628 1627 653 »...
1637 628 1672 653 28
1679 629 1742 661 juin,
1754 626 1840 653 échos
1852 626 1887 653 de
1900 626 1922 653 la
1933 629 2046 661 critique
2057 626 2191 653 théâtrale
2202 629 2216 653 à
2228 635 2277 653 son

308 677 379 710 sujet
388 675 415 709 (P.
427 674 547 705 Foucher,
558 674 603 701 Ch.
615 674 755 702 Monselet
765 675 846 709 etc.)...
856 677 872 701 4
878 674 972 710 juillet,
983 674 1069 702 échos
1079 674 1115 701 de
1127 674 1149 702 la
1159 674 1292 702 Comédie
1304 677 1457 708 Française...
1466 677 1498 701 23
1508 677 1578 701 août
1588 677 1657 704 1877,
1670 677 1830 710 répétitions
1841 674 1876 701 du
1887 674 2048 701 Chandelier
2057 674 2092 701 de
2103 677 2198 701 Musset
2207 683 2212 705 ;
2224 674 2237 701 il
2248 684 2278 701 va

307 726 384 758 jouer
395 725 409 750 à
422 725 547 758 Dieppe...
557 725 593 750 29
603 725 677 753 août,
690 732 749 758 rage
761 728 790 750 et
801 722 906 758 chagrin
919 725 996 758 après
1009 732 1042 750 un
1055 723 1125 750 refus
1137 723 1172 750 de
1185 725 1262 750 Perrin
1274 732 1278 750 :
1288 733 1302 745 «
1315 732 1393 758 parce
1405 732 1458 758 que
1468 726 1494 758 je
1505 726 1557 750 suis
1568 728 1618 750 ton
1629 722 1705 754 frère,
1715 726 1741 758 je
1753 732 1786 750 ne
1799 732 1868 758 peux
1880 723 1953 750 donc
1966 732 2012 758 pas
2024 725 2122 750 exister
2132 723 2144 750 ?
2155 733 2189 750 »...
2201 725 2278 758 Signé

307 781 322 794 «
332 774 385 798 Ton
398 771 486 798 Cadet
496 771 557 798 filial
569 771 630 798 bien
642 771 815 798 malheureux
826 781 860 798 »...
871 773 885 806 3
893 774 997 806 janvier
1010 773 1078 802 1883,
1090 771 1245 798 désolation
1258 774 1272 798 à
1285 771 1307 798 la
1320 776 1392 798 mort
1403 771 1439 798 de
1450 773 1577 798 Gambetta
1589 780 1593 798 :
1604 781 1618 794 «
1630 771 1728 803 Quand
1743 771 1755 798 il
1769 771 1869 798 m’avait
1880 771 1920 798 dit
1931 771 2063 807 quelques
2076 771 2183 807 paroles
2193 771 2278 806 j’étais

308 819 396 847 solide
409 829 478 855 pour
489 819 538 847 des
552 822 627 847 mois.
640 820 679 855 [...]
691 823 716 855 je
730 820 800 847 mêle
813 822 995 847 sincèrement
1008 829 1065 847 mes
1079 819 1173 847 larmes
1186 829 1235 847 aux
1246 822 1360 850 tiennes,
1373 829 1417 847 car
1430 822 1482 847 rien
1496 829 1528 847 au
1542 820 1651 849 monde,
1662 822 1761 855 jamais,
1774 829 1807 847 ne
1821 819 1984 855 remplacera
1996 829 2028 847 ce
2041 829 2120 847 coeur
2132 820 2189 850 d’or,
2202 825 2278 847 cette

309 868 539 904 compréhension
553 868 673 898 sublime,
686 868 722 895 de
734 873 798 895 tout
810 877 842 895 ce
855 871 898 903 qui
912 873 955 895 est
967 868 1055 903 grand,
1069 868 1158 899 noble,
1171 868 1206 895 fin
1220 873 1249 895 et
1262 868 1330 895 beau
1346 869 1349 895 !
1363 870 1397 895 »...
1412 870 1438 895 19
1451 868 1545 895 février
1559 870 1629 898 1887,
1643 868 1783 895 nouvelles
1796 868 1832 895 de
1846 868 1901 895 leur
1914 871 1986 895 mère
1999 877 2003 899 ;
2018 868 2031 895 il
2045 873 2088 895 est
2100 878 2114 891 «
2127 871 2252 903 esquinté
2265 878 2279 890 »

309 919 355 952 par
366 919 453 944 Sarcey
464 926 468 947 ;
481 926 517 944 on
531 916 562 944 lui
575 926 589 944 a
602 919 722 952 proposé
736 916 759 944 le
772 916 828 944 rôle
840 916 876 944 de
889 919 975 952 Figaro
987 916 1022 944 du
1034 916 1141 944 Barbier
1151 916 1185 944 de
1195 916 1291 944 Séville
1303 926 1307 943 :
1317 919 1343 952 je
1357 916 1390 944 l’ai
1405 916 1493 944 refusé
1505 916 1623 944 désirant
1635 919 1739 952 rejouer
1752 916 1835 944 Bazile
1847 919 1889 952 qui
1904 926 1947 944 me
1959 926 1989 944 va
2001 926 2111 944 comme
2124 926 2157 944 un
2169 922 2233 952 gant
2244 927 2278 944 »...

308 967 324 992 6
334 974 405 992 mars
418 967 483 992 1888
494 975 497 992 :
505 965 575 996 Jules
586 967 692 992 Claretie
702 970 745 992 est
754 975 768 987 «
780 968 905 992 ravissant
915 975 929 987 »
940 974 1008 1000 pour
1019 965 1050 992 lui
1063 974 1066 992 :
1077 975 1091 988 «
1101 967 1144 992 On
1156 974 1186 992 va
1198 967 1335 992 remonter
1343 965 1476 992 Adrienne
1486 968 1656 996 Lecouvreur,
1667 970 1696 992 et
1707 965 1720 992 il
1732 974 1746 992 a
1757 965 1886 992 distribué
1897 965 2059 992 Michonnet
2069 968 2083 992 à
2095 968 2197 992 Féraudy
2208 966 2220 992 I!
2233 968 2278 992 Les

309 1013 394 1040 beaux
405 1016 477 1048 jours
489 1013 524 1041 de
537 1016 618 1040 Perrin
632 1013 813 1040 refleurissent
825 1023 893 1049 pour
905 1016 958 1040 moi
972 1022 1036 1041 avec
1048 1022 1080 1041 ce
1090 1016 1171 1048 jeune
1183 1016 1333 1041 étourneau
1346 1013 1471 1041 criminel.
1482 1016 1564 1040 Triste
1577 1014 1580 1040 !
1592 1016 1669 1040 triste
1682 1014 1694 1040 II
1707 1023 1741 1040 »...
1751 1016 1783 1040 23
1795 1013 1916 1044 octobre,
1928 1013 2085 1041 conditions
2097 1013 2132 1040 du
2144 1016 2213 1040 Livre
2224 1013 2280 1040 d'or

309 1062 406 1097 auquel
418 1064 476 1097 Coq
488 1062 548 1089 doit
559 1062 728 1089 collaborer...
739 1064 755 1089 2
765 1062 918 1093 novembre,
930 1062 1015 1089 échos
1027 1062 1062 1089 du
1074 1065 1169 1089 succès
1181 1062 1216 1089 de
1227 1064 1285 1097 Coq
1297 1065 1312 1089 à
1324 1062 1474 1092 New-York,
1485 1072 1499 1084 «
1511 1064 1633 1089 insuccès
1644 1062 1756 1097 déguisé
1767 1072 1781 1084 »
1791 1062 1826 1089 de
1837 1064 1906 1097 Pepa
1917 1062 1952 1089 de
1964 1064 2069 1089 Meilhac
2080 1062 2102 1097 («
2114 1064 2145 1089 Le
2157 1062 2214 1089 rôle
2225 1071 2278 1097 que

307 1113 332 1145 je
345 1110 447 1137 voulais
459 1113 536 1145 jouer
549 1119 563 1137 a
576 1113 623 1137 été
635 1110 719 1137 rendu
731 1110 813 1145 (vomi
826 1110 926 1146 plutôt)
940 1113 985 1145 par
999 1113 1101 1137 Féraudy
1113 1110 1192 1137 d’une
1204 1110 1286 1144 façon
1300 1113 1367 1137 aussi
1383 1110 1493 1140 brutale,
1506 1113 1574 1137 aussi
1588 1110 1703 1146 vulgaire
1716 1119 1769 1146 que
1783 1110 1903 1145 possible
1916 1111 1938 1145 »)
1951 1120 1955 1141 ;
1970 1110 1983 1138 il
1998 1119 2083 1146 pense
2096 1119 2206 1137 comme
2219 1112 2277 1146 Coq

308 1168 362 1194 que
375 1159 397 1186 la
408 1164 507 1194 troupe
519 1164 562 1186 est
574 1158 635 1186 bien
647 1158 786 1186 affaiblie...
800 1161 818 1185 11
829 1159 978 1189 décembre,
992 1159 1103 1186 relation
1115 1159 1194 1186 d’une
1206 1161 1305 1186 séance
1317 1168 1448 1194 orageuse
1460 1159 1495 1186 du
1508 1161 1616 1186 Comité
1628 1168 1631 1186 :
1644 1159 1764 1186 violente
1776 1159 1935 1186 altercation
1948 1161 2024 1186 entre
2037 1161 2115 1186 Febvre
2126 1161 2155 1186 et
2166 1161 2278 1190 Claretie,

308 1216 340 1234 ce
352 1207 457 1234 dernier
468 1207 606 1234 déclarant
617 1216 671 1242 que
683 1210 736 1234 rien
749 1216 782 1234 ne
795 1207 818 1234 le
830 1207 995 1234 consolerait
1006 1207 1041 1234 du
1053 1207 1151 1242 départ
1161 1207 1197 1234 de
1208 1207 1361 1243 Coquelin...
1373 1207 1488 1234 Londres
1497 1209 1641 1242 27janvier
1653 1209 1718 1234 1889
1729 1217 1732 1234 :
1744 1207 1859 1234 Claretie
1872 1207 1903 1234 lui
1916 1216 1930 1234 a
1941 1207 1981 1234 dit
1991 1207 2051 1242 qu’il
2064 1207 2154 1234 n’avait
2164 1216 2218 1242 que
2229 1207 2278 1234 des

309 1258 431 1283 ennemis
444 1255 510 1283 dans
526 1255 549 1283 le
563 1258 671 1283 Comité
684 1265 688 1286 ;
703 1255 717 1283 il
733 1255 756 1283 le
769 1258 851 1283 savait
865 1256 925 1283 bien
941 1257 944 1283 !
959 1255 1042 1283 Chien
1055 1255 1089 1283 de
1100 1255 1183 1291 garde
1197 1256 1232 1283 de
1246 1258 1356 1287 Richepin,
1371 1255 1459 1283 refusé
1473 1255 1572 1291 malgré
1585 1266 1598 1278 «
1612 1255 1660 1283 des
1674 1256 1774 1283 choses
1787 1255 1822 1283 de
1837 1258 1950 1291 premier
1963 1256 2041 1283 ordre
2054 1266 2069 1278 »
2081 1258 2085 1287 ;
2100 1258 2138 1283 Un
2150 1255 2229 1283 salon
2243 1255 2278 1283 de

306 1304 375 1335 Jules
388 1307 502 1335 Lemaître,
515 1304 603 1331 refusé
615 1313 618 1331 :
629 1314 643 1327 «
655 1313 702 1339 pas
713 1313 788 1331 assez
798 1304 913 1331 théâtral
925 1314 944 1335 »,
956 1307 1084 1331 situation
1095 1304 1183 1334 faible,
1196 1307 1260 1331 mais
1270 1314 1284 1327 «
1295 1307 1488 1331 énormément
1498 1304 1606 1339 d’esprit
1616 1314 1631 1327 »
1640 1307 1645 1335 ;
1656 1307 1689 1331 La
1699 1306 1820 1331 Soutane
1831 1304 1867 1331 de
1878 1306 1972 1335 Coppée,
1984 1313 2064 1338 reçue
2075 1307 2089 1331 à
2102 1304 2263 1331 l’unanimité
2274 1314 2278 1331 :

310 1352 378 1380 beau
391 1358 420 1380 et
432 1363 446 1375 «
460 1358 582 1380 remuant
594 1363 608 1375 »
620 1362 624 1383 ;
636 1362 651 1375 «
665 1352 687 1380 la
700 1355 818 1380 Censure
831 1362 861 1380 va
874 1352 938 1379 faire
951 1352 1000 1380 des
1013 1355 1120 1380 siennes
1133 1355 1167 1380 »...
1180 1355 1247 1380 Paris
1258 1352 1292 1379 22
1304 1352 1447 1380 décembre
1461 1362 1464 1379 :
1477 1352 1544 1380 dans
1559 1352 1581 1380 la
1593 1363 1607 1375 «
1619 1362 1717 1380 course
1729 1362 1762 1380 au
1776 1352 1857 1380 ruban
1870 1362 1890 1384 »,
1905 1352 1918 1379 il
1932 1362 1946 1379 a
1959 1355 2047 1388 appris
2060 1362 2114 1388 que
2128 1352 2152 1380 le
2166 1355 2279 1388 premier

309 1401 411 1428 décoré
423 1410 480 1428 sera
491 1403 626 1428 Constant
637 1410 640 1428 :
651 1411 666 1423 «
676 1404 691 1428 à
703 1404 813 1436 présent
824 1410 877 1436 que
887 1404 913 1436 je
924 1410 1088 1428 commence
1101 1401 1124 1428 le
1134 1404 1274 1428 troisième
1284 1404 1348 1428 tiers
1359 1401 1395 1428 de
1406 1406 1482 1428 cette
1494 1404 1605 1428 carrière
1616 1416 1635 1418 -
1647 1410 1700 1436 que
1710 1401 1758 1436 j’en
1770 1404 1791 1428 ai
1803 1401 1846 1428 fini
1859 1410 1923 1428 avec
1934 1406 1983 1428 ton
1997 1404 2128 1428 immense
2140 1403 2279 1428 notoriété

308 1449 462 1477 fraternelle
472 1452 582 1480 voisine,
593 1459 646 1485 que
655 1452 680 1484 je
691 1452 760 1476 crois
771 1452 885 1485 pouvoir
895 1452 953 1477 être
965 1452 1146 1485 récompensé
1156 1449 1235 1477 d’une
1245 1452 1287 1476 vie
1297 1449 1333 1477 de
1343 1452 1374 1476 25
1385 1458 1431 1476 ans
1442 1449 1477 1477 de
1490 1449 1593 1476 labeurs
1604 1464 1623 1467 -
1634 1449 1737 1485 Spuller
1746 1455 1775 1476 te
1786 1455 1872 1476 remet
1882 1449 1982 1477 devant
1993 1452 2046 1476 moi
2060 1450 2063 1476 !
2075 1464 2094 1467 -
2105 1452 2204 1480 Avoue,
2215 1449 2279 1476 cher

309 1500 375 1533 Coq,
387 1507 440 1533 que
452 1507 484 1525 ce
496 1498 561 1525 n’est
573 1507 620 1533 pas
630 1500 686 1525 très
696 1501 773 1533 juste.
786 1513 804 1515 -
817 1500 879 1529 Que
889 1503 919 1525 tu
931 1507 959 1525 as
971 1500 1009 1533 agi
1022 1498 1099 1525 selon
1111 1503 1139 1525 ta
1150 1500 1315 1525 conscience
1326 1507 1360 1525 en
1373 1498 1493 1525 refusant
1505 1498 1527 1525 la
1539 1501 1609 1525 croix
1622 1498 1657 1525 de
1669 1498 1817 1525 Gambetta
1829 1513 1848 1515 -
1861 1501 1925 1525 mais
1937 1498 2143 1533 qu’aujourd’hui
2154 1501 2180 1533 je
2193 1500 2278 1532 reçois

308 1546 643 1573 très-douloureusement
656 1546 680 1574 le
692 1551 877 1582 contre-coup
889 1546 968 1573 d’une
981 1549 1072 1573 action
1086 1555 1139 1582 que
1150 1549 1176 1581 je
1189 1546 1233 1573 n’ai
1248 1555 1295 1581 pas
1307 1546 1356 1573 fait
1369 1549 1452 1573 naître
1464 1556 1498 1573 »...
1513 1546 1526 1574 Il
1541 1546 1734 1573 recommande
1747 1549 1884 1573 vivement
1896 1549 1910 1573 à
1923 1555 1972 1573 son
1985 1546 2055 1573 frère
2067 1546 2103 1573 de
2116 1549 2216 1573 revenir
2228 1549 2242 1573 à
2256 1546 2278 1573 la

309 1594 442 1622 Comédie
457 1597 610 1629 Française...
623 1597 658 1622 27
669 1594 733 1622 avril
748 1597 818 1625 1892,
832 1604 875 1622 sur
888 1604 916 1622 sa
929 1597 1046 1622 tournée
1059 1604 1093 1622 en
1107 1594 1211 1630 Algérie
1224 1600 1253 1622 et
1265 1597 1374 1624 Tunisie,
1390 1595 1412 1622 la
1426 1595 1639 1622 condamnation
1654 1595 1689 1622 de
1704 1597 1846 1622 Ravachol...
1862 1597 1888 1621 17
1894 1597 1999 1630 janvier
2013 1597 2084 1625 1894,
2098 1598 2112 1622 à
2127 1604 2229 1630 propos
2243 1595 2278 1622 de

309 1643 440 1670 Cabotins
452 1644 459 1670 !
471 1638 619 1670 d’Édouard
634 1646 755 1670 Pailleron
769 1652 772 1670 :
785 1653 799 1666 «
808 1646 836 1674 Je
849 1646 902 1670 suis
915 1648 1031 1670 content
1043 1643 1078 1670 du
1093 1643 1262 1678 monologue
1276 1643 1301 1670 la
1314 1643 1486 1678 Complainte
1498 1643 1534 1670 du
1544 1643 1627 1678 pauv’
1636 1643 1772 1679 sculpteur
1784 1652 1837 1679 que
1849 1643 1885 1678 j’ai
1899 1646 1913 1670 à
1926 1643 1981 1670 dire
1994 1658 2013 1661 -
2026 1652 2058 1677 ça
2071 1652 2115 1670 me
2129 1646 2212 1678 paraît
2223 1646 2278 1670 très

309 1694 323 1719 à
336 1691 412 1719 effet.
426 1691 496 1719 C'est
510 1691 533 1719 le
546 1701 626 1727 genre
636 1691 706 1723 Jules
716 1694 786 1727 Jouy,
801 1694 902 1721 Bruant,
916 1694 968 1719 très
981 1691 1088 1719 réaliste
1102 1694 1166 1719 mais
1178 1695 1233 1719 très
1246 1691 1330 1719 drôle.
1344 1694 1380 1727 Ça
1394 1701 1437 1719 me
1449 1691 1554 1719 tiendra
1567 1691 1656 1719 douze
1670 1695 1786 1719 minutes
1799 1694 1833 1719 »...
1848 1694 1874 1719 19
1881 1694 1937 1727 juin
1953 1694 2021 1719 1895.
2034 1702 2048 1714 «
2057 1691 2096 1723 J’ai
2109 1694 2174 1727 joué
2188 1691 2193 1719 l
2196 1691 2279 1719 'Abbé

309 1740 442 1767 Corneille
453 1749 517 1767 avec
529 1743 624 1767 succès
635 1755 654 1757 -
665 1745 746 1767 toute
759 1740 781 1767 la
793 1749 884 1775 presse
895 1740 1043 1767 délicieuse
1055 1749 1123 1775 pour
1134 1743 1187 1767 moi
1200 1740 1261 1767 sauf
1271 1740 1429 1775 l’aristarque
1440 1745 1469 1767 et
1481 1742 1636 1775 pavéesque
1647 1742 1734 1767 Sarcey
1744 1755 1763 1757 -
1774 1740 1814 1767 dit
1826 1740 1849 1767 le
1860 1749 1920 1775 gros
1933 1740 2006 1767 idiot.
2019 1743 2094 1767 Nous
2106 1740 2192 1767 allons
2202 1743 2279 1775 jouer

310 1788 347 1815 les
358 1791 425 1815 Faux
435 1788 630 1816 Bonshommes
641 1794 686 1816 cet
697 1791 750 1818 été,
762 1789 801 1823 [...]
812 1797 843 1822 ça
854 1798 868 1815 a
879 1791 926 1815 été
938 1798 990 1815 une
1000 1791 1070 1815 vraie
1081 1788 1188 1816 bataille
1200 1798 1268 1824 pour
1278 1788 1342 1816 faire
1354 1791 1472 1815 recevoir
1484 1788 1506 1816 la
1518 1791 1595 1824 pièce
1607 1788 1662 1815 hier
1672 1798 1704 1815 au
1716 1791 1830 1816 Comité.
1843 1791 1907 1815 MM.
1919 1791 2042 1819 Mounet,
2055 1788 2146 1816 Baillet
2157 1791 2188 1815 Le
2200 1791 2278 1824 Bargy

309 1837 356 1872 (les
368 1839 381 1864 3
392 1837 493 1872 grâces)
504 1840 658 1864 trouvaient
669 1837 727 1864 cela
740 1837 807 1864 idiot
818 1847 852 1864 »...
862 1837 898 1864 27
906 1837 1049 1864 décembre
1062 1839 1128 1864 1899
1139 1846 1143 1864 :
1154 1847 1167 1859 «
1180 1840 1255 1864 Nous
1267 1840 1373 1864 savions
1385 1846 1438 1872 que
1449 1842 1478 1864 tu
1490 1846 1519 1864 es
1532 1846 1565 1864 un
1577 1837 1657 1872 grand
1670 1842 1763 1864 acteur
1774 1842 1803 1864 et
1814 1846 1867 1872 que
1878 1842 1907 1864 tu
1919 1837 2007 1864 faisais
2019 1837 2054 1864 de
2067 1837 2151 1864 belles
2163 1837 2262 1864 choses
2274 1846 2278 1864 :

309 1888 374 1917 mais
382 1888 448 1917 Jean
463 1885 569 1920 Valjean
582 1890 625 1912 est
639 1894 691 1913 une
703 1895 796 1912 grande
809 1885 1011 1912 manifestation
1025 1885 1060 1912 de
1073 1885 1153 1921 grand
1167 1891 1264 1912 acteur.
1279 1888 1336 1912 Une
1349 1885 1384 1912 de
1396 1890 1439 1912 tes
1454 1885 1512 1921 plus
1524 1885 1611 1912 fortes
1625 1888 1767 1916 créations,
1781 1894 1849 1921 pour
1863 1888 1916 1912 moi
1932 1885 1954 1912 la
1968 1885 2026 1921 plus
2039 1885 2118 1916 forte,
2133 1894 2212 1921 parce
2225 1894 2278 1921 que

310 1934 332 1961 la
346 1933 404 1969 plus
418 1936 556 1969 puissante
569 1934 635 1961 dans
650 1934 672 1961 la
685 1934 835 1969 simplicité.
849 1934 919 1961 C’est
932 1943 965 1961 un
979 1936 1028 1961 vrai
1042 1934 1180 1969 triomphe
1194 1943 1262 1969 pour
1273 1937 1320 1961 toi.
1335 1936 1414 1961 Bravo
1428 1934 1432 1961 !
1446 1944 1480 1961 »...
1491 1936 1527 1961 27
1536 1934 1601 1961 avril
1616 1936 1690 1963 1900,
1705 1934 1819 1969 plaintes
1832 1936 1936 1961 amères
1949 1943 1992 1961 sur
2006 1934 2028 1961 la
2041 1934 2174 1961 Comédie
2187 1936 2230 1969 qui
2245 1943 2278 1961 ne

307 1985 372 2017 joue
385 1991 438 2018 que
451 1982 500 2009 des
512 1992 526 2005 «
540 1985 631 2017 pièces
645 1985 725 2009 usées
737 1992 752 2005 »
764 1991 768 2009 :
780 1992 794 2005 «
808 1982 832 2009 le
846 1982 900 2009 bon
913 1984 1019 2009 Claretie
1031 1988 1074 2009 est
1086 1987 1150 2009 tout
1162 1982 1337 2017 simplement
1350 1991 1383 2009 un
1397 1982 1515 2009 criminel
1530 1982 1543 2009 il
1557 1985 1689 2009 assassine
1704 1982 1727 2009 le
1739 1982 1846 2009 théâtre
1859 1984 1893 2009 »...
1904 1984 1932 2009 21
1940 1985 2044 2017 janvier
2058 1984 2125 2009 1901.
2140 1982 2153 2009 Il
2165 1985 2230 2017 joue
2243 1982 2278 2009 de

309 2034 396 2058 moins
408 2040 441 2058 en
454 2033 541 2058 moins
552 2040 584 2058 au
597 2033 719 2065 Français,
731 2036 760 2058 et
770 2030 894 2058 voudrait
904 2033 988 2058 croire
1000 2040 1048 2058 aux
1060 2036 1305 2066 encouragements
1316 2030 1352 2058 de
1363 2040 1413 2058 son
1424 2030 1493 2058 frère
1505 2031 1540 2058 de
1550 2036 1641 2058 tenter
1653 2031 1677 2058 le
1688 2033 1783 2058 succès
1795 2031 1861 2058 dans
1874 2031 1898 2058 le
1910 2040 1972 2066 pays
1983 2031 2033 2058 des
2044 2030 2150 2058 dollars.
2161 2041 2175 2053 «
2186 2033 2279 2062 Quant

309 2082 323 2106 à
335 2082 382 2110 toi,
396 2079 460 2106 cher
473 2081 539 2114 Coq,
553 2084 582 2106 tu
595 2084 624 2106 te
638 2088 751 2106 couvres
765 2084 794 2106 et
808 2088 950 2106 recouvres
964 2079 999 2106 de
1012 2079 1095 2114 gloire
1110 2079 1201 2110 là-bas,
1216 2079 1363 2110 Flambeau,
1377 2081 1486 2114 Cyrano,
1500 2081 1612 2114 Scarpia,
1628 2079 1651 2106 le
1666 2082 1811 2114 Fossoyeur
1825 2079 1864 2114 (...)
1877 2084 1906 2106 te
1920 2084 2040 2106 mettent
2054 2079 2114 2106 bien
2129 2082 2143 2106 à
2158 2079 2279 2114 l’apogée

309 2127 375 2155 dans
392 2127 487 2163 l’esprit
502 2128 551 2155 des
566 2130 735 2155 Américains.
751 2130 830 2155 Bravo
843 2127 891 2163 j'en
907 2130 959 2155 suis
975 2130 1023 2155 ravi
1040 2127 1256 2163 profondément
1271 2130 1326 2158 ravi,
1342 2143 1361 2145 -
1376 2132 1405 2155 et
1420 2137 1467 2163 pas
1482 2130 1578 2163 surpris
1594 2130 1707 2163 puisque
1721 2133 1751 2155 tu
1766 2137 1795 2155 es
1812 2127 1872 2155 bien
1889 2127 1912 2155 le
1926 2137 2016 2154 premier
2031 2127 2066 2155 de
2082 2137 2150 2155 nous
2164 2130 2198 2155 »...
2214 2130 2278 2155 Nice

307 2178 323 2203 2
334 2176 405 2207 avril,
419 2176 564 2211 hommage
576 2178 590 2203 à
603 2178 729 2203 Gambetta
742 2185 745 2206 ;
759 2179 931 2211 impressions
944 2176 979 2203 de
991 2176 1103 2211 L’Aiglon
1115 2181 1144 2203 et
1156 2176 1191 2203 du
1205 2176 1262 2203 rôle
1274 2176 1309 2203 de
1323 2176 1483 2203 Flambeau...
1495 2179 1562 2203 Paris
1576 2178 1602 2203 17
1607 2179 1670 2211 juin,
1683 2185 1801 2203 rumeurs
1814 2185 1856 2203 sur
1870 2176 1893 2203 le
1905 2176 2003 2211 départ
2015 2176 2050 2203 de
2062 2178 2174 2207 Claretie,
2187 2181 2216 2203 et
2228 2185 2277 2203 son

309 2224 529 2260 remplacement.
541 2235 555 2247 «
564 2227 592 2256 Je
605 2227 655 2252 sais
668 2226 721 2260 que
733 2226 843 2252 Croisset
854 2229 897 2252 est
909 2224 960 2252 allé
972 2227 986 2251 à
999 2224 1114 2252 Londres
1126 2229 1155 2251 te
1168 2227 1301 2260 proposer
1313 2224 1445 2252 Chérubin
1459 2234 1527 2260 pour
1540 2224 1562 2251 la
1576 2227 1652 2252 Porte
1664 2226 1687 2251 S*
1699 2227 1803 2251 Martin.
1816 2227 1927 2251 Surtout
1939 2234 1972 2251 ne
1984 2224 2033 2252 fais
2046 2234 2093 2260 pas
2104 2227 2181 2260 jouer
2193 2234 2224 2258 ça
2236 2234 2279 2251 sur

307 2278 357 2300 ton
367 2273 481 2300 théâtre.
491 2273 561 2300 C’est
572 2282 624 2300 une
635 2275 712 2308 pièce
723 2276 850 2308 marquée
861 2282 929 2308 pour
940 2273 964 2300 le
973 2272 1034 2300 four
1043 2283 1077 2300 »...
1086 2275 1120 2308 26
1126 2276 1231 2308 janvier
1241 2275 1313 2303 1902,
1323 2272 1499 2300 félicitations
1509 2282 1552 2300 sur
1563 2273 1586 2300 le
1595 2273 1733 2308 triomphe
1743 2273 1778 2300 de
1789 2275 1847 2308 Coq
1858 2276 1872 2300 à
1883 2273 1971 2304 Berlin,
1982 2278 2011 2300 et
2020 2282 2049 2300 sa
2059 2275 2135 2300 visite
2145 2282 2177 2300 au
2189 2275 2278 2303 Kaiser,

307 2331 322 2344 «
334 2324 469 2348 étonnant
481 2321 686 2352 d’assimilation,
699 2321 734 2348 de
747 2321 976 2357 compréhension
991 2321 1081 2357 rapide
1094 2336 1113 2339 -
1125 2327 1154 2348 et
1166 2321 1201 2348 de
1214 2324 1299 2348 savoir
1311 2331 1344 2348 »...
1358 2321 1458 2348 Détails
1470 2330 1513 2348 sur
1526 2321 1548 2348 la
1562 2324 1777 2357 représentation
1790 2321 1825 2348 de
1839 2324 1944 2348 retraite
1957 2321 1992 2348 de
2006 2324 2123 2352 Barretta,
2136 2324 2172 2348 où
2187 2321 2200 2348 il
2213 2330 2227 2348 a
2239 2321 2279 2348 dit

308 2370 378 2397 deux
392 2369 596 2405 monologues...
608 2369 765 2397 Alexandrie
776 2372 802 2397 31
814 2379 884 2397 mars
899 2372 970 2400 1905,
983 2370 1173 2397 chaleureuses
1185 2369 1361 2397 félicitations
1375 2379 1443 2405 pour
1455 2379 1483 2397 sa
1495 2372 1616 2397 création
1629 2370 1665 2397 de
1676 2372 1789 2397 Scarron
1802 2370 1847 2405 [de
1860 2372 1886 2397 C.
1900 2370 2008 2405 Mendès]
2022 2379 2025 2397 :
2037 2380 2052 2392 «
2065 2379 2201 2405 personne
2214 2369 2279 2397 n'est

309 2418 368 2454 plus
380 2418 496 2445 heureux
508 2427 562 2453 que
572 2423 622 2445 ton
634 2418 722 2445 Cadet
733 2418 839 2453 chaque
850 2418 903 2445 fois
915 2427 968 2453 que
978 2423 1008 2445 tu
1020 2427 1049 2445 es
1062 2418 1178 2445 heureux
1190 2423 1219 2445 et
1229 2423 1258 2445 tu
1271 2418 1331 2445 dois
1344 2418 1417 2445 l'être
1430 2419 1434 2445 !
1446 2428 1480 2445 »...
1493 2421 1543 2445 Etc.

344 2469 382 2494 Au
393 2466 418 2494 fil
430 2466 479 2494 des
492 2466 592 2496 lettres,
603 2476 639 2494 on
652 2472 794 2494 rencontre
805 2466 841 2494 de
852 2466 1000 2494 nombreux
1011 2472 1100 2494 autres
1111 2466 1278 2497 comédiens,
1290 2472 1464 2494 notamment
1474 2466 1509 2494 de
1522 2467 1544 2494 la
1555 2466 1688 2494 Comédie
1700 2469 1833 2500 Française
1845 2469 1848 2494 :
1860 2469 1921 2497 Got,
1934 2469 2019 2498 Firmin,
2031 2469 2161 2496 Delaunay,
2172 2469 2278 2498 Worms,

310 2518 371 2546 Berr,
385 2517 478 2546 Guitry,
493 2517 581 2546 Réjane,
595 2517 695 2545 Sylvain,
710 2518 801 2546 Fugère,
816 2518 904 2542 Mmes
918 2524 954 2542 ou
969 2515 1047 2542 Mlles
1062 2518 1144 2546 Plessy,
1159 2518 1271 2546 Provost,
1286 2518 1446 2546 Reichenberg,
1460 2517 1590 2546 Croizette,
1605 2518 1715 2545 Brandès,
1730 2518 1832 2545 Pierson,
1847 2518 1930 2542 Marie
1944 2518 2029 2546 Delna,
2043 2515 2120 2542 Sarah
2136 2518 2278 2546 Bernhardt,

309 2563 400 2591 Cécile
410 2566 488 2594 Sorel,
499 2566 660 2599 Marguerite
671 2566 788 2593 Moreno,
799 2566 898 2590 Béatrix
909 2566 1023 2594 Dussane,
1033 2568 1085 2591 etc.
1095 2563 1183 2591 Cadet
1192 2566 1301 2599 évoque
1311 2563 1467 2599 également
1476 2563 1511 2590 de
1522 2563 1669 2590 nombreux
1680 2568 1788 2591 auteurs
1798 2573 1801 2590 :
1813 2563 1933 2591 Edmond
1944 2566 2078 2593 Gondinet,
2088 2563 2197 2591 Charles
2207 2566 2278 2595 Cros,

305 2614 368 2643 Jean
381 2615 490 2643 Richepin,
503 2615 579 2639 Henri
591 2612 627 2639 de
639 2614 744 2643 Bornier,
756 2612 845 2639 Alfred
857 2614 940 2643 Capus,
951 2617 1010 2642 etc.,
1022 2615 1084 2639 ainsi
1097 2621 1150 2647 que
1161 2612 1210 2639 des
1222 2612 1347 2639 hommes
1360 2612 1506 2647 politiques
1517 2614 1521 2639 :
1532 2614 1794 2643 Waldeck-Rousseau,
1805 2614 1995 2643 Casimir-Périer,
2008 2612 2143 2647 Raymond
2156 2614 2278 2643 Poincaré,

308 2662 427 2691 Caillaux,
440 2663 580 2691 Millerand,
593 2663 711 2691 DÉLIASSÉ,
723 2663 828 2691 Leygues,
840 2663 944 2691 Roujon,
955 2663 1049 2691 Viviani,
1060 2666 1112 2687 etc.

344 2711 387 2736 On
397 2718 463 2739 joint
476 2708 534 2744 plus
546 2709 582 2736 de
595 2711 625 2736 55
639 2711 716 2736 L.A.S.
729 2709 764 2736 de
777 2718 829 2736 leur
841 2713 902 2736 frère
914 2711 1018 2736 Gustave
1030 2709 1184 2744 (1844-1933)
1197 2709 1236 2736 dit
1248 2711 1261 2736 «
1274 2711 1350 2736 Wasa
1361 2719 1382 2740 »,
1394 2712 1409 2736 à
1421 2709 1553 2744 Coquelin
1566 2711 1632 2740 aîné,
1645 2711 1795 2740 1888-1903,
1808 2714 1998 2736 commentant
2010 2709 2227 2736 abondamment
2241 2708 2278 2736 les

308 2757 414 2784 affaires
424 2757 571 2784 théâtrales
581 2760 595 2784 à
607 2760 670 2784 Paris
680 2763 709 2784 et
721 2757 758 2784 les
767 2760 898 2784 tournées
908 2762 937 2784 et
948 2760 1059 2784 intérêts
1069 2757 1210 2784 financiers
1220 2757 1255 2784 de
1266 2759 1324 2793 Coq
1335 2767 1338 2784 :
1350 2762 1475 2788 recettes,
1485 2760 1584 2788 traités,
1595 2757 1670 2784 canal
1681 2757 1716 2784 du
1728 2760 1844 2788 Panama,
1856 2757 1961 2788 bourse,
1973 2760 2064 2788 mines,
2076 2757 2232 2792 liquidation
2243 2757 2278 2784 de

310 2806 332 2833 la
345 2808 642 2833 Porte-Saint-Martin...
655 2808 698 2833 On
707 2815 773 2836 joint
783 2815 843 2833 aussi
857 2815 890 2833 un
904 2808 973 2841 petit
985 2805 1126 2833 ensemble
1138 2806 1173 2833 de
1186 2808 1263 2833 L.A.S.
1276 2806 1311 2833 de
1323 2808 1457 2833 Constant
1469 2808 1600 2837 Coquelin,
1612 2808 1736 2836 Coquelin
1748 2808 1827 2833 Cadet
1838 2806 1891 2840 (10),
1905 2805 1960 2833 leur
1971 2815 2047 2833 sœur
2060 2808 2142 2833 Marie
2154 2808 2278 2836 Coquelin

309 2854 315 2889 (
317 2854 348 2889 2),
360 2859 412 2881 etc.

1157 2926 1356 2961 Reproduction
1366 2935 1438 2962 page
1450 2928 1466 2953 9

2325 3078 2343 3103 11
