2480 3188
221 205 258 230 23.
308 203 432 230 Armand
444 203 571 235 Ménard,
582 203 625 230 dit
636 203 778 238 DRANEM
790 203 952 238 (1869-1935).
965 205 978 230 5
990 205 1074 234 L.A.S.,
1085 205 1220 230 1905-1912
1231 208 1260 230 et
1271 203 1316 230 s.d.
1328 212 1331 232 ;
1342 205 1358 230 7
1369 212 1451 238 pages
1464 206 1518 230 in-4
1529 212 1565 230 ou
1578 205 1639 234 in-8,
1652 212 1685 230 un
1697 205 1806 230 en-tête
1817 205 1915 230 Œuvre
1926 203 1960 230 de
1971 203 1996 230 la
2007 206 2115 230 Maison
2126 203 2160 230 de
2171 206 2279 230 retraite

308 249 355 276 des
366 251 478 276 Artistes
490 249 609 284 lyriques,
622 258 674 276 une
686 249 849 284 enveloppe.
2147 251 2278 276 200/250

345 315 573 339 Remerciements
583 315 598 339 à
608 314 729 347 Georges
740 314 917 339 Montorgueil
927 321 995 347 pour
1005 321 1038 339 un
1049 312 1142 339 article
1152 315 1194 347 qui
1206 321 1220 339 a
1229 322 1243 334 «
1254 312 1444 339 révolutionné
1456 311 1493 339 les
1503 312 1634 339 coulisses
1644 312 1679 339 de
1691 312 1839 339 l’Eldorado
1849 322 1882 339 »...
1894 312 2072 339 Félicitations
2082 314 2097 339 à
2106 322 2120 334 «
2131 315 2206 339 Louis
2216 314 2256 339 XV
2265 322 2279 334 »

309 358 337 393 [P.
351 358 475 393 Escudier],
487 368 501 380 «
515 358 538 385 le
552 358 610 393 plus
622 358 712 393 galant
724 358 773 385 des
785 358 942 385 conseillers
955 361 1123 393 municipaux
1136 368 1170 385 »...
1184 360 1265 385 Prière
1277 358 1403 385 d’insérer
1415 367 1448 385 un
1461 360 1655 393 communiqué
1668 363 1835 385 concernant
1847 367 1875 385 sa
1889 360 2030 393 réception
2044 367 2090 393 par
2103 358 2126 385 le
2140 358 2279 393 président

309 406 424 435 Fallières,
439 407 482 439 qui
498 413 512 431 a
528 407 644 439 accepté
659 404 823 439 d’inaugurer
839 404 862 431 la
878 407 982 431 Maison
998 404 1034 431 de
1050 407 1156 431 retraite
1171 404 1220 431 des
1235 406 1348 431 Artistes
1365 404 1478 439 lyriques
1493 407 1507 431 à
1523 406 1709 439 Ris-Orangis...
1726 407 1813 431 Lettre
1828 407 1956 439 comique
1971 413 2013 431 sur
2030 404 2067 431 les
2082 407 2210 435 animaux,
2226 409 2278 431 etc.

309 452 352 477 On
364 459 429 480 joint
443 459 495 477 une
509 450 608 477 affiche
622 450 657 485 de
672 452 710 485 Ça
723 459 833 477 mousse
846 451 853 477 !
866 455 896 477 et
910 459 943 477 un
959 459 1127 486 programme
1141 450 1176 477 de
1192 450 1214 477 la
1228 452 1288 477 Fête
1301 450 1349 477 des
1363 449 1424 477 Caf
1436 450 1519 477 Conc’
1531 459 1563 477 au
1579 450 1703 477 bénéfice
1717 450 1752 477 de
1768 450 1881 477 l'Œuvre
1895 450 1930 477 de
1946 450 1968 477 la
1982 453 2087 477 Maison
2102 450 2151 477 des
2165 452 2278 477 Artistes

310 496 423 531 lyriques
434 496 591 531 (Fondation
605 496 734 531 Dranem).

219 603 258 628 24.
307 603 427 628 Vincent
439 601 542 636 HYSPA
553 601 716 636 (1865-1938).
729 603 744 628 8
757 603 834 628 L.A.S.
846 607 875 628 et
887 604 900 628 5
913 604 1070 628 manuscrits
1082 601 1270 637 autographes,
1282 603 1418 628 1906-1915
1429 607 1458 628 et
1470 601 1514 628 s.d.
1526 611 1530 632 ;
1542 603 1573 628 34
1586 610 1667 637 pages
1678 601 1792 628 formats
1803 601 1896 632 divers,
1908 610 1958 637 qqs
1970 601 2099 628 adresses.
2153 603 2278 628 150/200

345 667 445 691 Lettres
456 667 470 691 à
481 666 616 691 Constant
626 666 750 694 Coquelin
761 664 803 699 (lui
816 669 994 694 soumettant,
1006 667 1064 699 puis
1076 664 1107 691 lui
1121 664 1317 691 redemandant
1329 664 1352 691 le
1364 667 1508 691 manuscrit
1519 664 1554 691 de
1565 673 1593 691 sa
1605 667 1683 699 pièce
1693 667 1738 691 Les
1747 666 1894 691 Aventures
1904 664 1938 691 de
1948 667 2087 691 Monsieur
2096 664 2234 699 Pickwick),
2245 673 2277 691 au

309 713 342 737 Dr
354 713 423 741 Pelet,
434 713 448 737 à
460 719 493 737 un
505 713 555 737 ami
568 710 608 745 (au
620 713 690 745 sujet
701 710 761 737 d’un
773 710 943 745 spectacle)...
955 713 1115 737 Manuscrits
1126 710 1161 737 de
1173 710 1308 737 chansons
1320 712 1323 741 :
1335 710 1406 741 Quel
1413 710 1462 745 joli
1473 715 1566 746 temps,
1578 713 1664 737 Lettre
1674 710 1753 737 d'une
1764 710 1904 737 Dorothée
1914 712 2052 741 rêveuse...,
2062 712 2077 737 «
2088 712 2137 737 Ces
2148 710 2278 746 quelques

308 761 380 783 mots
392 756 471 783 chère
482 759 633 783 marraine...
647 766 667 787 »,
681 759 750 783 Voici
762 756 823 783 l’été
835 756 908 791 (avec
921 759 1043 792 musique
1055 756 1346 791 d’accompagnement
1357 762 1386 783 et
1400 756 1479 783 lettre
1491 756 1594 783 d’envoi
1607 765 1639 783 au
1652 756 1703 783 dos
1716 759 1730 783 à
1743 765 1795 783 une
1807 756 1949 783 camarade
1961 761 1990 783 et
2002 756 2101 791 amie)...
2114 758 2157 783 On
2167 765 2233 786 joint
2244 765 2278 783 un

310 811 478 838 programme
491 805 560 838 impr.
572 807 601 829 et
614 802 719 833 illustré,
731 804 766 829 20
779 811 846 829 mars
857 804 930 829 1902.

220 909 258 940 25.
306 907 381 940 Jules
390 908 479 942 JOUY
490 907 652 942 (1855-1897).
664 910 700 934 60
712 917 855 934 manuscrits
866 907 1048 943 autographes
1060 910 1147 943 signés
1159 917 1163 938 ;
1174 910 1205 934 75
1218 917 1300 943 pages
1311 907 1424 934 formats
1436 907 1529 934 divers.
2147 909 2278 935 300/400

343 973 426 997 Textes
438 980 465 997 de
476 979 602 997 chansons
615 979 683 1006 pour
697 970 734 997 les
745 972 759 997 «
772 970 913 997 Chansons
925 970 959 997 de
971 973 1038 997 Paris
1050 980 1064 992 »
1075 975 1104 997 et
1118 970 1155 997 les
1167 972 1181 997 «
1193 972 1264 997 Gens
1276 970 1311 997 de
1323 970 1348 997 la
1360 970 1451 997 Bande
1463 980 1476 992 »
1488 970 1513 1005 (V
1514 974 1523 985 e
1535 970 1618 1005 série),
1631 973 1718 997 visant
1730 975 1904 997 notamment
1917 970 1940 997 le
1954 970 2140 1005 boulangisme
2153 972 2156 997 :
2169 970 2278 1000 Girault,

308 1016 438 1046 Rouillon,
451 1016 618 1051 Bois-Glavy,
631 1019 670 1043 De
681 1018 772 1046 Susini,
785 1019 824 1043 De
837 1016 999 1047 Larmandie,
1011 1016 1176 1051 Auschitzky,
1191 1016 1331 1043 Théodore
1345 1016 1427 1047 Cahu,
1440 1019 1485 1043 Les
1498 1016 1682 1052 Républicains
1694 1016 1770 1046 naïfs,
1783 1019 1828 1043 Les
1842 1018 1982 1047 Conscrits,
1996 1011 2122 1043 Écrasons
2136 1016 2252 1043 l'infâme
2265 1017 2278 1046 !,

308 1065 353 1089 Les
368 1065 489 1089 Derniers
504 1062 695 1098 Boulangistes,
710 1057 777 1089 L'Été
791 1062 825 1089 de
842 1064 912 1092 1890,
927 1062 1101 1098 L’Enveloppe
1115 1065 1296 1097 mystérieuse,
1311 1065 1363 1089 etc.
1379 1065 1422 1089 On
1435 1072 1500 1092 joint
1514 1064 1527 1089 3
1542 1062 1689 1098 fragments
1704 1068 1810 1098 autogr.,
1827 1071 1879 1089 une
1894 1062 2028 1089 circulaire
2044 1065 2120 1097 impr.,
2137 1071 2189 1089 une
2204 1067 2278 1089 carte

308 1111 396 1144 vierge
407 1108 443 1135 de
456 1108 478 1135 la
490 1111 628 1144 Goguette
638 1108 674 1135 du
686 1108 758 1135 Chat
767 1111 839 1138 Noir,
851 1113 880 1135 et
892 1118 925 1135 un
937 1108 1076 1144 faire-part
1087 1108 1122 1135 de
1134 1118 1183 1135 son
1196 1108 1280 1139 décès
1292 1118 1296 1144 ;
1309 1108 1367 1144 plus
1380 1118 1413 1135 un
1426 1108 1501 1135 billet
1512 1118 1553 1135 a.s.
1565 1108 1601 1135 de
1614 1111 1694 1135 Pierre
1707 1108 1804 1135 Baudin
1817 1111 1831 1136 à
1842 1118 1892 1136 son
1904 1111 1980 1144 sujet.

218 1216 258 1241 26.
308 1216 387 1240 Anna
399 1214 493 1248 JUDIC
509 1214 655 1248 (1850-1911)
670 1213 827 1241 chanteuse.
842 1216 860 1240 11
879 1216 963 1244 L.A.S.,
978 1216 1122 1241 1879-1906
1137 1219 1166 1241 et
1181 1213 1233 1244 s.d.,
1249 1216 1263 1241 à
1279 1216 1414 1241 Constant
1428 1216 1552 1244 Coquelin
1568 1223 1604 1241 ou
1620 1216 1742 1249 Georges
1758 1216 1940 1245 Montorgueil,
1957 1213 2099 1241 rédacteur
2114 1223 2147 1241 en
2164 1213 2230 1241 chef
2243 1213 2278 1241 de

308 1255 411 1287 L’Éclair
422 1269 425 1290 ;
437 1262 463 1286 17
475 1269 556 1295 pages
570 1262 624 1287 in-8
636 1269 672 1287 ou
686 1262 757 1291 in-12,
770 1259 792 1287 la
805 1260 912 1295 plupart
923 1262 937 1287 à
949 1269 998 1287 son
1010 1259 1112 1287 chiffre.
2153 1261 2278 1287 150/200

345 1322 395 1349 Elle
410 1325 537 1349 remercie
550 1325 608 1358 Coq
623 1322 718 1349 d’avoir
730 1332 744 1345 «
758 1322 830 1358 parlé
845 1332 913 1358 pour
926 1332 990 1349 mon
1005 1325 1117 1358 portrait
1130 1332 1144 1345 »
1156 1327 1185 1349 et
1199 1327 1307 1358 promet
1320 1322 1355 1349 de
1369 1325 1512 1358 participer
1525 1325 1539 1349 à
1553 1332 1605 1349 une
1619 1325 1834 1358 représentation
1848 1325 1862 1349 à
1877 1325 1947 1353 Paris,
1961 1325 1979 1349 si
1994 1322 2046 1349 elle
2061 1328 2147 1349 rentre
2160 1325 2174 1349 à
2187 1327 2278 1358 temps

308 1368 343 1395 de
357 1368 502 1404 Belgique...
516 1368 566 1396 Elle
579 1374 622 1395 est
633 1378 647 1391 «
659 1378 691 1395 au
704 1368 847 1404 désespoir
858 1378 872 1391 »
884 1368 919 1395 de
932 1378 966 1395 ne
979 1371 1093 1404 pouvoir
1104 1368 1217 1396 chanter
1229 1368 1357 1396 mercredi
1371 1378 1403 1395 au
1415 1368 1587 1396 Trocadéro...
1601 1368 1651 1396 Elle
1664 1374 1707 1395 est
1718 1368 1837 1404 fatiguée
1850 1373 1879 1395 et
1891 1368 2004 1399 malade,
2017 1368 2069 1396 elle
2082 1368 2143 1396 s’est
2154 1368 2202 1395 fait
2213 1368 2278 1395 faire

307 1425 321 1437 «
335 1424 387 1442 une
402 1417 489 1450 petite
503 1417 646 1450 opération
661 1417 675 1441 à
690 1414 712 1442 la
725 1417 785 1442 tête
799 1424 832 1442 »...
848 1414 899 1442 Elle
913 1417 1031 1450 exprime
1045 1424 1074 1442 sa
1087 1414 1220 1450 gratitude
1235 1424 1303 1450 pour
1317 1424 1350 1441 un
1365 1414 1458 1442 article
1472 1424 1525 1450 que
1540 1414 1572 1442 lui
1587 1424 1601 1442 a
1614 1417 1746 1442 consacré
1760 1409 1868 1445 L'Éclair,
1882 1420 1911 1442 et
1924 1414 2050 1450 explique
2064 1424 2096 1442 ce
2110 1417 2152 1450 qui
2169 1414 2200 1442 lui
2215 1420 2278 1442 vaut

309 1460 331 1488 la
344 1460 502 1488 distinction
515 1461 550 1488 du
564 1463 682 1488 ministre
694 1460 730 1488 de
744 1460 926 1496 l’Agriculture,
939 1463 1024 1488 citant
1036 1470 1069 1488 en
1084 1460 1236 1496 particulier
1247 1471 1261 1483 «
1274 1470 1307 1488 un
1321 1461 1431 1496 élevage
1443 1466 1507 1488 tout
1519 1460 1619 1496 spécial
1633 1461 1668 1488 de
1681 1460 1777 1488 “souris
1791 1460 1931 1488 blanches’’
1944 1460 2084 1488 destinées
2097 1470 2145 1488 aux
2160 1463 2278 1488 Instituts

309 1509 414 1534 Pasteur
425 1509 459 1534 »...
471 1509 515 1534 On
524 1516 590 1537 joint
601 1516 634 1534 un
645 1506 829 1542 télégramme,
841 1509 856 1533 2
867 1512 955 1534 cartes
968 1506 1090 1542 postales
1102 1512 1131 1534 et
1142 1516 1194 1534 une
1208 1506 1391 1542 lithographie.

223 1614 258 1639 27.
309 1613 399 1639 Marie
412 1612 593 1647 KRYSINSKA
606 1612 767 1647 (1845-1908)
781 1614 919 1647 poétesse.
933 1614 964 1639 22
978 1614 1055 1639 L.A.S.
1069 1617 1098 1639 et
1110 1614 1123 1639 3
1138 1614 1190 1642 L.S.,
1205 1615 1268 1639 Paris
1281 1614 1346 1639 1907
1358 1617 1387 1639 et
1400 1612 1452 1643 s.d.,
1465 1615 1480 1639 à
1493 1614 1614 1647 Georges
1628 1614 1810 1643 Montorgueil,
1823 1612 1958 1639 directeur
1970 1612 2006 1639 de
2019 1607 2122 1639 L’Éclair
2134 1621 2137 1642 ;
2151 1614 2182 1639 36
2197 1621 2278 1647 pages

308 1658 421 1685 formats
433 1658 526 1685 divers.
2150 1660 2278 1685 300/350

345 1720 396 1748 Elle
407 1720 431 1748 le
442 1723 496 1756 prie
506 1720 542 1748 de
553 1721 638 1756 parler
647 1720 726 1748 d’une
736 1723 891 1756 exposition
902 1724 916 1748 à
927 1721 949 1748 la
960 1720 1099 1748 Bodinière
1109 1720 1145 1748 de
1155 1730 1204 1748 son
1216 1723 1277 1748 mari
1289 1723 1410 1756 Georges
1421 1723 1552 1752 Bellenger,
1563 1723 1656 1748 artiste
1666 1723 1881 1748 excessivement
1892 1720 2020 1748 modeste
2030 1720 2100 1748 dont
2111 1720 2148 1748 les
2159 1720 2278 1748 esthètes

309 1776 342 1794 ne
357 1767 462 1802 parlent
475 1776 522 1802 pas
536 1776 540 1796 ;
554 1767 589 1794 de
604 1767 695 1794 l’envoi
710 1767 745 1794 de
759 1776 808 1794 son
823 1769 884 1794 mari
899 1776 931 1794 au
945 1769 1086 1794 Concours
1099 1767 1245 1802 d’esquisse
1258 1776 1262 1794 :
1277 1766 1383 1794 l'artiste
1396 1772 1439 1794 est
1452 1769 1580 1802 apprécié
1594 1776 1640 1802 par
1654 1766 1746 1798 Dalou,
1761 1766 1851 1797 Rodin,
1866 1769 1938 1794 Puvis
1951 1767 1987 1794 de
2000 1766 2163 1797 Chavannes,
2178 1769 2278 1794 Fantin-

310 1815 403 1840 Latour
415 1818 467 1840 etc.
481 1815 717 1840 Communication
731 1813 766 1840 du
780 1816 902 1840 scénario
915 1813 951 1844 de
958 1813 1067 1844 Juliette
1080 1813 1224 1840 Cordelin...
1239 1815 1315 1840 Envoi
1330 1813 1389 1840 d’un
1404 1822 1496 1840 roman
1508 1822 1522 1848 «
1535 1816 1577 1848 qui
1591 1818 1635 1840 est
1648 1813 1739 1848 plutôt
1753 1822 1805 1840 une
1819 1813 1918 1848 longue
1931 1813 2057 1840 nouvelle
2070 1823 2104 1840 »...
2118 1813 2169 1840 Elle
2182 1816 2279 1848 espère

310 1859 353 1886 lire
367 1859 500 1894 quelques
516 1859 597 1894 lignes
612 1861 775 1886 consacrées
789 1862 803 1886 à
817 1868 867 1886 son
883 1859 980 1886 recueil
995 1859 1114 1886 L'Amour
1126 1859 1255 1889 chemine,
1270 1864 1299 1886 et
1312 1861 1421 1894 évoque
1437 1859 1474 1886 les
1488 1859 1704 1886 considérations
1717 1859 1857 1886 formelles
1871 1862 1914 1894 qui
1931 1859 1993 1886 l’ont
2006 1859 2125 1894 guidée...
2140 1862 2229 1894 Espoir
2243 1859 2278 1886 de

308 1905 372 1932 faire
383 1910 512 1940 accepter
523 1914 557 1932 un
570 1914 661 1932 roman
672 1905 687 1932 «
699 1905 824 1932 littéraire
834 1914 849 1932 »
860 1908 924 1932 mais
936 1910 1091 1932 convenant
1102 1914 1134 1932 au
1145 1905 1289 1932 feuilleton
1301 1905 1336 1932 de
1347 1900 1469 1932 L’Éclair...
1480 1908 1560 1932 Texte
1571 1905 1650 1932 d’une
1661 1914 1787 1932 annonce
1798 1910 1965 1932 concernant
1978 1905 2001 1932 le
2011 1905 2125 1932 Théâtre
2138 1908 2278 1932 Lumineux

309 1951 404 1987 quelle
415 1960 505 1982 ouvre,
517 1960 581 1978 avec
593 1960 643 1978 son
656 1954 725 1982 mari,
737 1960 769 1978 au
781 1953 987 1978 Conservatoire
999 1951 1034 1978 de
1046 1954 1247 1978 Montmartre...
1261 1954 1420 1981 Invitations,
1432 1954 1526 1978 envois
1538 1951 1657 1982 d’échos,
1669 1953 1721 1978 etc.
1733 1953 1776 1978 On
1785 1960 1851 1981 joint
1860 1954 1876 1978 4
1888 1956 1976 1978 cartes
1988 1951 2023 1978 de
2035 1954 2118 1978 visite.

218 2058 258 2083 28.
309 2058 435 2083 Maurice
447 2057 602 2091 MAC-NAB
613 2056 779 2091 (1856-1889).
792 2058 876 2086 L.A.S.,
888 2058 994 2083 Cannes
1005 2058 1032 2083 16
1043 2056 1143 2087 février,
1155 2059 1169 2083 à
1181 2058 1302 2092 Georges
1315 2059 1491 2083 Montorgueil
1502 2066 1505 2087 ;
1517 2059 1533 2083 4
1546 2065 1627 2091 pages
1640 2058 1701 2083 in-8.
2153 2058 2278 2083 150/200

346 2119 359 2146 Il
372 2124 415 2146 est
426 2121 481 2146 très
492 2119 597 2146 touché
610 2128 655 2154 par
669 2119 706 2146 les
718 2119 851 2154 quelques
865 2119 946 2154 lignes
959 2128 1012 2154 que
1025 2119 1207 2154 Montorgueil
1222 2119 1253 2146 lui
1267 2128 1281 2146 a
1293 2122 1456 2146 consacrées
1469 2119 1535 2146 dans
1549 2119 1572 2146 le
1584 2122 1658 2150 Paris,
1670 2119 1790 2146 d’autant
1802 2119 1860 2154 plus
1873 2119 1932 2154 qu’il
1945 2128 1975 2146 se
1987 2122 2088 2154 croyait
2099 2122 2112 2146 «
2124 2122 2139 2146 à
2152 2128 2204 2154 peu
2218 2122 2278 2154 près

308 2165 401 2192 oublié
411 2175 445 2192 »...
457 2168 495 2192 De
508 2170 598 2192 retour
608 2165 741 2200 d’Algérie,
754 2165 767 2192 il
780 2165 841 2192 livre
852 2174 894 2192 ses
907 2168 1079 2200 impressions
1090 2165 1125 2192 de
1136 2167 1242 2192 Cannes
1253 2174 1257 2192 :
1269 2165 1354 2192 belles
1365 2174 1437 2196 vues,
1449 2165 1534 2192 belles
1544 2165 1676 2196 toilettes,
1687 2165 1794 2192 théâtre
1805 2165 1965 2192 somnolent
1975 2170 2004 2192 et
2015 2165 2090 2192 cafés
2100 2175 2114 2187 «
2126 2165 2221 2192 hantés
2233 2174 2279 2200 par

309 2211 358 2238 des
370 2211 575 2238 mandolinistes
587 2216 616 2238 et
627 2214 695 2238 aussi
709 2220 754 2247 par
767 2211 804 2238 les
816 2211 992 2238 demoiselles
1004 2211 1039 2238 de
1052 2211 1160 2238 l’Armée
1171 2211 1207 2238 du
1219 2211 1292 2238 Salut
1304 2214 1346 2246 qui
1359 2214 1488 2238 viennent
1498 2220 1514 2246 y
1525 2211 1637 2238 chanter
1648 2211 1698 2238 des
1709 2214 1851 2246 cantiques
1862 2220 1927 2238 avec
1939 2220 1991 2238 une
2002 2214 2104 2246 guitare
2115 2213 2149 2238 »...
2161 2213 2205 2238 On
2214 2220 2280 2241 joint

309 2266 361 2284 une
374 2259 451 2284 L.A.S.
463 2257 498 2284 de
510 2266 538 2284 sa
549 2257 652 2284 femme
663 2262 692 2284 et
704 2266 737 2284 un
749 2257 888 2292 faire-part
900 2257 935 2284 du
947 2257 1031 2284 décès
1043 2257 1214 2284 d’Alexandre
1227 2257 1369 2284 Mac-Nab.

221 2364 258 2389 29.
309 2362 422 2389 Gabriel
435 2363 609 2397 MONTOYA
620 2362 780 2397 (1868-1914).
794 2365 934 2389 Manuscrit
945 2362 1113 2398 autographe
1125 2365 1205 2398 signé,
1218 2365 1249 2389 Le
1261 2362 1412 2398 Pèlerinage
1423 2362 1547 2389 national
1558 2362 1593 2389 de
1606 2365 1668 2389 1897
1677 2365 1694 2389 à
1705 2362 1826 2393 Lourdes,
1840 2362 1874 2397 [21
1888 2365 1955 2389 août
1966 2363 2039 2397 1897]
2052 2372 2056 2392 ;
2068 2365 2083 2389 7
2095 2365 2172 2389 L.A.S.
2185 2367 2214 2389 et
2226 2371 2278 2389 une

308 2413 383 2436 carte
395 2408 430 2435 de
441 2411 524 2439 visite,
536 2411 669 2435 1897-1914
681 2413 710 2435 et
721 2408 765 2435 s.d.
778 2418 781 2439 ;
793 2411 820 2435 14
832 2417 914 2444 pages
925 2408 1038 2436 formats
1050 2408 1143 2438 divers,
1156 2418 1208 2435 une
1219 2408 1335 2436 adresse.
2147 2410 2278 2436 200/250

344 2471 443 2498 Article
453 2474 584 2498 consacré
594 2474 609 2498 à
620 2471 742 2502 Lourdes,
752 2480 795 2498 ses
806 2471 928 2506 pèlerins,
940 2471 1126 2502 brancardiers,
1137 2471 1302 2501 marchands,
1314 2471 1490 2507 pickpockets
1500 2476 1529 2498 et
1539 2471 1685 2501 miraculés,
1696 2476 1725 2498 et
1736 2471 1815 2498 lettre
1825 2471 1928 2498 d’envoi
1939 2474 1953 2498 à
1964 2473 2085 2506 Georges
2096 2474 2278 2502 Montorgueil,

310 2517 452 2544 rédacteur
463 2526 496 2544 en
509 2517 575 2544 chef
585 2517 620 2544 de
632 2512 754 2544 L’Éclair...
768 2520 844 2544 Envoi
858 2527 889 2544 au
903 2520 993 2544 même
1005 2517 1065 2544 d'un
1078 2522 1140 2544 acte
1152 2526 1185 2544 en
1199 2520 1285 2553 prose,
1297 2520 1331 2544 La
1342 2517 1472 2548 Dentelle,
1484 2527 1498 2540 «
1510 2520 1580 2552 sujet
1590 2520 1645 2544 très
1658 2517 1828 2544 convenable
1839 2527 1859 2553 »,
1873 2520 1930 2553 puis
1942 2517 1977 2544 du
1991 2520 2093 2552 poème
2106 2517 2231 2544 liminaire
2243 2517 2278 2544 de

308 2572 358 2590 son
370 2563 467 2590 recueil
477 2566 518 2590 Au
528 2563 610 2591 Palais
620 2563 655 2590 de
666 2563 691 2590 la
701 2566 759 2590 Paix
769 2563 909 2599 (tapuscrit
919 2572 983 2590 avec
994 2563 1127 2590 dédicace
1136 2563 1234 2598 joint)...
1246 2563 1506 2590 Recommandation
1518 2563 1553 2590 de
1565 2566 1658 2590 Lucien
1671 2566 1771 2599 Boyer...
1782 2563 1924 2599 Quelques
1935 2563 2050 2599 plaintes
2061 2566 2074 2590 à
2087 2563 2109 2590 la
2120 2566 2189 2590 suite
2200 2563 2278 2590 d’une

308 2619 322 2632 «
333 2612 433 2636 corvée
444 2609 654 2645 chatnoiresque
665 2620 698 2637 »...
712 2612 861 2645 Hommage
873 2611 887 2637 à
898 2611 1022 2639 Coquelin
1034 2612 1111 2645 après
1123 2618 1172 2637 son
1184 2609 1322 2645 triomphe
1333 2609 1400 2637 dans
1412 2612 1537 2645 Cyrano...
1549 2612 1592 2636 On
1601 2619 1667 2639 joint
1678 2619 1730 2637 une
1743 2612 1881 2636 invitation
1893 2612 1907 2636 à
1920 2609 1942 2636 la
1953 2609 2078 2645 générale
2090 2609 2139 2636 des
2150 2609 2278 2637 Pêcheurs

308 2655 342 2683 de
354 2655 421 2683 lune.

218 2763 258 2788 30.
308 2762 407 2788 Xavier
419 2761 529 2795 PRIVAS
541 2761 704 2796 (1865-1927).
715 2763 733 2787 11
748 2763 832 2792 L.A.S.,
843 2763 850 2788 1
865 2763 910 2788 L.S.
922 2770 987 2788 avec
999 2763 1206 2796 post-scriptum
1219 2770 1268 2791 a.s.,
1280 2766 1308 2788 et
1320 2763 1335 2788 6
1349 2763 1483 2796 imprimés
1494 2770 1559 2788 avec
1570 2770 1651 2788 envois
1662 2770 1711 2791 a.s.,
1722 2763 1867 2788 1894-1923.
2153 2762 2278 2788 150/200

345 2826 446 2850 Lettres
460 2826 474 2850 à
488 2825 610 2859 Georges
625 2826 807 2854 Montorgueil,
821 2832 853 2851 au
867 2823 975 2851 théâtre
989 2823 1024 2851 du
1039 2823 1127 2850 Grand
1143 2823 1257 2859 Guignol
1273 2833 1309 2850 ou
1324 2826 1338 2850 à
1352 2823 1455 2851 L’Eclair
1468 2833 1472 2850 :
1487 2826 1707 2850 remerciements
1722 2833 1790 2859 pour
1804 2823 1853 2850 des
1868 2823 1974 2854 articles
1989 2833 1993 2858 ;
2008 2826 2092 2858 prière
2107 2823 2142 2850 de
2158 2823 2278 2851 l’inscrire

309 2879 377 2905 pour
388 2879 402 2896 «
415 2878 448 2896 un
462 2869 576 2905 couplet
589 2869 694 2896 intitulé
708 2869 793 2896 Vache
806 2875 835 2896 et
846 2872 962 2897 Censure
974 2880 988 2892 »
1000 2879 1003 2900 ;
1017 2874 1116 2905 regrets
1129 2869 1164 2896 de
1177 2879 1211 2896 ne
1224 2872 1338 2905 pouvoir
1350 2872 1457 2897 assister
1469 2872 1483 2896 à
1498 2869 1695 2905 l’inauguration
1709 2869 1744 2896 du
1758 2875 1920 2896 monument
1932 2869 1967 2896 de
1977 2869 2047 2901 Jules
2056 2872 2123 2904 Jouy
2136 2872 2139 2900 ;
2152 2872 2277 2896 émotion

308 2925 340 2943 au
354 2915 445 2951 rappel
457 2915 507 2943 des
518 2925 532 2938 «
544 2915 640 2943 heures
652 2915 776 2943 difficiles
788 2926 802 2938 »
813 2915 848 2943 de
860 2925 903 2943 ses
915 2915 1015 2943 débuts
1028 2925 1031 2946 ;
1044 2921 1096 2943 etc.
1109 2918 1210 2943 Revues
1223 2915 1365 2943 musicales
1377 2921 1406 2943 et
1419 2918 1560 2951 partitions
1572 2921 1666 2943 toutes
1679 2915 1843 2943 dédicacées
1857 2915 1880 2943 le
1892 2918 1918 2942 17
1928 2915 2025 2943 février
2036 2918 2093 2943 1918
2105 2918 2119 2943 à
2132 2918 2206 2943 Mme
2214 2918 2278 2947 Jane

309 2964 408 2989 Bathori
421 2964 496 2989 Engel
506 2966 535 2989 et
546 2964 560 2989 à
573 2964 607 2989 M.
620 2961 703 2997 Engel.

137 3079 152 3103 6
