2480 3188
220 485 258 515 75.
306 483 381 515 Jules
397 483 571 517 MASSENET
586 483 742 517 (1842-1912).
759 485 900 510 Manuscrit
915 492 1013 510 musical
1027 482 1202 518 autographe,
1218 485 1250 509 Le
1265 485 1369 509 Détour
1383 483 1420 509 du
1434 482 1541 509 chemin
1557 492 1561 512 ;
1577 485 1590 510 3
1607 492 1688 518 pages
1706 482 1790 510 in-fol.
1806 482 1917 517 (taches,
1933 482 2023 510 fentes
2039 492 2088 510 aux
2105 482 2160 518 plis,
2177 485 2278 518 petites

308 530 411 561 déchir.,
425 530 605 566 réparations).
2146 532 2278 557 500/600

345 597 451 630 Mélodie
467 604 535 630 pour
551 595 634 622 chant
649 600 679 622 et
696 597 783 630 piano,
800 604 842 622 sur
859 604 911 622 une
929 597 1024 630 poésie
1041 594 1159 622 d’Arthur
1176 595 1283 626 Bernède,
1300 595 1451 622 dédicacée
1467 597 1481 622 à
1499 597 1573 622 Mme
1590 595 1647 622 Paul
1664 595 1699 622 de
1717 597 1821 622 Lacroix.
1836 605 1851 617 «
1868 597 1899 622 Le
1915 594 2015 622 détour
2031 595 2066 622 du
2083 595 2197 625 chemin,
2214 595 2279 622 c’est

310 643 442 670 l'inconnu
454 645 488 670 »...
499 645 579 670 Assez
591 642 653 672 lent,
665 652 698 670 en
710 642 748 670 do
760 645 774 670 à
786 644 847 672 9/8,
859 642 911 670 elle
923 648 1037 678 compte
1048 645 1077 670 33
1089 652 1215 670 mesures.

344 693 387 720 On
397 699 463 720 joint
474 693 524 718 son
536 693 577 717 Pie
583 693 645 722 Jesu
657 691 738 725 (Paris,
751 690 851 726 Heugel
865 692 885 717 &
897 692 950 721 Lie,
962 691 1032 725 1893)
1045 700 1113 726 pour
1125 690 1213 721 chant,
1226 699 1309 726 orgue
1321 696 1350 717 et
1362 690 1533 721 violoncelle,
1546 699 1610 718 avec
1623 700 1690 717 envoi
1703 696 1802 726 autogr.
1815 693 1889 726 signé
1901 700 1933 717 au
1946 690 2111 718 dédicataire
2124 693 2153 717 N.
2165 693 2262 717 Auguez
2274 700 2278 717 :

307 748 322 761 «
333 741 347 765 à
359 747 432 769 vous,
445 747 509 765 mon
521 738 585 765 cher
596 740 704 774 Auguez
716 753 735 756 -
747 738 811 773 (voir
823 747 891 774 page
904 738 918 773 I)
926 738 965 769 J’ai
977 743 1043 765 tenu
1056 747 1098 765 ma
1110 747 1251 773 promesse
1262 747 1296 765 en
1308 741 1427 765 écrivant
1438 747 1470 765 ce
1482 747 1608 765 morceau
1621 753 1640 756 -
1651 743 1728 765 votre
1740 738 1937 765 cordialement
1949 738 2119 765 affectionné
2132 741 2277 765 Massenet.

307 788 371 813 1894
384 788 447 813 Paris
458 796 479 813 ».

202 904 216 931 f
222 907 259 937 76.
306 905 381 937 Jules
393 907 572 932 MASSENET.
584 907 599 931 2
611 907 688 932 L.A.S.
700 910 729 932 et
741 914 793 932 une
805 910 879 932 carte
892 905 1000 940 postale
1011 910 1118 940 autogr.,
1129 907 1272 932 1885-1904
1284 914 1288 936 ;
1299 907 1315 931 4
1328 914 1409 940 pages
1422 907 1477 932 in-8
1489 914 1525 932 ou
1538 907 1610 932 in-12.
2158 907 2278 932 100/150

342 971 356 1004 3
365 972 470 1004 janvier
483 971 550 1000 1885,
564 972 578 996 à
592 978 644 996 une
657 969 737 996 dame
751 978 755 996 :
767 979 781 991 «
791 972 819 1000 Je
832 978 899 996 vous
911 972 966 1004 jure
979 978 1032 1005 que
1046 978 1115 996 nous
1129 978 1162 996 ne
1176 978 1317 996 mourrons
1331 972 1353 996 ni
1369 969 1417 996 l'un
1432 972 1454 996 ni
1470 969 1558 996 l’autre
1571 978 1632 996 sans
1645 978 1698 1005 que
1711 978 1743 996 ce
1757 978 1883 996 morceau
1897 972 1934 996 ait
1946 972 1993 996 été
2006 972 2078 1000 écrit,
2092 972 2215 1000 exécuté,
2229 974 2278 996 et...

309 1017 434 1052 applaudi
450 1017 510 1044 bien
524 1019 602 1052 grâce
615 1020 630 1044 à
643 1022 720 1044 votre
733 1017 877 1052 splendide
889 1017 977 1044 talent
989 1019 1023 1044 »...
1039 1019 1065 1044 19
1077 1017 1192 1044 octobre
1206 1019 1263 1044 1901
1276 1026 1280 1044 :
1293 1027 1307 1039 «
1319 1020 1446 1052 Toujours
1460 1020 1478 1044 si
1494 1017 1610 1044 heureux
1624 1017 1708 1044 d’être
1722 1020 1833 1052 présent
1846 1020 1860 1044 à
1873 1022 1950 1044 votre
1963 1020 2088 1044 souvenir
2101 1019 2121 1044 &
2133 1020 2148 1044 à
2161 1017 2228 1044 celui
2243 1017 2278 1044 de

308 1070 385 1092 votre
396 1064 497 1092 famille
508 1075 542 1092 »...
552 1065 588 1092 29
598 1064 741 1092 décembre
754 1067 825 1095 1904,
837 1064 969 1092 dédicace
981 1074 1024 1092 sur
1034 1070 1109 1092 carte
1121 1065 1229 1100 postale
1241 1074 1305 1092 avec
1317 1074 1367 1092 son
1380 1068 1498 1100 portrait.

222 1186 258 1216 77.
306 1183 381 1216 Jules
393 1186 572 1210 MASSENET.
584 1186 631 1214 Eve,
643 1186 762 1219 Mystère
773 1193 806 1210 en
816 1186 830 1210 3
840 1186 942 1219 parties
954 1184 1001 1218 (Au
1014 1183 1168 1214 Ménestrel,
1181 1183 1281 1219 Heugel
1294 1186 1315 1211 &
1325 1186 1378 1214 Lie,
1391 1184 1484 1218 [1882])
1496 1193 1499 1214 ;
1512 1186 1582 1219 petit
1594 1183 1685 1214 in-fol.,
1697 1193 1772 1211 couv.
1783 1186 1954 1214 conservées,
1967 1183 2009 1210 rel.
2021 1183 2210 1211 demi-basane
2222 1186 2279 1210 noir

309 1231 366 1267 (qqs
379 1232 476 1266 rouss.).
2145 1233 2278 1258 200/300

345 1291 439 1323 Édition
450 1296 571 1323 originale
581 1296 616 1323 de
630 1296 652 1323 la
664 1298 791 1331 partition
805 1305 873 1331 pour
884 1295 966 1323 chant
977 1301 1006 1323 et
1018 1298 1106 1331 piano,
1118 1296 1153 1323 de
1165 1305 1197 1323 ce
1209 1298 1326 1331 mystère
1337 1298 1400 1323 créé
1413 1296 1436 1323 le
1447 1298 1475 1323 18
1487 1305 1555 1323 mars
1566 1298 1627 1323 1875
1639 1305 1703 1323 sous
1716 1296 1738 1323 la
1749 1296 1882 1323 direction
1894 1296 1930 1323 de
1941 1296 2050 1323 Charles
2063 1298 2231 1323 Lamoureux.

344 1346 390 1371 Sur
404 1343 426 1371 la
440 1349 608 1375 couverture,
622 1353 689 1371 envoi
703 1343 871 1379 autographe
885 1346 959 1379 signé
972 1343 1008 1371 de
1022 1346 1162 1371 Massenet
1175 1346 1189 1371 à
1204 1343 1282 1371 Mlles
1297 1346 1453 1379 Despagnet
1466 1353 1530 1371 avec
1544 1353 1646 1371 citation
1660 1344 1770 1378 musicale
1783 1344 1806 1378 (3
1820 1344 1949 1378 mesures)
1962 1343 1997 1371 de
2013 1343 2061 1371 l’air
2074 1353 2077 1370 :
2090 1353 2105 1366 «
2118 1353 2150 1371 au
2165 1346 2279 1379 premier

308 1394 409 1419 sourire
420 1391 496 1419 d’Eve
507 1401 541 1419 »...

219 1512 258 1537 78.
309 1512 392 1537 Henri
405 1510 542 1545 MATISSE
553 1510 718 1545 (1869-1954).
731 1512 815 1541 LA.5.,
827 1510 914 1545 [Nice]
926 1512 958 1537 27
968 1513 1020 1545 juin
1031 1512 1095 1541 1941,
1107 1513 1121 1537 à
1133 1513 1220 1545 Henry
1231 1510 1266 1537 de
1279 1513 1461 1541 Montherlant
1472 1519 1475 1541 ;
1487 1513 1494 1537 1
1508 1519 1576 1545 page
1588 1510 1641 1537 obi.
1654 1512 1715 1541 in-8,
1728 1510 1836 1537 adresse
1848 1519 1880 1537 au
1892 1510 1944 1537 dos
1955 1510 2038 1545 (carte
2050 1510 2174 1545 postale).

2146 1560 2278 1585 500/600

343 1632 357 1645 «
371 1622 440 1650 Cher
454 1625 512 1653 ami,
527 1631 588 1649 sans
603 1622 743 1649 nouvelles
757 1622 793 1649 de
807 1631 881 1653 vous,
894 1622 979 1657 j’étais
994 1631 1027 1649 un
1043 1631 1095 1658 peu
1112 1625 1213 1658 inquiet
1228 1623 1267 1657 [...]
1283 1622 1383 1658 Malgré
1399 1622 1423 1649 le
1436 1622 1505 1649 froid
1521 1631 1574 1658 que
1588 1631 1655 1649 vous
1670 1631 1732 1649 avez
1747 1622 1782 1649 dû
1797 1622 1871 1652 subir,
1886 1631 1919 1649 en
1934 1631 2041 1649 somme
2055 1631 2122 1649 vous
2137 1631 2204 1649 vous
2218 1625 2278 1649 êtes

310 1670 370 1697 bien
384 1673 465 1705 porté
477 1670 573 1705 depuis
586 1675 663 1697 votre
677 1675 770 1697 retour.
783 1665 803 1697 À
817 1673 885 1705 Lyon
898 1670 965 1697 dans
979 1670 1070 1697 l’hôtel
1084 1679 1144 1697 sans
1156 1670 1202 1697 feu
1214 1670 1298 1705 j'étais
1312 1673 1398 1697 mieux
1412 1670 1470 1705 qu’à
1485 1670 1507 1697 la
1519 1670 1635 1705 clinique
1647 1679 1712 1697 avec
1724 1672 1765 1697 22°
1777 1675 1920 1697 constants
1932 1680 1966 1697 »...
1980 1673 2091 1697 Matisse
2103 1679 2117 1697 a
2130 1673 2237 1705 arrangé
2250 1679 2278 1697 sa

308 1718 524 1745 convalescence
536 1718 572 1745 de
583 1718 665 1752 façon
678 1721 692 1745 à
705 1727 737 1745 ce
749 1718 844 1753 qu’elle
856 1721 910 1745 soit
922 1721 989 1745 aussi
1004 1718 1092 1753 légère
1105 1727 1158 1753 que
1171 1718 1291 1753 possible
1304 1727 1307 1745 :
1319 1728 1333 1740 «
1342 1721 1370 1749 Je
1383 1727 1426 1745 me
1440 1718 1498 1745 lève
1510 1721 1524 1745 à
1537 1718 1598 1745 midi
1612 1723 1641 1745 et
1651 1721 1677 1753 je
1688 1718 1737 1745 fais
1750 1727 1802 1745 une
1815 1721 1914 1745 séance
1926 1718 1961 1745 de
1974 1720 1987 1745 3
2000 1718 2095 1745 heures
2109 1718 2277 1753 l'après-midi

309 1768 362 1793 moi
377 1768 452 1793 aussi.
463 1768 491 1797 Je
504 1775 548 1793 me
561 1768 613 1793 suis
627 1766 688 1793 bien
700 1768 798 1793 trouvé
810 1766 846 1793 de
860 1775 923 1793 mon
937 1769 1055 1801 épreuve
1068 1766 1103 1793 de
1117 1768 1185 1801 Lyon
1200 1781 1218 1783 -
1230 1768 1256 1801 je
1269 1768 1321 1793 suis
1335 1766 1393 1801 plus
1408 1765 1526 1793 homme.
1539 1766 1702 1801 Cependant
1716 1765 1729 1793 il
1742 1775 1758 1801 y
1771 1775 1785 1793 a
1797 1768 1826 1793 10
1838 1768 1910 1801 jours
1922 1765 1958 1801 j’ai
1973 1768 2019 1793 été
2032 1766 2153 1793 violenté
2168 1775 2213 1801 par
2226 1775 2278 1793 une

308 1813 424 1841 douleur
434 1816 547 1841 énorme
558 1816 600 1849 qui
612 1813 700 1841 faisait
710 1816 795 1841 croire
805 1816 819 1841 à
831 1823 883 1841 une
894 1819 1006 1849 attaque
1017 1823 1049 1841 au
1060 1813 1124 1841 foie.
1135 1813 1232 1841 C'était
1242 1823 1274 1841 au
1287 1823 1409 1849 poumon
1421 1823 1455 1841 en
1467 1813 1566 1841 réalité.
1578 1814 1617 1848 [...]
1625 1816 1654 1845 Je
1664 1816 1717 1841 suis
1729 1816 1812 1845 remis,
1824 1816 1888 1841 mais
1901 1813 1914 1841 il
1924 1823 1940 1849 y
1951 1816 2019 1841 avait
2029 1813 2064 1841 de
2075 1816 2139 1849 quoi
2150 1813 2214 1841 faire
2226 1823 2278 1841 une

309 1861 380 1888 belle
392 1861 513 1892 maladie,
525 1864 540 1888 à
553 1861 668 1897 laquelle
678 1864 703 1896 je
716 1870 759 1889 me
771 1864 823 1888 suis
835 1864 945 1897 opposé
957 1862 1004 1896 [...].
1016 1861 1086 1889 C’est
1096 1861 1139 1888 fini
1152 1867 1181 1888 et
1191 1864 1216 1896 je
1227 1861 1344 1888 travaille
1355 1861 1452 1897 depuis
1463 1863 1478 1888 2
1488 1864 1560 1896 jours
1572 1872 1606 1888 »...

220 1982 258 2007 79.
309 1981 392 2007 Henri
404 1982 547 2007 MATISSE.
561 1982 644 2011 L.A.S.,
658 1980 744 2015 [Nice]
755 1982 781 2007 15
793 1980 910 2007 octobre
920 1982 990 2011 1942,
1002 1983 1016 2007 à
1029 1983 1115 2015 Henry
1126 1980 1162 2007 de
1174 1983 1357 2011 Montherlant
1367 1989 1371 2011 ;
1382 1982 1389 2007 1
1404 1989 1471 2016 page
1483 1980 1536 2007 obi.
1550 1982 1611 2010 in-8,
1623 1980 1732 2007 adresse
1743 1989 1775 2007 au
1788 1980 1839 2007 dos
1851 1980 1933 2015 (carte
1946 1980 2069 2016 postale).
2143 1982 2278 2007 400/500

343 2054 357 2067 «
366 2047 395 2076 Je
408 2044 573 2080 comprends
586 2054 618 2072 ce
631 2054 684 2080 que
697 2054 764 2072 vous
778 2044 916 2072 m’écrivez
929 2054 961 2072 au
975 2047 1045 2080 sujet
1057 2044 1106 2072 des
1120 2044 1238 2072 éditions
1252 2044 1322 2072 dont
1334 2054 1401 2072 vous
1415 2047 1475 2072 êtes
1488 2047 1590 2080 séparé.
1601 2047 1629 2076 Je
1642 2044 1766 2072 voudrais
1779 2044 1936 2080 cependant
1950 2044 2005 2072 leur
2017 2047 2106 2072 écrire.
2120 2047 2235 2072 Comme
2250 2044 2278 2072 ils

309 2092 390 2119 m’ont
402 2095 508 2128 envoyé
520 2095 536 2119 4
549 2092 616 2128 expi.
629 2102 690 2119 sans
703 2102 736 2119 un
751 2097 816 2123 mot,
828 2095 853 2127 je
867 2102 900 2119 ne
912 2095 1024 2119 connais
1037 2102 1084 2128 pas
1098 2092 1153 2119 leur
1165 2092 1280 2123 adresse,
1293 2101 1374 2128 soyez
1387 2092 1460 2119 donc
1473 2101 1548 2119 assez
1560 2092 1641 2128 gentil
1656 2102 1724 2128 pour
1737 2101 1780 2119 me
1794 2092 1816 2119 la
1828 2092 1892 2119 faire
1906 2095 2028 2128 parvenir.
2041 2095 2127 2127 Soyez
2139 2102 2172 2119 en
2186 2092 2278 2119 bonne

308 2143 393 2170 santé,
406 2143 623 2175 ménagez-vous.
636 2143 691 2167 Moi
703 2143 728 2175 je
740 2143 792 2167 suis
803 2143 858 2167 très
871 2145 1000 2176 patraque
1011 2149 1015 2167 :
1029 2140 1050 2167 la
1062 2140 1181 2167 vésicule
1193 2140 1290 2167 biliaire
1302 2140 1362 2167 s’est
1374 2143 1440 2167 mise
1451 2140 1487 2167 de
1500 2140 1521 2167 la
1534 2143 1626 2175 partie.
1639 2140 1739 2176 Malgré
1750 2145 1814 2167 tout
1826 2140 1849 2167 le
1861 2145 1954 2167 centre
1965 2145 2008 2167 est
2020 2140 2074 2167 bon
2087 2145 2116 2167 et
2125 2143 2151 2175 je
2161 2140 2278 2167 travaille

309 2188 369 2215 bien
382 2203 401 2205 -
414 2188 630 2215 heureusement.
643 2188 741 2219 Quand
754 2191 862 2223 aurai-je
875 2188 899 2215 le
910 2188 990 2223 grand
1004 2188 1090 2223 plaisir
1101 2188 1136 2215 de
1148 2197 1215 2215 vous
1226 2191 1282 2215 voir
1294 2197 1340 2223 par
1352 2191 1381 2215 ici
1393 2198 1427 2215 »...

215 2307 258 2341 80.
309 2307 441 2341 [Théâtre
451 2307 689 2341 MONTANSIER],
700 2307 764 2334 Paul
773 2301 959 2334 d’ORLÉANS.
970 2309 1111 2334 Manuscrit
1120 2307 1288 2342 autographe
1298 2309 1378 2342 signé,
1388 2309 1465 2333 Entre
1473 2316 1539 2334 cour
1547 2312 1577 2334 et
1580 2307 1676 2342 jardin,
1687 2307 1754 2341 [vers
1763 2307 1835 2342 1945]
1846 2316 1850 2337 ;
1860 2306 1949 2334 cahier
1959 2309 2029 2342 petit
2039 2309 2093 2333 in-4
2103 2306 2138 2334 de
2147 2309 2180 2333 77
2190 2316 2278 2342 pages,

308 2363 383 2382 couv.
395 2357 552 2382 cartonnée.
2159 2356 2278 2382 100/150

346 2421 493 2446 Intéressant
507 2428 639 2446 manuscrit
654 2428 680 2446 de
694 2428 818 2446 souvenirs
832 2428 874 2446 sur
889 2428 911 2446 le
924 2421 1027 2446 Théâtre
1042 2421 1199 2446 Montansier
1213 2428 1240 2446 de
1254 2419 1380 2446 Versailles
1395 2419 1492 2454 depuis
1507 2428 1557 2446 son
1575 2422 1756 2454 inauguration
1774 2428 1819 2454 par
1835 2419 1859 2446 le
1875 2419 2011 2446 Président
2026 2419 2119 2446 Albert
2135 2419 2233 2446 Lebrun
2250 2424 2279 2446 et

309 2466 431 2502 pendant
448 2466 635 2502 l’Occupation
652 2467 812 2496 allemande,
828 2476 892 2494 avec
908 2467 1110 2494 d'intéressants
1126 2469 1264 2494 souvenirs
1279 2476 1322 2494 sur
1339 2466 1376 2494 les
1391 2472 1498 2494 acteurs
1514 2469 1556 2502 qui
1572 2467 1588 2502 y
1603 2466 1747 2494 défilèrent
1762 2476 1766 2494 :
1783 2467 1886 2502 Edwige
1903 2469 2012 2494 Feuillère
2027 2472 2056 2494 et
2072 2467 2277 2494 Pierre-Richard

308 2514 392 2549 Willm
402 2514 444 2549 (La
455 2517 541 2542 Dame
551 2524 603 2542 aux
613 2514 747 2545 camélias,
758 2517 787 2542 10
799 2517 848 2542 mai
860 2515 941 2549 1940),
953 2514 1044 2542 Cécile
1055 2517 1133 2545 Sorel,
1146 2517 1227 2542 Pierre
1239 2517 1359 2544 Frondaie,
1371 2514 1545 2542 Rosemonde
1557 2517 1652 2542 Gérard
1662 2520 1691 2542 et
1703 2517 1820 2542 Maurice
1832 2517 1949 2546 Rostand,
1961 2514 2039 2542 Elvire
2051 2517 2162 2546 Popesco,
2173 2520 2225 2542 etc.
2236 2524 2279 2542 sur

308 2564 358 2591 des
370 2567 600 2599 représentations
612 2567 748 2591 curieuses
760 2573 796 2591 ou
808 2567 928 2591 animées
940 2566 944 2591 :
957 2566 1112 2599 Véronique,
1122 2564 1236 2595 Athalie,
1248 2569 1299 2591 etc.

225 2685 258 2710 81.
309 2683 438 2710 Rafaello
451 2683 623 2718 MORGHEN
637 2683 788 2718 (1758-1833)
801 2692 911 2718 graveur.
926 2685 1010 2714 L.A.S.,
1023 2685 1056 2710 24
1069 2683 1216 2710 novembre
1228 2685 1289 2714 1819,
1303 2686 1317 2710 à
1331 2686 1395 2718 Luigi
1411 2686 1478 2714 Bardi
1491 2692 1495 2714 ;
1508 2686 1515 2710 1
1531 2692 1599 2718 page
1613 2686 1673 2714 in-4,
1687 2683 1795 2710 adresse
1808 2683 1905 2718 (petite
1918 2683 2014 2710 déchir.
2027 2686 2042 2710 à
2055 2692 2088 2710 un
2102 2686 2163 2710 coin
2178 2683 2230 2710 lors
2243 2683 2278 2710 de

310 2731 466 2759 l’ouverture
478 2731 513 2758 de
526 2731 548 2758 la
562 2731 650 2766 lettre)
661 2741 665 2762 ;
677 2741 710 2758 en
724 2731 820 2758 italien.
2159 2733 2278 2758 100/150

346 2796 359 2823 Il
371 2805 385 2823 a
398 2796 492 2823 besoin
505 2796 540 2823 de
552 2796 684 2832 quelques
696 2801 785 2823 autres
797 2801 936 2832 estampes
948 2796 983 2823 de
996 2796 1019 2823 la
1030 2798 1105 2823 Cène
1116 2801 1145 2823 et
1156 2805 1265 2823 enverra
1276 2796 1406 2823 chercher
1417 2796 1524 2823 demain
1536 2796 1571 2823 du
1585 2799 1677 2832 papier
1689 2805 1757 2832 pour
1769 2796 1807 2823 les
1820 2799 1953 2832 imprimer
1965 2796 2134 2832 rapidement
2147 2796 2239 2823 lundi...

2322 3079 2349 3103 17
