2480 3188
220 479 258 504 58.
309 476 422 504 Gabriel
433 470 534 511 FAURÉ
544 477 707 511 (1845-1924).
718 479 830 508 Requiem,
841 486 885 512 op.
895 479 936 504 48.
949 476 1099 504 Réduction
1111 486 1179 512 pour
1190 479 1270 512 piano
1281 481 1310 504 et
1320 476 1402 504 chant
1413 486 1458 512 par
1469 479 1553 512 Roger
1564 479 1682 504 Ducasse
1693 477 1716 511 (J.
1728 476 1856 507 Mamelle,
1866 479 1934 504 1900
1944 486 1948 507 ;
1959 481 2058 512 cotage
2065 477 2183 511 J.4531H.)
2194 486 2197 507 ;
2209 479 2279 512 petit

310 521 401 551 in-fol.,
413 521 553 549 débroché
565 521 599 556 (le
611 521 662 549 dos
675 531 798 557 manque,
810 531 859 557 qqs
871 521 996 557 défauts).
2143 523 2278 549 400/500

345 586 416 610 Envoi
429 583 597 618 autographe
608 586 682 619 signé
694 592 736 610 sur
749 583 770 610 la
783 592 851 618 page
862 583 898 610 de
908 586 971 610 titre
983 592 986 610 :
997 593 1011 606 «
1023 586 1037 610 à
1050 586 1154 618 Eugène
1165 583 1308 610 d'Eichthal
1321 585 1342 610 /
1354 592 1403 610 son
1414 588 1478 610 tout
1489 583 1599 610 dévoué
1610 585 1631 610 /
1643 583 1748 610 Gabriel
1762 586 1839 610 Fauré
1850 585 1871 610 /
1882 585 1908 610 12
1918 583 2004 618 juillet
2014 585 2082 610 1900
2093 593 2113 610 ».

344 628 418 655 Carte
429 628 464 655 de
476 631 553 655 visite
564 633 663 663 autogr.
676 631 767 663 signée
779 637 811 655 au
823 637 920 663 crayon
932 628 993 663 (elle
1004 631 1072 655 était
1083 628 1209 663 épinglée
1220 637 1263 655 sur
1275 628 1298 655 le
1309 628 1415 655 feuillet
1426 628 1461 655 de
1472 628 1562 663 garde)
1574 637 1578 655 :
1589 638 1603 650 «
1615 628 1684 655 Enfin
1698 628 1819 655 Mamelle
1831 628 1892 655 s’est
1903 631 2019 655 exécuté
2031 633 2060 655 et
2069 631 2095 663 je
2108 628 2278 663 m’empresse

308 673 343 700 de
356 682 423 700 vous
436 682 470 700 en
484 673 559 700 offrir
573 673 594 700 la
609 682 714 708 preuve.
724 673 763 704 J’ai
777 676 879 708 corrigé
892 673 962 700 deux
975 682 1011 700 ou
1024 676 1090 700 trois
1102 673 1198 704 fautes,
1213 676 1277 700 mais
1290 682 1357 700 vous
1370 682 1404 700 en
1417 678 1558 700 trouverez
1571 682 1623 700 une
1635 673 1712 700 foule
1725 673 1838 700 d’autres
1851 682 1952 700 encore
1966 673 2232 700 malheureusement
2244 683 2278 700 »...

309 720 352 745 On
365 718 453 745 relève
465 727 498 745 en
510 718 581 745 effet
592 718 724 753 quelques
737 721 838 753 petites
849 721 1017 745 corrections
1029 727 1061 745 au
1073 727 1170 753 crayon
1182 718 1248 745 dans
1262 718 1283 745 la
1296 721 1431 753 partition.

344 765 387 790 On
396 763 462 793 joint
474 763 497 790 le
510 772 679 798 programme
690 763 769 790 d’une
780 763 902 790 audition
914 763 1051 790 d’oeuvres
1063 763 1098 790 de
1111 766 1194 793 Fauré,
1206 763 1276 790 dont
1289 763 1312 790 le
1323 766 1456 798 Requiem,
1470 763 1493 790 le
1504 766 1520 790 4
1532 763 1591 790 avril
1603 765 1673 790 1903.

223 905 258 930 59.
309 905 410 930 FLUTE.
423 905 437 929 2
449 912 592 930 manuscrits
603 912 720 933 musicaux
732 912 736 933 ;
747 905 762 929 2
773 903 897 930 volumes
908 903 944 930 de
956 905 987 930 67
998 908 1027 930 et
1039 905 1070 930 63
1083 912 1164 938 pages
1176 903 1292 938 oblongs
1306 905 1366 934 in-4,
1379 903 1484 930 reliures
1496 902 1685 930 demi-basane
1697 903 1836 938 (usagées).
2147 904 2278 930 200/250

345 964 450 991 Recueil
465 964 500 991 de
515 964 573 1000 plus
587 964 622 991 de
636 966 669 991 70
684 973 827 991 morceaux
842 973 910 1000 pour
923 964 997 995 flûte,
1012 964 1082 991 deux
1095 964 1184 995 flûtes,
1197 964 1265 991 flûte
1279 973 1344 991 avec
1358 964 1436 991 basse
1450 973 1486 991 ou
1500 967 1559 994 trio,
1573 969 1625 991 etc.
1640 967 1685 1000 par
1700 967 1723 991 R.
1739 967 1861 991 Reynolds
1875 967 2002 991 musician
2017 964 2051 991 du
2066 966 2099 991 28
2101 963 2118 979 th
2133 967 2278 1000 Régiment,

308 1011 343 1036 20
357 1018 425 1036 mars
437 1012 547 1036 1799-22
559 1009 644 1044 juillet
656 1012 724 1037 1800
738 1019 742 1040 ;
754 1012 958 1045 transcriptions
972 1009 1007 1036 de
1021 1012 1112 1045 pièces
1126 1009 1161 1036 de
1176 1012 1223 1036 F.A.
1238 1009 1419 1040 Hoffmeister,
1433 1011 1549 1040 Stamitz,
1564 1009 1655 1045 Pleyel,
1669 1012 1705 1036 W.
1718 1009 1815 1039 Shield,
1830 1009 1927 1044 Haydn,
1938 1012 1954 1040 J.
1969 1009 2053 1040 Hook,
2067 1009 2188 1040 Giardini,
2203 1009 2278 1040 Bach,

309 1057 405 1081 Martin
416 1064 432 1089 y
444 1054 523 1084 Soler,
536 1054 651 1081 Michael
665 1054 759 1089 Kelly...,
771 1059 800 1081 et
811 1054 881 1081 deux
893 1054 1028 1081 chansons
1040 1054 1076 1081 de
1088 1054 1147 1081 Mils
1159 1054 1268 1081 Abrams
1280 1054 1419 1089 (Gibraltar
1430 1057 1446 1081 6
1456 1057 1556 1089 janvier
1566 1054 1650 1089 1800).

345 1099 450 1126 Recueil
469 1108 605 1135 anonyme
623 1099 696 1126 d’airs
713 1099 843 1129 célèbres,
861 1099 953 1130 valses,
971 1102 1079 1126 extraits
1097 1099 1218 1135 d’opéras
1236 1099 1272 1126 de
1291 1099 1425 1134 Donizetti
1445 1099 1572 1134 (Roberto
1590 1102 1732 1130 Devereux,
1750 1102 1783 1126 La
1800 1102 1925 1130 Favorite,
1943 1099 2072 1134 Parisina),
2090 1104 2119 1126 et
2136 1099 2171 1126 de
2190 1099 2277 1126 Bellini

309 1144 437 1179 (Norma),
449 1149 508 1175 etc.,
520 1144 587 1179 [vers
598 1145 761 1179 1840-1850],

216 1286 258 1311 60.
306 1287 374 1316 Jean
386 1284 551 1319 FRANÇAIX
562 1284 719 1319 (1912-1997).
732 1286 873 1311 Manuscrit
883 1284 1058 1319 autographe,
1071 1284 1131 1319 [mai
1143 1284 1218 1319 1950]
1230 1286 1234 1315 ;
1246 1286 1261 1311 2
1273 1293 1355 1319 pages
1366 1289 1395 1311 et
1407 1284 1497 1311 demie
1510 1286 1571 1311 in-4.
2147 1286 2278 1311 200/250

344 1348 390 1373 Sur
401 1354 450 1373 son
462 1348 546 1381 opéra
557 1348 590 1372 La
601 1348 675 1372 Main
687 1345 721 1372 de
732 1345 828 1376 Gloire,
840 1348 903 1372 créé
914 1355 946 1372 au
959 1345 1047 1373 Grand
1058 1345 1172 1373 Théâtre
1183 1345 1218 1373 de
1231 1345 1367 1373 Bordeaux
1381 1345 1404 1373 le
1415 1348 1430 1372 7
1442 1348 1491 1372 mai
1503 1348 1574 1373 1950.
1585 1356 1599 1368 «
1611 1348 1740 1381 Pourquoi
1753 1348 1815 1381 ai-je
1826 1348 1893 1373 écrit
1903 1348 1936 1372 La
1947 1348 2021 1372 Main
2033 1345 2067 1372 de
2079 1345 2168 1373 Gloire
2179 1346 2191 1373 ?
2204 1348 2278 1373 Parce

309 1399 362 1426 que
371 1390 456 1425 j’étais
467 1390 572 1418 excédé
583 1390 618 1418 de
628 1393 752 1426 toujours
763 1390 896 1417 entendre
907 1390 962 1417 dire
973 1400 1026 1426 que
1039 1390 1092 1417 l’art
1104 1390 1203 1426 lyrique
1214 1395 1257 1417 est
1268 1400 1301 1417 un
1313 1400 1393 1426 genre
1403 1390 1471 1417 faux.
1484 1393 1569 1418 Lisant
1580 1399 1613 1418 un
1623 1393 1683 1426 jour
1694 1399 1727 1418 un
1739 1396 1823 1418 conte
1834 1390 1869 1417 de
1880 1390 1979 1418 Gérard
1991 1390 2026 1418 de
2038 1393 2133 1422 Nerval,
2144 1393 2212 1418 aussi
2225 1400 2277 1426 peu

308 1445 406 1465 connu,
417 1438 485 1463 aussi
498 1438 634 1463 méconnu
646 1445 699 1471 que
710 1445 760 1462 son
772 1440 870 1467 auteur,
880 1438 906 1471 je
917 1438 1000 1463 sentis
1011 1445 1065 1471 que
1074 1438 1100 1470 je
1110 1438 1197 1463 tenais
1208 1435 1279 1463 enfin
1293 1435 1434 1463 l'occasion
1446 1435 1481 1462 de
1493 1435 1593 1463 relever
1605 1435 1628 1463 le
1639 1435 1700 1462 défi.
1713 1435 1751 1471 [...]
1762 1435 1895 1471 j’élaborai
1908 1445 1940 1462 au
1951 1435 1993 1463 fur
2003 1440 2032 1463 et
2042 1438 2057 1462 à
2069 1445 2174 1462 mesure
2185 1445 2238 1471 que
2249 1445 2278 1463 se

310 1483 435 1516 précisait
447 1490 510 1508 mon
524 1483 585 1508 rêve
598 1480 620 1507 la
633 1483 755 1516 musique
767 1486 796 1507 et
809 1480 832 1508 le
845 1480 925 1511 livret,
939 1480 987 1507 l’un
1000 1486 1171 1516 progressant
1184 1490 1229 1516 par
1242 1480 1329 1507 l’autre
1342 1490 1389 1516 pas
1400 1483 1415 1508 à
1427 1490 1481 1516 pas.
1490 1483 1518 1512 Je
1530 1483 1578 1507 mis
1589 1480 1624 1507 fin
1638 1490 1683 1516 par
1694 1490 1726 1508 ce
1739 1490 1836 1516 moyen
1849 1483 1863 1507 à
1876 1480 1898 1507 la
1910 1480 1997 1508 vieille
2009 1486 2038 1508 et
2050 1483 2166 1508 irritante
2179 1480 2278 1507 rivalité

309 1531 385 1552 entre
399 1525 436 1552 les
449 1525 519 1552 deux
531 1528 632 1552 entités
644 1528 865 1561 texte-musique,
879 1525 901 1552 la
913 1525 1106 1552 transformant
1118 1525 1227 1552 d’abord
1240 1535 1273 1552 en
1288 1528 1402 1561 mariage
1414 1525 1449 1552 de
1463 1528 1555 1556 raison,
1569 1528 1626 1561 puis
1639 1535 1672 1552 en
1686 1528 1800 1561 mariage
1813 1525 1935 1553 d’amour.
1948 1528 1986 1553 Au
1998 1531 2074 1552 texte
2087 1530 2130 1552 est
2142 1525 2241 1552 dévolu
2256 1525 2278 1552 la

310 1573 442 1606 précision
456 1570 491 1597 de
505 1570 609 1598 l’action
622 1580 626 1600 ;
638 1573 653 1598 à
667 1570 688 1598 la
702 1573 831 1606 musique,
843 1580 871 1597 sa
885 1570 1062 1606 psychologie
1073 1580 1107 1598 »...
1120 1573 1176 1598 Suit
1188 1580 1221 1597 un
1235 1570 1380 1606 hommage
1392 1580 1424 1597 au
1438 1576 1557 1597 metteur
1568 1580 1602 1597 en
1615 1573 1705 1601 scène,
1718 1573 1836 1602 Maurice
1845 1573 2013 1602 Jacquemont,
2026 1576 2055 1597 et
2067 1580 2119 1598 une
2131 1573 2277 1598 évocation

309 1615 344 1642 du
355 1626 369 1638 «
381 1615 435 1642 bon
448 1615 546 1643 Gérard
559 1618 722 1651 «...Coupure
731 1618 818 1651 jointe
829 1615 865 1643 de
878 1615 990 1645 l’article,
1003 1625 1066 1651 paru
1078 1615 1144 1642 dans
1156 1618 1189 1642 La
1200 1615 1333 1643 Nouvelle
1344 1615 1509 1651 République
1520 1615 1555 1642 de
1568 1615 1704 1642 Bordeaux
1718 1615 1741 1643 le
1753 1618 1768 1642 6
1781 1618 1830 1642 mai
1842 1618 1913 1643 1950.

225 1734 258 1758 61.
309 1733 437 1765 François
448 1725 580 1766 GÉRARD
591 1731 745 1766 (1770-1837)
758 1734 868 1767 peintre.
881 1734 965 1762 L.A.S.,
977 1734 1001 1758 21
1014 1731 1171 1767 septembre
1182 1734 1244 1761 1815,
1256 1734 1270 1758 à
1282 1741 1315 1758 un
1328 1736 1422 1758 comte
1434 1741 1437 1762 ;
1449 1734 1464 1758 2
1477 1741 1558 1767 pages
1571 1734 1632 1758 in-4.
2146 1733 2278 1758 300/400

346 1793 359 1820 Il
373 1796 447 1820 vient
459 1793 494 1820 de
509 1796 627 1820 recevoir
640 1802 692 1820 une
705 1793 870 1820 commande
884 1798 913 1820 et
925 1802 954 1820 se
968 1798 1029 1820 sent
1043 1795 1157 1828 pénétré
1170 1793 1205 1820 de
1220 1796 1443 1820 reconnaissance
1457 1802 1460 1820 :
1473 1803 1487 1815 «
1501 1796 1532 1820 Le
1546 1793 1604 1828 plus
1619 1793 1687 1820 beau
1701 1796 1771 1828 sujet
1784 1793 1819 1820 de
1833 1798 1911 1820 notre
1925 1793 2041 1823 histoire,
2054 1796 2133 1820 traité
2146 1793 2212 1820 dans
2226 1802 2278 1820 une

309 1838 458 1865 semblable
472 1838 632 1869 dimension,
647 1847 692 1873 par
707 1838 729 1865 la
743 1838 857 1865 volonté
871 1847 997 1873 expresse
1011 1838 1046 1865 de
1059 1840 1091 1865 Sa
1106 1841 1228 1873 Majesté,
1243 1838 1381 1865 réclamait
1395 1838 1432 1865 les
1447 1841 1576 1873 pinceaux
1590 1838 1639 1865 des
1654 1838 1712 1873 plus
1725 1838 1821 1873 grands
1834 1841 1941 1865 artistes
1955 1838 2004 1865 des
2018 1841 2163 1865 anciennes
2177 1838 2278 1868 écoles,

307 1883 371 1918 j’ose
384 1886 496 1918 espérer,
509 1883 652 1914 toutefois,
665 1892 718 1918 que
733 1883 872 1910 l’honneur
884 1883 920 1910 de
934 1883 1045 1918 peindre
1058 1892 1122 1910 sous
1135 1883 1171 1910 de
1185 1883 1279 1918 pareils
1292 1886 1416 1918 auspices
1430 1892 1463 1910 un
1477 1886 1496 1910 si
1511 1883 1594 1910 noble
1607 1886 1683 1918 sujet,
1697 1883 1828 1910 doublera
1842 1892 1884 1910 ma
1896 1883 1999 1910 faculté
2012 1893 2032 1910 ».
2047 1883 2061 1910 Il
2075 1883 2212 1910 demande
2225 1892 2278 1918 que

310 1928 341 1955 lui
355 1931 409 1955 soit
421 1931 498 1955 remis
511 1937 544 1955 un
556 1928 665 1955 tableau
679 1931 756 1955 retiré
768 1928 804 1955 de
817 1928 840 1955 la
852 1928 917 1955 salle
929 1928 964 1955 du
977 1928 1085 1955 Conseil
1098 1923 1188 1959 d’État,
1200 1931 1243 1963 qui
1258 1928 1289 1955 lui
1302 1933 1345 1955 est
1357 1931 1508 1955 nécessaire
1519 1938 1533 1950 «
1546 1937 1614 1963 pour
1626 1930 1725 1955 arrêter
1738 1928 1775 1955 les
1788 1928 1905 1955 diverses
1918 1928 2085 1955 dimensions
2097 1928 2132 1955 de
2144 1928 2212 1955 celui
2225 1937 2278 1963 que

308 1976 333 2008 je
344 1973 404 2000 dois
416 1976 545 2000 exécuter
556 1983 588 2000 »...

219 2091 258 2116 62.
309 2090 437 2123 François
448 2083 586 2116 GÉRARD.
600 2091 683 2119 L.A.S.,
696 2091 726 2116 25
737 2091 840 2124 janvier,
852 2091 866 2116 à
879 2089 901 2116 la
913 2092 1045 2124 marquise
1056 2089 1091 2116 de
1104 2091 1231 2120 Dolomieu
1243 2098 1246 2120 ;
1258 2091 1265 2115 1
1279 2098 1347 2124 page
1360 2091 1420 2116 in-4.
2153 2091 2278 2116 150/200

344 2153 377 2178 Se
389 2156 499 2178 sentant
511 2150 572 2186 déjà
586 2150 724 2186 indisposé
737 2150 881 2178 dimanche
894 2160 927 2178 en
940 2156 1046 2178 sortant
1059 2150 1094 2178 de
1107 2150 1174 2178 chez
1187 2153 1221 2177 M.
1234 2150 1269 2178 de
1283 2153 1428 2178 Rothschild
1440 2153 1476 2178 où
1491 2150 1504 2177 il
1517 2153 1586 2178 avait
1598 2150 1667 2181 dîné,
1681 2150 1695 2177 il
1708 2153 1776 2178 était
1787 2156 1851 2178 tout
1863 2153 1877 2178 à
1889 2150 1938 2178 fait
1950 2150 2057 2178 malade
2071 2150 2094 2178 le
2109 2150 2260 2178 lendemain
2274 2160 2278 2177 :

308 2205 322 2218 «
330 2198 358 2227 Je
371 2195 414 2223 n’ai
428 2195 501 2223 donc
514 2205 548 2231 pu
561 2198 632 2223 avoir
645 2195 784 2223 l’honneur
795 2195 830 2223 de
843 2205 886 2223 me
899 2195 993 2223 rendre
1005 2205 1037 2223 au
1050 2195 1128 2223 Palais
1141 2195 1219 2231 Royal
1232 2206 1252 2223 ».
1265 2195 1279 2223 Il
1293 2195 1324 2223 lui
1337 2195 1386 2223 fait
1398 2201 1457 2231 part
1468 2195 1504 2223 de
1515 2205 1565 2223 son
1578 2195 1616 2222 vif
1626 2201 1718 2231 regret,
1730 2201 1759 2223 et
1770 2205 1800 2223 se
1813 2195 2006 2223 recommande
2018 2198 2032 2223 à
2044 2205 2072 2223 sa
2085 2195 2278 2223 bienveillance

308 2251 322 2263 «
333 2243 352 2268 si
366 2250 411 2276 par
423 2240 517 2268 hazard
531 2250 594 2268 mon
607 2240 725 2268 absence
736 2243 804 2268 avait
816 2250 851 2276 pu
863 2243 921 2268 être
933 2243 1089 2276 remarquée
1101 2250 1133 2268 »...

220 2359 258 2384 63.
310 2358 577 2392 François-Auguste
589 2352 732 2391 GEVAËRT
744 2357 913 2391 (1828-1908).
927 2359 1067 2383 Manuscrit
1078 2365 1176 2384 musical
1187 2356 1362 2392 autographe,
1375 2359 1523 2384 Recitativo
1536 2356 1571 2383 ed
1580 2359 1641 2384 Aria
1653 2356 1797 2392 neU’opera
1810 2359 1840 2383 La
1853 2356 1967 2384 Disfatta
1979 2356 2004 2384 di
2018 2356 2097 2384 Dario
2108 2356 2135 2383 di
2147 2359 2279 2383 Giovanni

308 2401 436 2428 Paesiello
447 2401 527 2436 (1776)
538 2411 542 2431 ;
554 2401 643 2428 cahier
654 2401 690 2428 de
700 2404 725 2428 13
738 2410 819 2437 pages
831 2401 884 2429 obi.
898 2401 982 2428 in-fol.
2143 2403 2278 2428 400/500

344 2465 385 2490 Air
399 2472 467 2498 pour
479 2466 560 2490 ténor
574 2472 638 2490 avec
652 2468 918 2498 accompagnement
931 2463 966 2490 de
981 2466 1062 2498 piano
1075 2466 1198 2490 transcrit
1212 2472 1257 2498 par
1270 2465 1388 2490 Gevaërt
1401 2463 1436 2490 de
1452 2463 1547 2498 l’opéra
1560 2466 1593 2490 La
1607 2463 1713 2490 Défaite
1726 2463 1760 2490 de
1773 2466 1866 2490 Darius
1880 2463 1956 2498 (1773)
1970 2463 2005 2490 de
2020 2466 2140 2490 Paesiello.
2156 2463 2281 2490 Récitatif

309 2513 337 2535 et
353 2511 388 2535 air
404 2508 439 2535 de
456 2511 534 2535 Dario
550 2517 553 2535 :
569 2518 583 2530 «
600 2511 674 2535 Dove
690 2508 730 2535 ahi
748 2508 819 2535 dove
836 2517 885 2535 son
901 2518 935 2535 »...
952 2510 1033 2535 Cette
1049 2511 1130 2543 copie
1146 2517 1160 2535 a
1177 2511 1242 2535 servi
1259 2511 1273 2535 à
1291 2508 1410 2535 l’édition
1427 2508 1476 2535 des
1492 2508 1595 2535 Gloires
1610 2508 1645 2535 de
1661 2508 1750 2535 l’Italie
1765 2508 1801 2535 de
1817 2510 1940 2539 Gevaërt,
1957 2508 2066 2543 publiée
2081 2517 2115 2535 en
2131 2510 2196 2535 1868
2212 2508 2279 2535 chez

309 2555 338 2580 G.
351 2556 502 2580 Hartmann.

344 2600 387 2628 On
397 2600 462 2628 joint
472 2600 486 2625 2
498 2601 656 2625 manuscrits
668 2601 803 2625 musicaux
815 2601 818 2625 :
832 2598 927 2625 Vonick
937 2607 991 2625 one
1000 2603 1061 2633 step
1073 2607 1118 2633 par
1129 2600 1156 2625 A.
1169 2598 1270 2633 Foignet
1280 2598 1367 2633 (1924),
1378 2603 1407 2625 et
1419 2601 1482 2625 Nuit
1493 2607 1554 2625 sans
1566 2598 1627 2625 lune
1639 2607 1685 2633 par
1697 2598 1840 2633 Rodolphe
1852 2598 1972 2633 Hermann
1983 2598 2064 2633 (1940,
2075 2607 2140 2625 avec
2150 2601 2166 2625 4
2178 2607 2231 2625 mss
2242 2598 2277 2625 du

310 2643 423 2678 parolier
434 2646 551 2670 Maurice
563 2646 665 2678 Mayen,
676 2648 705 2670 et
715 2652 749 2670 un
760 2652 799 2670 ms
810 2643 845 2670 de
855 2643 986 2678 chanson)
997 2652 1001 2674 ;
1012 2643 1070 2678 plus
1082 2643 1104 2670 la
1116 2646 1243 2678 partition
1255 2646 1324 2678 impr.
1335 2646 1380 2670 Les
1390 2646 1552 2670 Rencontres
1562 2643 1598 2670 de
1605 2646 1718 2678 Jacques
1730 2643 1787 2678 Ibert
1796 2643 1876 2678 (1924)
1886 2652 1951 2670 avec
1961 2643 2093 2670 dédicace
2104 2652 2145 2670 a.s.
2156 2643 2278 2678 (raturée)

309 2691 322 2715 à
335 2688 568 2715 Roland-Manuel.

131 3079 158 3103 14
