<?xml version="1.0" encoding="UTF-8" standalone="yes"?>
<PcGts xmlns="http://schema.primaresearch.org/PAGE/gts/pagecontent/2013-07-15" xmlns:xsi="http://www.w3.org/2001/XMLSchema-instance" xsi:schemaLocation="http://schema.primaresearch.org/PAGE/gts/pagecontent/2013-07-15 http://schema.primaresearch.org/PAGE/gts/pagecontent/2013-07-15/pagecontent.xsd">
    <Metadata>
        <Creator>Transkribus</Creator>
        <Created>2020-01-07T13:49:48.204+01:00</Created>
        <LastChange>2020-03-29T00:56:12.635+01:00</LastChange>
        <Comments>
                Measurement unit: pixel
                PrimaryLanguage: English
                Language: FrenchStandard
                Producer: Transkribus
            </Comments>
        <TranskribusMetadata docId="304353" pageId="12089777" pageNr="15" tsid="26607700" status="DONE" userId="10612" imgUrl="https://files.transkribus.eu/Get?id=HIJTPXBOTWLRIOQQAUSWCYCY&amp;fileType=view" xmlUrl="https://files.transkribus.eu/Get?id=ZZNAGYZYFPRRCYJTXDZOUSGP" imageId="8432869"/>
    </Metadata>
    <Page imageFilename="2009_12_04_bodin-0015.jpg" imageWidth="2480" imageHeight="3188">
        <PrintSpace>
            <Coords points="196,472 2354,472 2354,3109 196,3109"/>
        </PrintSpace>
        <ReadingOrder>
            <OrderedGroup id="ro_1604141544311" caption="Regions reading order">
                <RegionRefIndexed index="0" regionRef="r_1_1"/>
                <RegionRefIndexed index="1" regionRef="r_1_2"/>
                <RegionRefIndexed index="2" regionRef="r_1_3"/>
                <RegionRefIndexed index="3" regionRef="r_1_4"/>
                <RegionRefIndexed index="4" regionRef="r_1_5"/>
                <RegionRefIndexed index="5" regionRef="r_1_6"/>
                <RegionRefIndexed index="6" regionRef="r_1_7"/>
                <RegionRefIndexed index="7" regionRef="r_1_8"/>
                <RegionRefIndexed index="8" regionRef="r_1_9"/>
                <RegionRefIndexed index="9" regionRef="r_1_10"/>
                <RegionRefIndexed index="10" regionRef="r_1_11"/>
                <RegionRefIndexed index="11" regionRef="r_1_12"/>
                <RegionRefIndexed index="12" regionRef="r_1_13"/>
                <RegionRefIndexed index="13" regionRef="r_1_14"/>
                <RegionRefIndexed index="14" regionRef="r_1_15"/>
                <RegionRefIndexed index="15" regionRef="r_2_1"/>
            </OrderedGroup>
        </ReadingOrder>
        <TextRegion type="paragraph" id="r_1_1" custom="readingOrder {index:0;}">
            <Coords points="217,477 2279,477 2279,515 217,515"/>
            <TextLine id="tl_1" primaryLanguage="English" custom="readingOrder {index:0;}">
                <Coords points="218,478 2278,478 2278,514 218,514"/>
                <Baseline points="218,505 258,505 554,505 695,506 862,513 1066,505 1164,509 1210,506 1317,506 1357,505 1414,506 1476,505 1564,509 1609,506 1637,506 1764,506 1878,501 2105,505 2152,506 2278,506"/>
                <Word id="w_w2aab1b1b2b1b1ab1" language="English" custom="readingOrder {index:0;}">
                    <Coords points="218,481 258,481 258,505 218,505"/>
                    <TextEquiv>
                        <Unicode>64.</Unicode>
                    </TextEquiv>
                    <TextStyle fontFamily="Arial" fontSize="7.5"/>
                </Word>
                <Word id="w_w2aab1b1b2b1b1ab9" language="English" custom="readingOrder {index:1;}">
                    <Coords points="309,478 554,478 554,514 309,514"/>
                    <TextEquiv>
                        <Unicode>François-Joseph</Unicode>
                    </TextEquiv>
                    <TextStyle fontFamily="Arial" fontSize="7.5"/>
                </Word>
                <Word id="w_w2aab1b1b2b1b1ac41" language="English" custom="readingOrder {index:2;}">
                    <Coords points="567,481 695,481 695,506 567,506"/>
                    <TextEquiv>
                        <Unicode>GOSSEC</Unicode>
                    </TextEquiv>
                    <TextStyle fontFamily="Arial" fontSize="7.5"/>
                </Word>
                <Word id="w_w2aab1b1b2b1b1ac55" language="English" custom="readingOrder {index:3;}">
                    <Coords points="708,479 862,479 862,513 708,513"/>
                    <TextEquiv>
                        <Unicode>(1734-1829)</Unicode>
                    </TextEquiv>
                    <TextStyle fontFamily="Arial" fontSize="7.5"/>
                </Word>
                <Word id="w_w2aab1b1b2b1b1ac79" language="English" custom="readingOrder {index:4;}">
                    <Coords points="875,481 1066,481 1066,514 875,514"/>
                    <TextEquiv>
                        <Unicode>compositeur.</Unicode>
                    </TextEquiv>
                    <TextStyle fontFamily="Arial" fontSize="7.5"/>
                </Word>
                <Word id="w_w2aab1b1b2b1b1ad105" language="English" custom="readingOrder {index:5;}">
                    <Coords points="1080,481 1164,481 1164,509 1080,509"/>
                    <TextEquiv>
                        <Unicode>L.A.S.,</Unicode>
                    </TextEquiv>
                    <TextStyle fontFamily="Arial" fontSize="7.5"/>
                </Word>
                <Word id="w_w2aab1b1b2b1b1ad121" language="English" custom="readingOrder {index:6;}">
                    <Coords points="1177,481 1210,481 1210,506 1177,506"/>
                    <TextEquiv>
                        <Unicode>30</Unicode>
                    </TextEquiv>
                    <TextStyle fontFamily="Arial" fontSize="7.5"/>
                </Word>
                <Word id="w_w2aab1b1b2b1b1ad127" language="English" custom="readingOrder {index:7;}">
                    <Coords points="1222,478 1317,478 1317,506 1222,506"/>
                    <TextEquiv>
                        <Unicode>floréal</Unicode>
                    </TextEquiv>
                    <TextStyle fontFamily="Arial" fontSize="7.5"/>
                </Word>
                <Word id="w_w2aab1b1b2b1b1ad143" language="English" custom="readingOrder {index:8;}">
                    <Coords points="1332,481 1357,481 1357,505 1332,505"/>
                    <TextEquiv>
                        <Unicode>IX</Unicode>
                    </TextEquiv>
                    <TextStyle fontFamily="Arial" fontSize="7.5"/>
                </Word>
                <Word id="w_w2aab1b1b2b1b1ad149" language="English" custom="readingOrder {index:9;}">
                    <Coords points="1370,479 1414,479 1414,513 1370,513"/>
                    <TextEquiv>
                        <Unicode>(20</Unicode>
                    </TextEquiv>
                    <TextStyle fontFamily="Arial" fontSize="7.5"/>
                </Word>
                <Word id="w_w2aab1b1b2b1b1ad157" language="English" custom="readingOrder {index:10;}">
                    <Coords points="1427,481 1476,481 1476,506 1427,506"/>
                    <TextEquiv>
                        <Unicode>mai</Unicode>
                    </TextEquiv>
                    <TextStyle fontFamily="Arial" fontSize="7.5"/>
                </Word>
                <Word id="w_w2aab1b1b2b1b1ad165" language="English" custom="readingOrder {index:11;}">
                    <Coords points="1490,479 1564,479 1564,513 1490,513"/>
                    <TextEquiv>
                        <Unicode>1801),</Unicode>
                    </TextEquiv>
                    <TextStyle fontFamily="Arial" fontSize="7.5"/>
                </Word>
                <Word id="w_w2aab1b1b2b1b1ad179" language="English" custom="readingOrder {index:12;}">
                    <Coords points="1577,488 1609,488 1609,506 1577,506"/>
                    <TextEquiv>
                        <Unicode>au</Unicode>
                    </TextEquiv>
                    <TextStyle fontFamily="Arial" fontSize="7.5"/>
                </Word>
                <Word id="w_w2aab1b1b2b1b1ad185" language="English" custom="readingOrder {index:13;}">
                    <Coords points="1622,481 1731,481 1731,514 1622,514"/>
                    <TextEquiv>
                        <Unicode>citoyen</Unicode>
                    </TextEquiv>
                    <TextStyle fontFamily="Arial" fontSize="7.5"/>
                </Word>
                <Word id="w_w2aab1b1b2b1b1b1b1" language="English" custom="readingOrder {index:14;}">
                    <Coords points="1744,481 1852,481 1852,510 1744,510"/>
                    <TextEquiv>
                        <Unicode>Celerier,</Unicode>
                    </TextEquiv>
                    <TextStyle fontFamily="Arial" fontSize="7.5"/>
                </Word>
                <Word id="w_w2aab1b1b2b1b1b2b3" language="English" custom="readingOrder {index:15;}">
                    <Coords points="1864,489 1878,489 1878,501 1864,501"/>
                    <TextEquiv>
                        <Unicode>«</Unicode>
                    </TextEquiv>
                    <TextStyle fontFamily="Arial" fontSize="7.5"/>
                </Word>
                <Word id="w_w2aab1b1b2b1b1b2b7" language="English" custom="readingOrder {index:16;}">
                    <Coords points="1890,478 2105,478 2105,506 1890,506"/>
                    <TextEquiv>
                        <Unicode>administrateur</Unicode>
                    </TextEquiv>
                    <TextStyle fontFamily="Arial" fontSize="7.5"/>
                </Word>
                <Word id="w_w2aab1b1b2b1b1b2c37" language="English" custom="readingOrder {index:17;}">
                    <Coords points="2117,478 2152,478 2152,506 2117,506"/>
                    <TextEquiv>
                        <Unicode>du</Unicode>
                    </TextEquiv>
                    <TextStyle fontFamily="Arial" fontSize="7.5"/>
                </Word>
                <Word id="w_w2aab1b1b2b1b1b2c43" language="English" custom="readingOrder {index:18;}">
                    <Coords points="2164,478 2278,478 2278,506 2164,506"/>
                    <TextEquiv>
                        <Unicode>Théâtre</Unicode>
                    </TextEquiv>
                    <TextStyle fontFamily="Arial" fontSize="7.5"/>
                </Word>
                <TextEquiv>
                    <Unicode>64. François-Joseph GOSSEC (1734-1829) compositeur. L.A.S., 30 floréal IX (20 mai 1801), au citoyen CELERIER, « administrateur du Théâtre</Unicode>
                </TextEquiv>
            </TextLine>
            <TextEquiv>
                <Unicode>64. François-Joseph GOSSEC (1734-1829) compositeur. L.A.S., 30 floréal IX (20 mai 1801), au citoyen CELERIER, « administrateur du Théâtre</Unicode>
            </TextEquiv>
        </TextRegion>
        <TextRegion type="paragraph" id="r_1_2" custom="readingOrder {index:1;}">
            <Coords points="307,523 2279,523 2279,560 307,560"/>
            <TextLine id="tl_2" primaryLanguage="English" custom="readingOrder {index:0;}">
                <Coords points="308,524 2278,524 2278,559 308,559"/>
                <Baseline points="308,551 344,551 379,551 558,551 598,551 658,551 729,551 755,547 769,555 796,551 890,551 987,551 2278,551"/>
                <Word id="w_w2aab1b1b2b3b1ab1" language="English" custom="readingOrder {index:0;}">
                    <Coords points="308,524 344,524 344,551 308,551"/>
                    <TextEquiv>
                        <Unicode>de</Unicode>
                    </TextEquiv>
                    <TextStyle fontFamily="Arial" fontSize="7.5"/>
                </Word>
                <Word id="w_w2aab1b1b2b3b1ab7" language="English" custom="readingOrder {index:1;}">
                    <Coords points="357,524 379,524 379,551 357,551"/>
                    <TextEquiv>
                        <Unicode>la</Unicode>
                    </TextEquiv>
                    <TextStyle fontFamily="Arial" fontSize="7.5"/>
                </Word>
                <Word id="w_w2aab1b1b2b3b1ac13" language="English" custom="readingOrder {index:2;}">
                    <Coords points="392,524 558,524 558,559 392,559"/>
                    <TextEquiv>
                        <Unicode>République</Unicode>
                    </TextEquiv>
                    <TextStyle fontFamily="Arial" fontSize="7.5"/>
                </Word>
                <Word id="w_w2aab1b1b2b3b1ac35" language="English" custom="readingOrder {index:3;}">
                    <Coords points="569,529 598,529 598,551 569,551"/>
                    <TextEquiv>
                        <Unicode>et</Unicode>
                    </TextEquiv>
                    <TextStyle fontFamily="Arial" fontSize="7.5"/>
                </Word>
                <Word id="w_w2aab1b1b2b3b1ac41" language="English" custom="readingOrder {index:4;}">
                    <Coords points="609,524 658,524 658,551 609,551"/>
                    <TextEquiv>
                        <Unicode>des</Unicode>
                    </TextEquiv>
                    <TextStyle fontFamily="Arial" fontSize="7.5"/>
                </Word>
                <Word id="w_w2aab1b1b2b3b1ac49" language="English" custom="readingOrder {index:5;}">
                    <Coords points="670,526 729,526 729,551 670,551"/>
                    <TextEquiv>
                        <Unicode>Arts</Unicode>
                    </TextEquiv>
                    <TextStyle fontFamily="Arial" fontSize="7.5"/>
                </Word>
                <Word id="w_w2aab1b1b2b3b1ac59" language="English" custom="readingOrder {index:6;}">
                    <Coords points="740,534 755,534 755,547 740,547"/>
                    <TextEquiv>
                        <Unicode>»</Unicode>
                    </TextEquiv>
                    <TextStyle fontFamily="Arial" fontSize="7.5"/>
                </Word>
                <Word id="w_w2aab1b1b2b3b1ac63" language="English" custom="readingOrder {index:7;}">
                    <Coords points="765,533 769,533 769,555 765,555"/>
                    <TextEquiv>
                        <Unicode>;</Unicode>
                    </TextEquiv>
                    <TextStyle fontFamily="Arial" fontSize="7.5"/>
                </Word>
                <Word id="w_w2aab1b1b2b3b1ac67" language="English" custom="readingOrder {index:8;}">
                    <Coords points="781,526 796,526 796,551 781,551"/>
                    <TextEquiv>
                        <Unicode>2</Unicode>
                    </TextEquiv>
                    <TextStyle fontFamily="Arial" fontSize="7.5"/>
                </Word>
                <Word id="w_w2aab1b1b2b3b1ac71" language="English" custom="readingOrder {index:9;}">
                    <Coords points="808,533 890,533 890,559 808,559"/>
                    <TextEquiv>
                        <Unicode>pages</Unicode>
                    </TextEquiv>
                    <TextStyle fontFamily="Arial" fontSize="7.5"/>
                </Word>
                <Word id="w_w2aab1b1b2b3b1ac83" language="English" custom="readingOrder {index:10;}">
                    <Coords points="903,524 987,524 987,551 903,551"/>
                    <TextEquiv>
                        <Unicode>in-fol.</Unicode>
                    </TextEquiv>
                    <TextStyle fontFamily="Arial" fontSize="7.5"/>
                </Word>
                <Word id="w_w2aab1b1b2b3b1ac99" language="English" custom="readingOrder {index:11;}">
                    <Coords points="2146,526 2278,526 2278,551 2146,551"/>
                    <TextEquiv>
                        <Unicode>500/600</Unicode>
                    </TextEquiv>
                    <TextStyle fontFamily="Arial" fontSize="7.5"/>
                </Word>
                <TextEquiv>
                    <Unicode>de la République et des Arts » ; 2 pages in-fol. 500/600</Unicode>
                </TextEquiv>
                <TextStyle fontFamily="Arial" fontSize="7.5"/>
            </TextLine>
            <TextEquiv>
                <Unicode>de la République et des Arts » ; 2 pages in-fol. 500/600</Unicode>
            </TextEquiv>
        </TextRegion>
        <TextRegion type="paragraph" id="r_1_3" custom="readingOrder {index:2;}">
            <Coords points="307,585 2280,585 2280,941 307,941"/>
            <TextLine id="tl_3" primaryLanguage="English" custom="readingOrder {index:0;}">
                <Coords points="344,586 2277,586 2277,622 344,622"/>
                <Baseline points="344,613 491,613 534,613 634,613 678,613 715,613 790,613 956,617 979,609 1080,613 1125,613 1248,613 1307,613 1375,613 1404,617 1456,613 1481,613 1537,613 1560,609 1636,613 1659,613 1692,613 1816,613 1891,613 1924,613 2055,613 2277,613"/>
                <Word id="w_w2aab1b1b2b5b1ab1" language="English" custom="readingOrder {index:0;}">
                    <Coords points="344,586 491,586 491,622 344,622"/>
                    <TextEquiv>
                        <Unicode>Supplique</Unicode>
                    </TextEquiv>
                    <TextStyle fontFamily="Arial" fontSize="7.5"/>
                </Word>
                <Word id="w_w2aab1b1b2b5b1ac21" language="English" custom="readingOrder {index:1;}">
                    <Coords points="500,595 534,595 534,613 500,613"/>
                    <TextEquiv>
                        <Unicode>en</Unicode>
                    </TextEquiv>
                    <TextStyle fontFamily="Arial" fontSize="7.5"/>
                </Word>
                <Word id="w_w2aab1b1b2b5b1ac27" language="English" custom="readingOrder {index:2;}">
                    <Coords points="543,586 634,586 634,613 543,613"/>
                    <TextEquiv>
                        <Unicode>faveur</Unicode>
                    </TextEquiv>
                    <TextStyle fontFamily="Arial" fontSize="7.5"/>
                </Word>
                <Word id="w_w2aab1b1b2b5b1ac41" language="English" custom="readingOrder {index:3;}">
                    <Coords points="643,586 678,586 678,613 643,613"/>
                    <TextEquiv>
                        <Unicode>de</Unicode>
                    </TextEquiv>
                    <TextStyle fontFamily="Arial" fontSize="7.5"/>
                </Word>
                <Word id="w_w2aab1b1b2b5b1ac47" language="English" custom="readingOrder {index:4;}">
                    <Coords points="688,586 753,586 753,613 688,613"/>
                    <TextEquiv>
                        <Unicode>Mlle</Unicode>
                    </TextEquiv>
                    <TextStyle fontFamily="Arial" fontSize="7.5"/>
                </Word>
                <Word id="w_w2aab1b1b2b5b1b1b1" language="English" custom="readingOrder {index:5;}">
                    <Coords points="763,589 863,589 863,613 763,613"/>
                    <TextEquiv>
                        <Unicode>Mullot</Unicode>
                    </TextEquiv>
                    <TextStyle fontFamily="Arial" fontSize="7.5"/>
                </Word>
                <Word id="w_w2aab1b1b2b5b1b2b3" language="English" custom="readingOrder {index:6;}">
                    <Coords points="871,589 956,589 956,617 871,617"/>
                    <TextEquiv>
                        <Unicode>aînée,</Unicode>
                    </TextEquiv>
                    <TextStyle fontFamily="Arial" fontSize="7.5"/>
                </Word>
                <Word id="w_w2aab1b1b2b5b1b2c17" language="English" custom="readingOrder {index:7;}">
                    <Coords points="964,596 979,596 979,609 964,609"/>
                    <TextEquiv>
                        <Unicode>«</Unicode>
                    </TextEquiv>
                    <TextStyle fontFamily="Arial" fontSize="7.5"/>
                </Word>
                <Word id="w_w2aab1b1b2b5b1b2c21" language="English" custom="readingOrder {index:8;}">
                    <Coords points="988,589 1080,589 1080,613 988,613"/>
                    <TextEquiv>
                        <Unicode>artiste</Unicode>
                    </TextEquiv>
                    <TextStyle fontFamily="Arial" fontSize="7.5"/>
                </Word>
                <Word id="w_w2aab1b1b2b5b1b2c37" language="English" custom="readingOrder {index:9;}">
                    <Coords points="1090,586 1125,586 1125,613 1090,613"/>
                    <TextEquiv>
                        <Unicode>du</Unicode>
                    </TextEquiv>
                    <TextStyle fontFamily="Arial" fontSize="7.5"/>
                </Word>
                <Word id="w_w2aab1b1b2b5b1b2c43" language="English" custom="readingOrder {index:10;}">
                    <Coords points="1134,586 1248,586 1248,613 1134,613"/>
                    <TextEquiv>
                        <Unicode>Théâtre</Unicode>
                    </TextEquiv>
                    <TextStyle fontFamily="Arial" fontSize="7.5"/>
                </Word>
                <Word id="w_w2aab1b1b2b5b1b2c59" language="English" custom="readingOrder {index:11;}">
                    <Coords points="1258,586 1307,586 1307,613 1258,613"/>
                    <TextEquiv>
                        <Unicode>des</Unicode>
                    </TextEquiv>
                    <TextStyle fontFamily="Arial" fontSize="7.5"/>
                </Word>
                <Word id="w_w2aab1b1b2b5b1b2c67" language="English" custom="readingOrder {index:12;}">
                    <Coords points="1316,589 1375,589 1375,613 1316,613"/>
                    <TextEquiv>
                        <Unicode>Arts</Unicode>
                    </TextEquiv>
                    <TextStyle fontFamily="Arial" fontSize="7.5"/>
                </Word>
                <Word id="w_w2aab1b1b2b5b1b2c77" language="English" custom="readingOrder {index:13;}">
                    <Coords points="1384,596 1404,596 1404,617 1384,617"/>
                    <TextEquiv>
                        <Unicode>»,</Unicode>
                    </TextEquiv>
                    <TextStyle fontFamily="Arial" fontSize="7.5"/>
                </Word>
                <Word id="w_w2aab1b1b2b5b1b2c83" language="English" custom="readingOrder {index:14;}">
                    <Coords points="1414,589 1456,589 1456,621 1414,621"/>
                    <TextEquiv>
                        <Unicode>qui</Unicode>
                    </TextEquiv>
                    <TextStyle fontFamily="Arial" fontSize="7.5"/>
                </Word>
                <Word id="w_w2aab1b1b2b5b1b2c91" language="English" custom="readingOrder {index:15;}">
                    <Coords points="1467,595 1481,595 1481,613 1467,613"/>
                    <TextEquiv>
                        <Unicode>a</Unicode>
                    </TextEquiv>
                    <TextStyle fontFamily="Arial" fontSize="7.5"/>
                </Word>
                <Word id="w_w2aab1b1b2b5b1b2c95" language="English" custom="readingOrder {index:16;}">
                    <Coords points="1491,589 1537,589 1537,613 1491,613"/>
                    <TextEquiv>
                        <Unicode>été</Unicode>
                    </TextEquiv>
                    <TextStyle fontFamily="Arial" fontSize="7.5"/>
                </Word>
                <Word id="w_w2aab1b1b2b5b1b2d103" language="English" custom="readingOrder {index:17;}">
                    <Coords points="1546,596 1560,596 1560,609 1546,609"/>
                    <TextEquiv>
                        <Unicode>«</Unicode>
                    </TextEquiv>
                    <TextStyle fontFamily="Arial" fontSize="7.5"/>
                </Word>
                <Word id="w_w2aab1b1b2b5b1b2d107" language="English" custom="readingOrder {index:18;}">
                    <Coords points="1570,589 1636,589 1636,613 1570,613"/>
                    <TextEquiv>
                        <Unicode>mise</Unicode>
                    </TextEquiv>
                    <TextStyle fontFamily="Arial" fontSize="7.5"/>
                </Word>
                <Word id="w_w2aab1b1b2b5b1b2d117" language="English" custom="readingOrder {index:19;}">
                    <Coords points="1645,589 1659,589 1659,613 1645,613"/>
                    <TextEquiv>
                        <Unicode>à</Unicode>
                    </TextEquiv>
                    <TextStyle fontFamily="Arial" fontSize="7.5"/>
                </Word>
                <Word id="w_w2aab1b1b2b5b1b2d121" language="English" custom="readingOrder {index:20;}">
                    <Coords points="1670,586 1692,586 1692,613 1670,613"/>
                    <TextEquiv>
                        <Unicode>la</Unicode>
                    </TextEquiv>
                    <TextStyle fontFamily="Arial" fontSize="7.5"/>
                </Word>
                <Word id="w_w2aab1b1b2b5b1b2d127" language="English" custom="readingOrder {index:21;}">
                    <Coords points="1702,589 1816,589 1816,621 1702,621"/>
                    <TextEquiv>
                        <Unicode>pension</Unicode>
                    </TextEquiv>
                    <TextStyle fontFamily="Arial" fontSize="7.5"/>
                </Word>
                <Word id="w_w2aab1b1b2b5b1b2d143" language="English" custom="readingOrder {index:22;}">
                    <Coords points="1827,595 1891,595 1891,613 1827,613"/>
                    <TextEquiv>
                        <Unicode>sous</Unicode>
                    </TextEquiv>
                    <TextStyle fontFamily="Arial" fontSize="7.5"/>
                </Word>
                <Word id="w_w2aab1b1b2b5b1b2d153" language="English" custom="readingOrder {index:23;}">
                    <Coords points="1902,586 1924,586 1924,613 1902,613"/>
                    <TextEquiv>
                        <Unicode>la</Unicode>
                    </TextEquiv>
                    <TextStyle fontFamily="Arial" fontSize="7.5"/>
                </Word>
                <Word id="w_w2aab1b1b2b5b1b2d159" language="English" custom="readingOrder {index:24;}">
                    <Coords points="1933,586 2055,586 2055,613 1933,613"/>
                    <TextEquiv>
                        <Unicode>dernière</Unicode>
                    </TextEquiv>
                    <TextStyle fontFamily="Arial" fontSize="7.5"/>
                </Word>
                <Word id="w_w2aab1b1b2b5b1b2d177" language="English" custom="readingOrder {index:25;}">
                    <Coords points="2065,586 2277,586 2277,613 2065,613"/>
                    <TextEquiv>
                        <Unicode>administration</Unicode>
                    </TextEquiv>
                    <TextStyle fontFamily="Arial" fontSize="7.5"/>
                </Word>
                <TextEquiv>
                    <Unicode>Supplique en faveur de Mlle MULLOT aînée, « artiste du Théâtre des Arts », qui a été « mise à la pension sous la dernière administration</Unicode>
                </TextEquiv>
            </TextLine>
            <TextLine id="tl_4" primaryLanguage="English" custom="readingOrder {index:1;}">
                <Coords points="309,631 2279,631 2279,667 309,667"/>
                <Baseline points="309,667 348,667 437,659 473,659 585,659 630,659 742,659 909,658 1027,659 1136,659 1166,663 1205,659 1257,658 1386,659 1421,659 1571,659 1615,659 1649,659 1774,658 1827,658 1871,658 1897,659 1953,659 2098,659 2137,659 2217,659 2279,659"/>
                <Word id="w_w2aab1b1b2b5b3ab1" language="English" custom="readingOrder {index:0;}">
                    <Coords points="309,632 348,632 348,667 309,667"/>
                    <TextEquiv>
                        <Unicode>(...)</Unicode>
                    </TextEquiv>
                    <TextStyle fontFamily="Arial" fontSize="7.5"/>
                </Word>
                <Word id="w_w2aab1b1b2b5b3ac13" language="English" custom="readingOrder {index:1;}">
                    <Coords points="359,634 437,634 437,667 359,667"/>
                    <TextEquiv>
                        <Unicode>après</Unicode>
                    </TextEquiv>
                    <TextStyle fontFamily="Arial" fontSize="7.5"/>
                </Word>
                <Word id="w_w2aab1b1b2b5b3ac25" language="English" custom="readingOrder {index:2;}">
                    <Coords points="446,634 473,634 473,659 446,659"/>
                    <TextEquiv>
                        <Unicode>16</Unicode>
                    </TextEquiv>
                    <TextStyle fontFamily="Arial" fontSize="7.5"/>
                </Word>
                <Word id="w_w2aab1b1b2b5b3ac31" language="English" custom="readingOrder {index:3;}">
                    <Coords points="484,634 585,634 585,659 484,659"/>
                    <TextEquiv>
                        <Unicode>années</Unicode>
                    </TextEquiv>
                    <TextStyle fontFamily="Arial" fontSize="7.5"/>
                </Word>
                <Word id="w_w2aab1b1b2b5b3ac45" language="English" custom="readingOrder {index:4;}">
                    <Coords points="595,632 630,632 630,659 595,659"/>
                    <TextEquiv>
                        <Unicode>de</Unicode>
                    </TextEquiv>
                    <TextStyle fontFamily="Arial" fontSize="7.5"/>
                </Word>
                <Word id="w_w2aab1b1b2b5b3ac51" language="English" custom="readingOrder {index:5;}">
                    <Coords points="641,634 742,634 742,659 641,659"/>
                    <TextEquiv>
                        <Unicode>service</Unicode>
                    </TextEquiv>
                    <TextStyle fontFamily="Arial" fontSize="7.5"/>
                </Word>
                <Word id="w_w2aab1b1b2b5b3ac67" language="English" custom="readingOrder {index:6;}">
                    <Coords points="752,631 909,631 909,659 752,659"/>
                    <TextEquiv>
                        <Unicode>consécutif</Unicode>
                    </TextEquiv>
                    <TextStyle fontFamily="Arial" fontSize="7.5"/>
                </Word>
                <Word id="w_w2aab1b1b2b5b3ac89" language="English" custom="readingOrder {index:7;}">
                    <Coords points="917,641 1027,641 1027,659 917,659"/>
                    <TextEquiv>
                        <Unicode>comme</Unicode>
                    </TextEquiv>
                    <TextStyle fontFamily="Arial" fontSize="7.5"/>
                </Word>
                <Word id="w_w2aab1b1b2b5b3ad101" language="English" custom="readingOrder {index:8;}">
                    <Coords points="1037,634 1136,634 1136,659 1037,659"/>
                    <TextEquiv>
                        <Unicode>actrice</Unicode>
                    </TextEquiv>
                    <TextStyle fontFamily="Arial" fontSize="7.5"/>
                </Word>
                <Word id="w_w2aab1b1b2b5b3ad117" language="English" custom="readingOrder {index:9;}">
                    <Coords points="1146,642 1166,642 1166,663 1146,663"/>
                    <TextEquiv>
                        <Unicode>»,</Unicode>
                    </TextEquiv>
                    <TextStyle fontFamily="Arial" fontSize="7.5"/>
                </Word>
                <Word id="w_w2aab1b1b2b5b3ad123" language="English" custom="readingOrder {index:10;}">
                    <Coords points="1176,637 1205,637 1205,659 1176,659"/>
                    <TextEquiv>
                        <Unicode>et</Unicode>
                    </TextEquiv>
                    <TextStyle fontFamily="Arial" fontSize="7.5"/>
                </Word>
                <Word id="w_w2aab1b1b2b5b3ad129" language="English" custom="readingOrder {index:11;}">
                    <Coords points="1215,634 1257,634 1257,667 1215,667"/>
                    <TextEquiv>
                        <Unicode>qui</Unicode>
                    </TextEquiv>
                    <TextStyle fontFamily="Arial" fontSize="7.5"/>
                </Word>
                <Word id="w_w2aab1b1b2b5b3ad137" language="English" custom="readingOrder {index:12;}">
                    <Coords points="1269,632 1386,632 1386,659 1269,659"/>
                    <TextEquiv>
                        <Unicode>réclame</Unicode>
                    </TextEquiv>
                    <TextStyle fontFamily="Arial" fontSize="7.5"/>
                </Word>
                <Word id="w_w2aab1b1b2b5b3ad153" language="English" custom="readingOrder {index:13;}">
                    <Coords points="1398,631 1421,631 1421,659 1398,659"/>
                    <TextEquiv>
                        <Unicode>le</Unicode>
                    </TextEquiv>
                    <TextStyle fontFamily="Arial" fontSize="7.5"/>
                </Word>
                <Word id="w_w2aab1b1b2b5b3ad159" language="English" custom="readingOrder {index:14;}">
                    <Coords points="1432,634 1571,634 1571,667 1432,667"/>
                    <TextEquiv>
                        <Unicode>paiement</Unicode>
                    </TextEquiv>
                    <TextStyle fontFamily="Arial" fontSize="7.5"/>
                </Word>
                <Word id="w_w2aab1b1b2b5b3ad177" language="English" custom="readingOrder {index:15;}">
                    <Coords points="1580,632 1615,632 1615,659 1580,659"/>
                    <TextEquiv>
                        <Unicode>de</Unicode>
                    </TextEquiv>
                    <TextStyle fontFamily="Arial" fontSize="7.5"/>
                </Word>
                <Word id="w_w2aab1b1b2b5b3ad183" language="English" custom="readingOrder {index:16;}">
                    <Coords points="1627,632 1649,632 1649,659 1627,659"/>
                    <TextEquiv>
                        <Unicode>la</Unicode>
                    </TextEquiv>
                    <TextStyle fontFamily="Arial" fontSize="7.5"/>
                </Word>
                <Word id="w_w2aab1b1b2b5b3ad189" language="English" custom="readingOrder {index:17;}">
                    <Coords points="1660,634 1774,634 1774,667 1660,667"/>
                    <TextEquiv>
                        <Unicode>pension</Unicode>
                    </TextEquiv>
                    <TextStyle fontFamily="Arial" fontSize="7.5"/>
                </Word>
                <Word id="w_w2aab1b1b2b5b3ad205" language="English" custom="readingOrder {index:18;}">
                    <Coords points="1785,634 1827,634 1827,667 1785,667"/>
                    <TextEquiv>
                        <Unicode>qui</Unicode>
                    </TextEquiv>
                    <TextStyle fontFamily="Arial" fontSize="7.5"/>
                </Word>
                <Word id="w_w2aab1b1b2b5b3ad213" language="English" custom="readingOrder {index:19;}">
                    <Coords points="1840,631 1871,631 1871,659 1840,659"/>
                    <TextEquiv>
                        <Unicode>lui</Unicode>
                    </TextEquiv>
                    <TextStyle fontFamily="Arial" fontSize="7.5"/>
                </Word>
                <Word id="w_w2aab1b1b2b5b3ad221" language="English" custom="readingOrder {index:20;}">
                    <Coords points="1882,641 1897,641 1897,659 1882,659"/>
                    <TextEquiv>
                        <Unicode>a</Unicode>
                    </TextEquiv>
                    <TextStyle fontFamily="Arial" fontSize="7.5"/>
                </Word>
                <Word id="w_w2aab1b1b2b5b3ad225" language="English" custom="readingOrder {index:21;}">
                    <Coords points="1906,634 1953,634 1953,659 1906,659"/>
                    <TextEquiv>
                        <Unicode>été</Unicode>
                    </TextEquiv>
                    <TextStyle fontFamily="Arial" fontSize="7.5"/>
                </Word>
                <Word id="w_w2aab1b1b2b5b3ad233" language="English" custom="readingOrder {index:22;}">
                    <Coords points="1963,632 2098,632 2098,659 1963,659"/>
                    <TextEquiv>
                        <Unicode>accordée</Unicode>
                    </TextEquiv>
                    <TextStyle fontFamily="Arial" fontSize="7.5"/>
                </Word>
                <Word id="w_w2aab1b1b2b5b3ad251" language="English" custom="readingOrder {index:23;}">
                    <Coords points="2108,637 2137,637 2137,659 2108,659"/>
                    <TextEquiv>
                        <Unicode>et</Unicode>
                    </TextEquiv>
                    <TextStyle fontFamily="Arial" fontSize="7.5"/>
                </Word>
                <Word id="w_w2aab1b1b2b5b3ad257" language="English" custom="readingOrder {index:24;}">
                    <Coords points="2147,632 2217,632 2217,659 2147,659"/>
                    <TextEquiv>
                        <Unicode>dont</Unicode>
                    </TextEquiv>
                    <TextStyle fontFamily="Arial" fontSize="7.5"/>
                </Word>
                <Word id="w_w2aab1b1b2b5b3ad267" language="English" custom="readingOrder {index:25;}">
                    <Coords points="2226,632 2279,632 2279,659 2226,659"/>
                    <TextEquiv>
                        <Unicode>elle</Unicode>
                    </TextEquiv>
                    <TextStyle fontFamily="Arial" fontSize="7.5"/>
                </Word>
                <TextEquiv>
                    <Unicode>(...) après 16 années de service consécutif comme actrice », et qui réclame le paiement de la pension qui lui a été accordée et dont elle</Unicode>
                </TextEquiv>
                <TextStyle fontFamily="Arial" fontSize="7.5"/>
            </TextLine>
            <TextLine id="tl_5" primaryLanguage="English" custom="readingOrder {index:2;}">
                <Coords points="310,677 2278,677 2278,713 310,713"/>
                <Baseline points="310,704 346,704 458,704 524,704 659,704 778,704 887,704 969,704 1006,704 1066,704 1131,704 1208,704 1320,704 1386,704 1492,704 1570,704 1621,704 1745,704 1792,704 1911,704 1927,704 1953,700 2017,704 2065,704 2131,704 2172,704 2238,708 2278,704"/>
                <Word id="w_w2aab1b1b2b5b5ab1" language="English" custom="readingOrder {index:0;}">
                    <Coords points="310,677 346,677 346,704 310,704"/>
                    <TextEquiv>
                        <Unicode>n’a</Unicode>
                    </TextEquiv>
                    <TextStyle fontFamily="Arial" fontSize="7.5"/>
                </Word>
                <Word id="w_w2aab1b1b2b5b5ab9" language="English" custom="readingOrder {index:1;}">
                    <Coords points="358,686 458,686 458,704 358,704"/>
                    <TextEquiv>
                        <Unicode>encore</Unicode>
                    </TextEquiv>
                    <TextStyle fontFamily="Arial" fontSize="7.5"/>
                </Word>
                <Word id="w_w2aab1b1b2b5b5ac23" language="English" custom="readingOrder {index:2;}">
                    <Coords points="472,680 524,680 524,704 472,704"/>
                    <TextEquiv>
                        <Unicode>rien</Unicode>
                    </TextEquiv>
                    <TextStyle fontFamily="Arial" fontSize="7.5"/>
                </Word>
                <Word id="w_w2aab1b1b2b5b5ac33" language="English" custom="readingOrder {index:3;}">
                    <Coords points="536,677 659,677 659,704 536,704"/>
                    <TextEquiv>
                        <Unicode>touché...</Unicode>
                    </TextEquiv>
                    <TextStyle fontFamily="Arial" fontSize="7.5"/>
                </Word>
                <Word id="w_w2aab1b1b2b5b5ac53" language="English" custom="readingOrder {index:4;}">
                    <Coords points="672,679 778,679 778,704 672,704"/>
                    <TextEquiv>
                        <Unicode>Gossec</Unicode>
                    </TextEquiv>
                    <TextStyle fontFamily="Arial" fontSize="7.5"/>
                </Word>
                <Word id="w_w2aab1b1b2b5b5ac67" language="English" custom="readingOrder {index:5;}">
                    <Coords points="788,677 887,677 887,712 788,712"/>
                    <TextEquiv>
                        <Unicode>justifie</Unicode>
                    </TextEquiv>
                    <TextStyle fontFamily="Arial" fontSize="7.5"/>
                </Word>
                <Word id="w_w2aab1b1b2b5b5ac85" language="English" custom="readingOrder {index:6;}">
                    <Coords points="899,677 969,677 969,704 899,704"/>
                    <TextEquiv>
                        <Unicode>alors</Unicode>
                    </TextEquiv>
                    <TextStyle fontFamily="Arial" fontSize="7.5"/>
                </Word>
                <Word id="w_w2aab1b1b2b5b5ac97" language="English" custom="readingOrder {index:7;}">
                    <Coords points="983,677 1006,677 1006,704 983,704"/>
                    <TextEquiv>
                        <Unicode>le</Unicode>
                    </TextEquiv>
                    <TextStyle fontFamily="Arial" fontSize="7.5"/>
                </Word>
                <Word id="w_w2aab1b1b2b5b5ad103" language="English" custom="readingOrder {index:8;}">
                    <Coords points="1017,677 1066,677 1066,704 1017,704"/>
                    <TextEquiv>
                        <Unicode>fait</Unicode>
                    </TextEquiv>
                    <TextStyle fontFamily="Arial" fontSize="7.5"/>
                </Word>
                <Word id="w_w2aab1b1b2b5b5ad113" language="English" custom="readingOrder {index:9;}">
                    <Coords points="1077,686 1131,686 1131,712 1077,712"/>
                    <TextEquiv>
                        <Unicode>que</Unicode>
                    </TextEquiv>
                    <TextStyle fontFamily="Arial" fontSize="7.5"/>
                </Word>
                <Word id="w_w2aab1b1b2b5b5ad121" language="English" custom="readingOrder {index:10;}">
                    <Coords points="1144,677 1208,677 1208,704 1144,704"/>
                    <TextEquiv>
                        <Unicode>Mlle</Unicode>
                    </TextEquiv>
                    <TextStyle fontFamily="Arial" fontSize="7.5"/>
                </Word>
                <Word id="w_w2aab1b1b2b5b5ad131" language="English" custom="readingOrder {index:11;}">
                    <Coords points="1221,677 1320,677 1320,704 1221,704"/>
                    <TextEquiv>
                        <Unicode>Mullot</Unicode>
                    </TextEquiv>
                    <TextStyle fontFamily="Arial" fontSize="7.5"/>
                </Word>
                <Word id="w_w2aab1b1b2b5b5ad145" language="English" custom="readingOrder {index:12;}">
                    <Coords points="1331,680 1386,680 1386,704 1331,704"/>
                    <TextEquiv>
                        <Unicode>soit</Unicode>
                    </TextEquiv>
                    <TextStyle fontFamily="Arial" fontSize="7.5"/>
                </Word>
                <Word id="w_w2aab1b1b2b5b5ad155" language="English" custom="readingOrder {index:13;}">
                    <Coords points="1397,680 1492,680 1492,704 1397,704"/>
                    <TextEquiv>
                        <Unicode>entrée</Unicode>
                    </TextEquiv>
                    <TextStyle fontFamily="Arial" fontSize="7.5"/>
                </Word>
                <Word id="w_w2aab1b1b2b5b5ad169" language="English" custom="readingOrder {index:14;}">
                    <Coords points="1504,677 1570,677 1570,704 1504,704"/>
                    <TextEquiv>
                        <Unicode>dans</Unicode>
                    </TextEquiv>
                    <TextStyle fontFamily="Arial" fontSize="7.5"/>
                </Word>
                <Word id="w_w2aab1b1b2b5b5ad179" language="English" custom="readingOrder {index:15;}">
                    <Coords points="1584,677 1621,677 1621,704 1584,704"/>
                    <TextEquiv>
                        <Unicode>les</Unicode>
                    </TextEquiv>
                    <TextStyle fontFamily="Arial" fontSize="7.5"/>
                </Word>
                <Word id="w_w2aab1b1b2b5b5ad187" language="English" custom="readingOrder {index:16;}">
                    <Coords points="1633,677 1745,677 1745,704 1633,704"/>
                    <TextEquiv>
                        <Unicode>choeurs</Unicode>
                    </TextEquiv>
                    <TextStyle fontFamily="Arial" fontSize="7.5"/>
                </Word>
                <Word id="w_w2aab1b1b2b5b5ad203" language="English" custom="readingOrder {index:17;}">
                    <Coords points="1757,677 1792,677 1792,704 1757,704"/>
                    <TextEquiv>
                        <Unicode>de</Unicode>
                    </TextEquiv>
                    <TextStyle fontFamily="Arial" fontSize="7.5"/>
                </Word>
                <Word id="w_w2aab1b1b2b5b5ad209" language="English" custom="readingOrder {index:18;}">
                    <Coords points="1806,677 1911,677 1911,712 1806,712"/>
                    <TextEquiv>
                        <Unicode>l’Opéra</Unicode>
                    </TextEquiv>
                    <TextStyle fontFamily="Arial" fontSize="7.5"/>
                </Word>
                <Word id="w_w2aab1b1b2b5b5ad225" language="English" custom="readingOrder {index:19;}">
                    <Coords points="1924,686 1927,686 1927,704 1924,704"/>
                    <TextEquiv>
                        <Unicode>:</Unicode>
                    </TextEquiv>
                    <TextStyle fontFamily="Arial" fontSize="7.5"/>
                </Word>
                <Word id="w_w2aab1b1b2b5b5ad229" language="English" custom="readingOrder {index:20;}">
                    <Coords points="1939,687 1953,687 1953,700 1939,700"/>
                    <TextEquiv>
                        <Unicode>«</Unicode>
                    </TextEquiv>
                    <TextStyle fontFamily="Arial" fontSize="7.5"/>
                </Word>
                <Word id="w_w2aab1b1b2b5b5ad233" language="English" custom="readingOrder {index:21;}">
                    <Coords points="1964,677 2017,677 2017,704 1964,704"/>
                    <TextEquiv>
                        <Unicode>elle</Unicode>
                    </TextEquiv>
                    <TextStyle fontFamily="Arial" fontSize="7.5"/>
                </Word>
                <Word id="w_w2aab1b1b2b5b5ad243" language="English" custom="readingOrder {index:22;}">
                    <Coords points="2030,677 2065,677 2065,704 2030,704"/>
                    <TextEquiv>
                        <Unicode>n’a</Unicode>
                    </TextEquiv>
                    <TextStyle fontFamily="Arial" fontSize="7.5"/>
                </Word>
                <Word id="w_w2aab1b1b2b5b5ad251" language="English" custom="readingOrder {index:23;}">
                    <Coords points="2078,686 2131,686 2131,713 2078,713"/>
                    <TextEquiv>
                        <Unicode>que</Unicode>
                    </TextEquiv>
                    <TextStyle fontFamily="Arial" fontSize="7.5"/>
                </Word>
                <Word id="w_w2aab1b1b2b5b5ad259" language="English" custom="readingOrder {index:24;}">
                    <Coords points="2143,679 2172,679 2172,704 2143,704"/>
                    <TextEquiv>
                        <Unicode>32</Unicode>
                    </TextEquiv>
                    <TextStyle fontFamily="Arial" fontSize="7.5"/>
                </Word>
                <Word id="w_w2aab1b1b2b5b5ad265" language="English" custom="readingOrder {index:25;}">
                    <Coords points="2184,686 2238,686 2238,708 2184,708"/>
                    <TextEquiv>
                        <Unicode>ans,</Unicode>
                    </TextEquiv>
                    <TextStyle fontFamily="Arial" fontSize="7.5"/>
                </Word>
                <Word id="w_w2aab1b1b2b5b5ad275" language="English" custom="readingOrder {index:26;}">
                    <Coords points="2250,686 2278,686 2278,704 2250,704"/>
                    <TextEquiv>
                        <Unicode>sa</Unicode>
                    </TextEquiv>
                    <TextStyle fontFamily="Arial" fontSize="7.5"/>
                </Word>
                <TextEquiv>
                    <Unicode>n’a encore rien touché... Gossec justifie alors le fait que Mlle Mullot soit entrée dans les choeurs de l’Opéra : « elle n’a que 32 ans, sa</Unicode>
                </TextEquiv>
                <TextStyle fontFamily="Arial" fontSize="7.5"/>
            </TextLine>
            <TextLine id="tl_6" primaryLanguage="English" custom="readingOrder {index:3;}">
                <Coords points="308,722 2278,722 2278,758 308,758"/>
                <Baseline points="308,750 367,750 422,750 510,754 593,750 633,750 750,753 814,750 867,750 1082,750 1265,754 1391,750 1507,749 1657,754 1718,750 1753,750 1912,750 1951,750 2029,750 2073,749 2278,750"/>
                <Word id="w_w2aab1b1b2b5b7ab1" language="English" custom="readingOrder {index:0;}">
                    <Coords points="308,725 367,725 367,750 308,750"/>
                    <TextEquiv>
                        <Unicode>voix</Unicode>
                    </TextEquiv>
                    <TextStyle fontFamily="Arial" fontSize="7.5"/>
                </Word>
                <Word id="w_w2aab1b1b2b5b7ac11" language="English" custom="readingOrder {index:1;}">
                    <Coords points="378,728 422,728 422,750 378,750"/>
                    <TextEquiv>
                        <Unicode>est</Unicode>
                    </TextEquiv>
                    <TextStyle fontFamily="Arial" fontSize="7.5"/>
                </Word>
                <Word id="w_w2aab1b1b2b5b7ac19" language="English" custom="readingOrder {index:2;}">
                    <Coords points="432,723 510,723 510,754 432,754"/>
                    <TextEquiv>
                        <Unicode>belle,</Unicode>
                    </TextEquiv>
                    <TextStyle fontFamily="Arial" fontSize="7.5"/>
                </Word>
                <Word id="w_w2aab1b1b2b5b7ac33" language="English" custom="readingOrder {index:3;}">
                    <Coords points="520,722 593,722 593,750 520,750"/>
                    <TextEquiv>
                        <Unicode>forte</Unicode>
                    </TextEquiv>
                    <TextStyle fontFamily="Arial" fontSize="7.5"/>
                </Word>
                <Word id="w_w2aab1b1b2b5b7ac45" language="English" custom="readingOrder {index:4;}">
                    <Coords points="604,728 633,728 633,750 604,750"/>
                    <TextEquiv>
                        <Unicode>et</Unicode>
                    </TextEquiv>
                    <TextStyle fontFamily="Arial" fontSize="7.5"/>
                </Word>
                <Word id="w_w2aab1b1b2b5b7ac51" language="English" custom="readingOrder {index:5;}">
                    <Coords points="643,732 750,732 750,753 643,753"/>
                    <TextEquiv>
                        <Unicode>sonore,</Unicode>
                    </TextEquiv>
                    <TextStyle fontFamily="Arial" fontSize="7.5"/>
                </Word>
                <Word id="w_w2aab1b1b2b5b7ac67" language="English" custom="readingOrder {index:6;}">
                    <Coords points="761,723 814,723 814,750 761,750"/>
                    <TextEquiv>
                        <Unicode>elle</Unicode>
                    </TextEquiv>
                    <TextStyle fontFamily="Arial" fontSize="7.5"/>
                </Word>
                <Word id="w_w2aab1b1b2b5b7ac77" language="English" custom="readingOrder {index:7;}">
                    <Coords points="824,728 867,728 867,750 824,750"/>
                    <TextEquiv>
                        <Unicode>est</Unicode>
                    </TextEquiv>
                    <TextStyle fontFamily="Arial" fontSize="7.5"/>
                </Word>
                <Word id="w_w2aab1b1b2b5b7ac85" language="English" custom="readingOrder {index:8;}">
                    <Coords points="878,723 1082,723 1082,758 878,758"/>
                    <TextEquiv>
                        <Unicode>passablement</Unicode>
                    </TextEquiv>
                    <TextStyle fontFamily="Arial" fontSize="7.5"/>
                </Word>
                <Word id="w_w2aab1b1b2b5b7ad111" language="English" custom="readingOrder {index:9;}">
                    <Coords points="1093,725 1265,725 1265,754 1093,754"/>
                    <TextEquiv>
                        <Unicode>musicienne,</Unicode>
                    </TextEquiv>
                    <TextStyle fontFamily="Arial" fontSize="7.5"/>
                </Word>
                <Word id="w_w2aab1b1b2b5b7ad135" language="English" custom="readingOrder {index:10;}">
                    <Coords points="1276,726 1391,726 1391,750 1276,750"/>
                    <TextEquiv>
                        <Unicode>connoit</Unicode>
                    </TextEquiv>
                    <TextStyle fontFamily="Arial" fontSize="7.5"/>
                </Word>
                <Word id="w_w2aab1b1b2b5b7ad151" language="English" custom="readingOrder {index:11;}">
                    <Coords points="1402,723 1507,723 1507,750 1402,750"/>
                    <TextEquiv>
                        <Unicode>l’action</Unicode>
                    </TextEquiv>
                    <TextStyle fontFamily="Arial" fontSize="7.5"/>
                </Word>
                <Word id="w_w2aab1b1b2b5b7ad169" language="English" custom="readingOrder {index:12;}">
                    <Coords points="1517,723 1657,723 1657,754 1517,754"/>
                    <TextEquiv>
                        <Unicode>théâtrale,</Unicode>
                    </TextEquiv>
                    <TextStyle fontFamily="Arial" fontSize="7.5"/>
                </Word>
                <Word id="w_w2aab1b1b2b5b7ad191" language="English" custom="readingOrder {index:13;}">
                    <Coords points="1668,725 1718,725 1718,750 1668,750"/>
                    <TextEquiv>
                        <Unicode>sait</Unicode>
                    </TextEquiv>
                    <TextStyle fontFamily="Arial" fontSize="7.5"/>
                </Word>
                <Word id="w_w2aab1b1b2b5b7ad201" language="English" custom="readingOrder {index:14;}">
                    <Coords points="1730,723 1753,723 1753,750 1730,750"/>
                    <TextEquiv>
                        <Unicode>le</Unicode>
                    </TextEquiv>
                    <TextStyle fontFamily="Arial" fontSize="7.5"/>
                </Word>
                <Word id="w_w2aab1b1b2b5b7ad207" language="English" custom="readingOrder {index:15;}">
                    <Coords points="1765,726 1912,726 1912,758 1765,758"/>
                    <TextEquiv>
                        <Unicode>répertoire</Unicode>
                    </TextEquiv>
                    <TextStyle fontFamily="Arial" fontSize="7.5"/>
                </Word>
                <Word id="w_w2aab1b1b2b5b7ad229" language="English" custom="readingOrder {index:16;}">
                    <Coords points="1923,728 1951,728 1951,750 1923,750"/>
                    <TextEquiv>
                        <Unicode>et</Unicode>
                    </TextEquiv>
                    <TextStyle fontFamily="Arial" fontSize="7.5"/>
                </Word>
                <Word id="w_w2aab1b1b2b5b7ad235" language="English" custom="readingOrder {index:17;}">
                    <Coords points="1963,728 2029,728 2029,758 1963,758"/>
                    <TextEquiv>
                        <Unicode>peut</Unicode>
                    </TextEquiv>
                    <TextStyle fontFamily="Arial" fontSize="7.5"/>
                </Word>
                <Word id="w_w2aab1b1b2b5b7ad245" language="English" custom="readingOrder {index:18;}">
                    <Coords points="2039,732 2073,732 2073,750 2039,750"/>
                    <TextEquiv>
                        <Unicode>en</Unicode>
                    </TextEquiv>
                    <TextStyle fontFamily="Arial" fontSize="7.5"/>
                </Word>
                <Word id="w_w2aab1b1b2b5b7ad251" language="English" custom="readingOrder {index:19;}">
                    <Coords points="2084,732 2278,732 2278,758 2084,758"/>
                    <TextEquiv>
                        <Unicode>conséquence</Unicode>
                    </TextEquiv>
                    <TextStyle fontFamily="Arial" fontSize="7.5"/>
                </Word>
                <TextEquiv>
                    <Unicode>voix est belle, forte et sonore, elle est passablement musicienne, connoit l’action théâtrale, sait le répertoire et peut en conséquence</Unicode>
                </TextEquiv>
                <TextStyle fontFamily="Arial" fontSize="7.5"/>
            </TextLine>
            <TextLine id="tl_7" primaryLanguage="English" custom="readingOrder {index:4;}">
                <Coords points="308,768 2278,768 2278,804 308,804"/>
                <Baseline points="308,804 401,795 444,795 579,795 613,795 680,795 710,795 738,791 806,799 945,795 986,795 1054,799 1104,795 1221,795 1297,795 1445,795 1474,795 1602,799 1677,795 1738,795 1802,795 1939,795 2111,795 2179,795 2241,795 2278,795"/>
                <Word id="w_w2aab1b1b2b5b9ab1" language="English" custom="readingOrder {index:0;}">
                    <Coords points="308,768 401,768 401,804 308,804"/>
                    <TextEquiv>
                        <Unicode>guider</Unicode>
                    </TextEquiv>
                    <TextStyle fontFamily="Arial" fontSize="7.5"/>
                </Word>
                <Word id="w_w2aab1b1b2b5b9ac15" language="English" custom="readingOrder {index:1;}">
                    <Coords points="415,777 444,777 444,795 415,795"/>
                    <TextEquiv>
                        <Unicode>sa</Unicode>
                    </TextEquiv>
                    <TextStyle fontFamily="Arial" fontSize="7.5"/>
                </Word>
                <Word id="w_w2aab1b1b2b5b9ac21" language="English" custom="readingOrder {index:2;}">
                    <Coords points="459,768 579,768 579,796 459,796"/>
                    <TextEquiv>
                        <Unicode>colonne</Unicode>
                    </TextEquiv>
                    <TextStyle fontFamily="Arial" fontSize="7.5"/>
                </Word>
                <Word id="w_w2aab1b1b2b5b9ac37" language="English" custom="readingOrder {index:3;}">
                    <Coords points="594,778 613,778 613,795 594,795"/>
                    <TextEquiv>
                        <Unicode>».</Unicode>
                    </TextEquiv>
                    <TextStyle fontFamily="Arial" fontSize="7.5"/>
                </Word>
                <Word id="w_w2aab1b1b2b5b9ac43" language="English" custom="readingOrder {index:4;}">
                    <Coords points="630,768 680,768 680,795 630,795"/>
                    <TextEquiv>
                        <Unicode>Elle</Unicode>
                    </TextEquiv>
                    <TextStyle fontFamily="Arial" fontSize="7.5"/>
                </Word>
                <Word id="w_w2aab1b1b2b5b9ac53" language="English" custom="readingOrder {index:5;}">
                    <Coords points="696,777 710,777 710,795 696,795"/>
                    <TextEquiv>
                        <Unicode>a</Unicode>
                    </TextEquiv>
                    <TextStyle fontFamily="Arial" fontSize="7.5"/>
                </Word>
                <Word id="w_w2aab1b1b2b5b9ac57" language="English" custom="readingOrder {index:6;}">
                    <Coords points="724,778 738,778 738,791 724,791"/>
                    <TextEquiv>
                        <Unicode>«</Unicode>
                    </TextEquiv>
                    <TextStyle fontFamily="Arial" fontSize="7.5"/>
                </Word>
                <Word id="w_w2aab1b1b2b5b9ac61" language="English" custom="readingOrder {index:7;}">
                    <Coords points="752,768 806,768 806,799 752,799"/>
                    <TextEquiv>
                        <Unicode>fait,</Unicode>
                    </TextEquiv>
                    <TextStyle fontFamily="Arial" fontSize="7.5"/>
                </Word>
                <Word id="w_w2aab1b1b2b5b9ac73" language="English" custom="readingOrder {index:8;}">
                    <Coords points="823,768 945,768 945,804 823,804"/>
                    <TextEquiv>
                        <Unicode>pendant</Unicode>
                    </TextEquiv>
                    <TextStyle fontFamily="Arial" fontSize="7.5"/>
                </Word>
                <Word id="w_w2aab1b1b2b5b9ac89" language="English" custom="readingOrder {index:9;}">
                    <Coords points="958,770 986,770 986,795 958,795"/>
                    <TextEquiv>
                        <Unicode>16</Unicode>
                    </TextEquiv>
                    <TextStyle fontFamily="Arial" fontSize="7.5"/>
                </Word>
                <Word id="w_w2aab1b1b2b5b9ac95" language="English" custom="readingOrder {index:10;}">
                    <Coords points="1001,777 1054,777 1054,799 1001,799"/>
                    <TextEquiv>
                        <Unicode>ans,</Unicode>
                    </TextEquiv>
                    <TextStyle fontFamily="Arial" fontSize="7.5"/>
                </Word>
                <Word id="w_w2aab1b1b2b5b9ad105" language="English" custom="readingOrder {index:11;}">
                    <Coords points="1071,777 1104,777 1104,795 1071,795"/>
                    <TextEquiv>
                        <Unicode>un</Unicode>
                    </TextEquiv>
                    <TextStyle fontFamily="Arial" fontSize="7.5"/>
                </Word>
                <Word id="w_w2aab1b1b2b5b9ad111" language="English" custom="readingOrder {index:12;}">
                    <Coords points="1120,771 1221,771 1221,795 1120,795"/>
                    <TextEquiv>
                        <Unicode>service</Unicode>
                    </TextEquiv>
                    <TextStyle fontFamily="Arial" fontSize="7.5"/>
                </Word>
                <Word id="w_w2aab1b1b2b5b9ad127" language="English" custom="readingOrder {index:13;}">
                    <Coords points="1236,777 1297,777 1297,795 1236,795"/>
                    <TextEquiv>
                        <Unicode>sans</Unicode>
                    </TextEquiv>
                    <TextStyle fontFamily="Arial" fontSize="7.5"/>
                </Word>
                <Word id="w_w2aab1b1b2b5b9ad137" language="English" custom="readingOrder {index:14;}">
                    <Coords points="1313,768 1445,768 1445,804 1313,804"/>
                    <TextEquiv>
                        <Unicode>reproche</Unicode>
                    </TextEquiv>
                    <TextStyle fontFamily="Arial" fontSize="7.5"/>
                </Word>
                <Word id="w_w2aab1b1b2b5b9ad155" language="English" custom="readingOrder {index:15;}">
                    <Coords points="1460,771 1474,771 1474,795 1460,795"/>
                    <TextEquiv>
                        <Unicode>à</Unicode>
                    </TextEquiv>
                    <TextStyle fontFamily="Arial" fontSize="7.5"/>
                </Word>
                <Word id="w_w2aab1b1b2b5b9ad159" language="English" custom="readingOrder {index:16;}">
                    <Coords points="1490,768 1602,768 1602,804 1490,804"/>
                    <TextEquiv>
                        <Unicode>l'Opéra,</Unicode>
                    </TextEquiv>
                    <TextStyle fontFamily="Arial" fontSize="7.5"/>
                </Word>
                <Word id="w_w2aab1b1b2b5b9ad177" language="English" custom="readingOrder {index:17;}">
                    <Coords points="1617,773 1677,773 1677,795 1617,795"/>
                    <TextEquiv>
                        <Unicode>tant</Unicode>
                    </TextEquiv>
                    <TextStyle fontFamily="Arial" fontSize="7.5"/>
                </Word>
                <Word id="w_w2aab1b1b2b5b9ad187" language="English" custom="readingOrder {index:18;}">
                    <Coords points="1692,777 1738,777 1738,804 1692,804"/>
                    <TextEquiv>
                        <Unicode>par</Unicode>
                    </TextEquiv>
                    <TextStyle fontFamily="Arial" fontSize="7.5"/>
                </Word>
                <Word id="w_w2aab1b1b2b5b9ad195" language="English" custom="readingOrder {index:19;}">
                    <Coords points="1752,777 1802,777 1802,795 1752,795"/>
                    <TextEquiv>
                        <Unicode>son</Unicode>
                    </TextEquiv>
                    <TextStyle fontFamily="Arial" fontSize="7.5"/>
                </Word>
                <Word id="w_w2aab1b1b2b5b9ad203" language="English" custom="readingOrder {index:20;}">
                    <Coords points="1818,771 1939,771 1939,795 1818,795"/>
                    <TextEquiv>
                        <Unicode>extrême</Unicode>
                    </TextEquiv>
                    <TextStyle fontFamily="Arial" fontSize="7.5"/>
                </Word>
                <Word id="w_w2aab1b1b2b5b9ad219" language="English" custom="readingOrder {index:21;}">
                    <Coords points="1954,768 2111,768 2111,795 1954,795"/>
                    <TextEquiv>
                        <Unicode>exactitude</Unicode>
                    </TextEquiv>
                    <TextStyle fontFamily="Arial" fontSize="7.5"/>
                </Word>
                <Word id="w_w2aab1b1b2b5b9ad241" language="English" custom="readingOrder {index:22;}">
                    <Coords points="2126,777 2179,777 2179,804 2126,804"/>
                    <TextEquiv>
                        <Unicode>que</Unicode>
                    </TextEquiv>
                    <TextStyle fontFamily="Arial" fontSize="7.5"/>
                </Word>
                <Word id="w_w2aab1b1b2b5b9ad249" language="English" custom="readingOrder {index:23;}">
                    <Coords points="2195,777 2241,777 2241,804 2195,804"/>
                    <TextEquiv>
                        <Unicode>par</Unicode>
                    </TextEquiv>
                    <TextStyle fontFamily="Arial" fontSize="7.5"/>
                </Word>
                <Word id="w_w2aab1b1b2b5b9ad257" language="English" custom="readingOrder {index:24;}">
                    <Coords points="2257,768 2278,768 2278,795 2257,795"/>
                    <TextEquiv>
                        <Unicode>la</Unicode>
                    </TextEquiv>
                    <TextStyle fontFamily="Arial" fontSize="7.5"/>
                </Word>
                <TextEquiv>
                    <Unicode>guider sa colonne ». Elle a « fait, pendant 16 ans, un service sans reproche à l'Opéra, tant par son extrême exactitude que par la</Unicode>
                </TextEquiv>
                <TextStyle fontFamily="Arial" fontSize="7.5"/>
            </TextLine>
            <TextLine id="tl_8" primaryLanguage="English" custom="readingOrder {index:5;}">
                <Coords points="310,813 2279,813 2279,849 310,849"/>
                <Baseline points="310,841 426,841 507,841 570,841 595,841 698,841 748,841 830,841 969,841 1009,841 1167,841 1248,841 1310,841 1336,841 1393,841 1525,841 1580,840 1659,841 1774,841 1879,841 1927,841 2016,841 2062,841 2102,841 2220,841 2245,841 2279,841"/>
                <Word id="w_w2aab1b1b2b5c11ab1" language="English" custom="readingOrder {index:0;}">
                    <Coords points="310,817 426,817 426,841 310,841"/>
                    <TextEquiv>
                        <Unicode>maniéré</Unicode>
                    </TextEquiv>
                    <TextStyle fontFamily="Arial" fontSize="7.5"/>
                </Word>
                <Word id="w_w2aab1b1b2b5c11ac17" language="English" custom="readingOrder {index:1;}">
                    <Coords points="437,814 507,814 507,841 437,841"/>
                    <TextEquiv>
                        <Unicode>dont</Unicode>
                    </TextEquiv>
                    <TextStyle fontFamily="Arial" fontSize="7.5"/>
                </Word>
                <Word id="w_w2aab1b1b2b5c11ac27" language="English" custom="readingOrder {index:2;}">
                    <Coords points="518,814 570,814 570,841 518,841"/>
                    <TextEquiv>
                        <Unicode>elle</Unicode>
                    </TextEquiv>
                    <TextStyle fontFamily="Arial" fontSize="7.5"/>
                </Word>
                <Word id="w_w2aab1b1b2b5c11ac37" language="English" custom="readingOrder {index:3;}">
                    <Coords points="581,823 595,823 595,841 581,841"/>
                    <TextEquiv>
                        <Unicode>a</Unicode>
                    </TextEquiv>
                    <TextStyle fontFamily="Arial" fontSize="7.5"/>
                </Word>
                <Word id="w_w2aab1b1b2b5c11ac41" language="English" custom="readingOrder {index:4;}">
                    <Coords points="607,813 698,813 698,849 607,849"/>
                    <TextEquiv>
                        <Unicode>rempli</Unicode>
                    </TextEquiv>
                    <TextStyle fontFamily="Arial" fontSize="7.5"/>
                </Word>
                <Word id="w_w2aab1b1b2b5c11ac55" language="English" custom="readingOrder {index:5;}">
                    <Coords points="711,814 748,814 748,841 711,841"/>
                    <TextEquiv>
                        <Unicode>les</Unicode>
                    </TextEquiv>
                    <TextStyle fontFamily="Arial" fontSize="7.5"/>
                </Word>
                <Word id="w_w2aab1b1b2b5c11ac63" language="English" custom="readingOrder {index:6;}">
                    <Coords points="761,814 830,814 830,841 761,841"/>
                    <TextEquiv>
                        <Unicode>rôles</Unicode>
                    </TextEquiv>
                    <TextStyle fontFamily="Arial" fontSize="7.5"/>
                </Word>
                <Word id="w_w2aab1b1b2b5c11ac75" language="English" custom="readingOrder {index:7;}">
                    <Coords points="842,817 969,817 969,849 842,849"/>
                    <TextEquiv>
                        <Unicode>premiers</Unicode>
                    </TextEquiv>
                    <TextStyle fontFamily="Arial" fontSize="7.5"/>
                </Word>
                <Word id="w_w2aab1b1b2b5c11ac93" language="English" custom="readingOrder {index:8;}">
                    <Coords points="980,819 1009,819 1009,841 980,841"/>
                    <TextEquiv>
                        <Unicode>et</Unicode>
                    </TextEquiv>
                    <TextStyle fontFamily="Arial" fontSize="7.5"/>
                </Word>
                <Word id="w_w2aab1b1b2b5c11ac99" language="English" custom="readingOrder {index:9;}">
                    <Coords points="1019,817 1167,817 1167,841 1019,841"/>
                    <TextEquiv>
                        <Unicode>accessoirs</Unicode>
                    </TextEquiv>
                    <TextStyle fontFamily="Arial" fontSize="7.5"/>
                </Word>
                <Word id="w_w2aab1b1b2b5c11ad121" language="English" custom="readingOrder {index:10;}">
                    <Coords points="1178,814 1248,814 1248,841 1178,841"/>
                    <TextEquiv>
                        <Unicode>dont</Unicode>
                    </TextEquiv>
                    <TextStyle fontFamily="Arial" fontSize="7.5"/>
                </Word>
                <Word id="w_w2aab1b1b2b5c11ad131" language="English" custom="readingOrder {index:11;}">
                    <Coords points="1258,814 1310,814 1310,841 1258,841"/>
                    <TextEquiv>
                        <Unicode>elle</Unicode>
                    </TextEquiv>
                    <TextStyle fontFamily="Arial" fontSize="7.5"/>
                </Word>
                <Word id="w_w2aab1b1b2b5c11ad141" language="English" custom="readingOrder {index:12;}">
                    <Coords points="1321,823 1336,823 1336,841 1321,841"/>
                    <TextEquiv>
                        <Unicode>a</Unicode>
                    </TextEquiv>
                    <TextStyle fontFamily="Arial" fontSize="7.5"/>
                </Word>
                <Word id="w_w2aab1b1b2b5c11ad145" language="English" custom="readingOrder {index:13;}">
                    <Coords points="1346,817 1393,817 1393,841 1346,841"/>
                    <TextEquiv>
                        <Unicode>été</Unicode>
                    </TextEquiv>
                    <TextStyle fontFamily="Arial" fontSize="7.5"/>
                </Word>
                <Word id="w_w2aab1b1b2b5c11ad153" language="English" custom="readingOrder {index:14;}">
                    <Coords points="1404,814 1525,814 1525,849 1404,849"/>
                    <TextEquiv>
                        <Unicode>chargée.</Unicode>
                    </TextEquiv>
                    <TextStyle fontFamily="Arial" fontSize="7.5"/>
                </Word>
                <Word id="w_w2aab1b1b2b5c11ad171" language="English" custom="readingOrder {index:15;}">
                    <Coords points="1536,816 1580,816 1580,841 1536,841"/>
                    <TextEquiv>
                        <Unicode>On</Unicode>
                    </TextEquiv>
                    <TextStyle fontFamily="Arial" fontSize="7.5"/>
                </Word>
                <Word id="w_w2aab1b1b2b5c11ad177" language="English" custom="readingOrder {index:16;}">
                    <Coords points="1592,819 1659,819 1659,849 1592,849"/>
                    <TextEquiv>
                        <Unicode>peut</Unicode>
                    </TextEquiv>
                    <TextStyle fontFamily="Arial" fontSize="7.5"/>
                </Word>
                <Word id="w_w2aab1b1b2b5c11ad187" language="English" custom="readingOrder {index:17;}">
                    <Coords points="1669,817 1774,817 1774,849 1669,849"/>
                    <TextEquiv>
                        <Unicode>ajouter</Unicode>
                    </TextEquiv>
                    <TextStyle fontFamily="Arial" fontSize="7.5"/>
                </Word>
                <Word id="w_w2aab1b1b2b5c11ad203" language="English" custom="readingOrder {index:18;}">
                    <Coords points="1785,814 1879,814 1879,849 1785,849"/>
                    <TextEquiv>
                        <Unicode>qu’elle</Unicode>
                    </TextEquiv>
                    <TextStyle fontFamily="Arial" fontSize="7.5"/>
                </Word>
                <Word id="w_w2aab1b1b2b5c11ad219" language="English" custom="readingOrder {index:19;}">
                    <Coords points="1891,813 1927,813 1927,841 1891,841"/>
                    <TextEquiv>
                        <Unicode>n’a</Unicode>
                    </TextEquiv>
                    <TextStyle fontFamily="Arial" fontSize="7.5"/>
                </Word>
                <Word id="w_w2aab1b1b2b5c11ad227" language="English" custom="readingOrder {index:20;}">
                    <Coords points="1939,817 2016,817 2016,849 1939,849"/>
                    <TextEquiv>
                        <Unicode>point</Unicode>
                    </TextEquiv>
                    <TextStyle fontFamily="Arial" fontSize="7.5"/>
                </Word>
                <Word id="w_w2aab1b1b2b5c11ad239" language="English" custom="readingOrder {index:21;}">
                    <Coords points="2027,814 2062,814 2062,841 2027,841"/>
                    <TextEquiv>
                        <Unicode>dû</Unicode>
                    </TextEquiv>
                    <TextStyle fontFamily="Arial" fontSize="7.5"/>
                </Word>
                <Word id="w_w2aab1b1b2b5c11ad245" language="English" custom="readingOrder {index:22;}">
                    <Coords points="2074,823 2102,823 2102,841 2074,841"/>
                    <TextEquiv>
                        <Unicode>sa</Unicode>
                    </TextEquiv>
                    <TextStyle fontFamily="Arial" fontSize="7.5"/>
                </Word>
                <Word id="w_w2aab1b1b2b5c11ad251" language="English" custom="readingOrder {index:23;}">
                    <Coords points="2114,817 2220,817 2220,841 2114,841"/>
                    <TextEquiv>
                        <Unicode>retraite</Unicode>
                    </TextEquiv>
                    <TextStyle fontFamily="Arial" fontSize="7.5"/>
                </Word>
                <Word id="w_w2aab1b1b2b5c11ad269" language="English" custom="readingOrder {index:24;}">
                    <Coords points="2230,816 2245,816 2245,841 2230,841"/>
                    <TextEquiv>
                        <Unicode>à</Unicode>
                    </TextEquiv>
                    <TextStyle fontFamily="Arial" fontSize="7.5"/>
                </Word>
                <Word id="w_w2aab1b1b2b5c11ad273" language="English" custom="readingOrder {index:25;}">
                    <Coords points="2257,814 2279,814 2279,841 2257,841"/>
                    <TextEquiv>
                        <Unicode>la</Unicode>
                    </TextEquiv>
                    <TextStyle fontFamily="Arial" fontSize="7.5"/>
                </Word>
                <TextEquiv>
                    <Unicode>maniéré dont elle a rempli les rôles premiers et accessoirs dont elle a été chargée. On peut ajouter qu’elle n’a point dû sa retraite à la</Unicode>
                </TextEquiv>
                <TextStyle fontFamily="Arial" fontSize="7.5"/>
            </TextLine>
            <TextLine id="tl_9" primaryLanguage="English" custom="readingOrder {index:6;}">
                <Coords points="310,859 2278,859 2278,895 310,895"/>
                <Baseline points="310,895 387,886 434,886 489,886 606,886 774,886 824,886 967,886 1079,886 1154,886 1185,886 1303,887 1362,886 1474,886 1583,886 1643,887 1770,886 1898,886 1945,886 2021,886 2143,886 2186,887 2278,886"/>
                <Word id="w_w2aab1b1b2b5c13ab1" language="English" custom="readingOrder {index:0;}">
                    <Coords points="310,865 387,865 387,895 310,895"/>
                    <TextEquiv>
                        <Unicode>perte</Unicode>
                    </TextEquiv>
                    <TextStyle fontFamily="Arial" fontSize="7.5"/>
                </Word>
                <Word id="w_w2aab1b1b2b5c13ac13" language="English" custom="readingOrder {index:1;}">
                    <Coords points="399,859 434,859 434,886 399,886"/>
                    <TextEquiv>
                        <Unicode>de</Unicode>
                    </TextEquiv>
                    <TextStyle fontFamily="Arial" fontSize="7.5"/>
                </Word>
                <Word id="w_w2aab1b1b2b5c13ac19" language="English" custom="readingOrder {index:2;}">
                    <Coords points="446,869 489,869 489,887 446,887"/>
                    <TextEquiv>
                        <Unicode>ses</Unicode>
                    </TextEquiv>
                    <TextStyle fontFamily="Arial" fontSize="7.5"/>
                </Word>
                <Word id="w_w2aab1b1b2b5c13ac27" language="English" custom="readingOrder {index:3;}">
                    <Coords points="501,863 606,863 606,886 501,886"/>
                    <TextEquiv>
                        <Unicode>moïens</Unicode>
                    </TextEquiv>
                    <TextStyle fontFamily="Arial" fontSize="7.5"/>
                </Word>
                <Word id="w_w2aab1b1b2b5c13ac41" language="English" custom="readingOrder {index:4;}">
                    <Coords points="619,859 774,859 774,895 619,895"/>
                    <TextEquiv>
                        <Unicode>puisqu’elle</Unicode>
                    </TextEquiv>
                    <TextStyle fontFamily="Arial" fontSize="7.5"/>
                </Word>
                <Word id="w_w2aab1b1b2b5c13ac65" language="English" custom="readingOrder {index:5;}">
                    <Coords points="787,859 824,859 824,886 787,886"/>
                    <TextEquiv>
                        <Unicode>les</Unicode>
                    </TextEquiv>
                    <TextStyle fontFamily="Arial" fontSize="7.5"/>
                </Word>
                <Word id="w_w2aab1b1b2b5c13ac73" language="English" custom="readingOrder {index:6;}">
                    <Coords points="835,868 967,868 967,887 835,887"/>
                    <TextEquiv>
                        <Unicode>conserve</Unicode>
                    </TextEquiv>
                    <TextStyle fontFamily="Arial" fontSize="7.5"/>
                </Word>
                <Word id="w_w2aab1b1b2b5c13ac91" language="English" custom="readingOrder {index:7;}">
                    <Coords points="979,868 1079,868 1079,887 979,887"/>
                    <TextEquiv>
                        <Unicode>encore</Unicode>
                    </TextEquiv>
                    <TextStyle fontFamily="Arial" fontSize="7.5"/>
                </Word>
                <Word id="w_w2aab1b1b2b5c13ad105" language="English" custom="readingOrder {index:8;}">
                    <Coords points="1090,864 1154,864 1154,887 1090,887"/>
                    <TextEquiv>
                        <Unicode>tous</Unicode>
                    </TextEquiv>
                    <TextStyle fontFamily="Arial" fontSize="7.5"/>
                </Word>
                <Word id="w_w2aab1b1b2b5c13ad115" language="English" custom="readingOrder {index:9;}">
                    <Coords points="1165,869 1185,869 1185,886 1165,886"/>
                    <TextEquiv>
                        <Unicode>».</Unicode>
                    </TextEquiv>
                    <TextStyle fontFamily="Arial" fontSize="7.5"/>
                </Word>
                <Word id="w_w2aab1b1b2b5c13ad121" language="English" custom="readingOrder {index:10;}">
                    <Coords points="1197,862 1303,862 1303,887 1197,887"/>
                    <TextEquiv>
                        <Unicode>Gossec</Unicode>
                    </TextEquiv>
                    <TextStyle fontFamily="Arial" fontSize="7.5"/>
                </Word>
                <Word id="w_w2aab1b1b2b5c13ad135" language="English" custom="readingOrder {index:11;}">
                    <Coords points="1314,859 1362,859 1362,886 1314,886"/>
                    <TextEquiv>
                        <Unicode>fait</Unicode>
                    </TextEquiv>
                    <TextStyle fontFamily="Arial" fontSize="7.5"/>
                </Word>
                <Word id="w_w2aab1b1b2b5c13ad145" language="English" custom="readingOrder {index:12;}">
                    <Coords points="1373,868 1474,868 1474,887 1373,887"/>
                    <TextEquiv>
                        <Unicode>encore</Unicode>
                    </TextEquiv>
                    <TextStyle fontFamily="Arial" fontSize="7.5"/>
                </Word>
                <Word id="w_w2aab1b1b2b5c13ad159" language="English" custom="readingOrder {index:13;}">
                    <Coords points="1487,859 1583,859 1583,895 1487,895"/>
                    <TextEquiv>
                        <Unicode>l’éloge</Unicode>
                    </TextEquiv>
                    <TextStyle fontFamily="Arial" fontSize="7.5"/>
                </Word>
                <Word id="w_w2aab1b1b2b5c13ad175" language="English" custom="readingOrder {index:14;}">
                    <Coords points="1594,859 1643,859 1643,887 1594,887"/>
                    <TextEquiv>
                        <Unicode>des</Unicode>
                    </TextEquiv>
                    <TextStyle fontFamily="Arial" fontSize="7.5"/>
                </Word>
                <Word id="w_w2aab1b1b2b5c13ad183" language="English" custom="readingOrder {index:15;}">
                    <Coords points="1655,859 1770,859 1770,895 1655,895"/>
                    <TextEquiv>
                        <Unicode>qualités</Unicode>
                    </TextEquiv>
                    <TextStyle fontFamily="Arial" fontSize="7.5"/>
                </Word>
                <Word id="w_w2aab1b1b2b5c13ad201" language="English" custom="readingOrder {index:16;}">
                    <Coords points="1782,859 1898,859 1898,887 1782,887"/>
                    <TextEquiv>
                        <Unicode>morales</Unicode>
                    </TextEquiv>
                    <TextStyle fontFamily="Arial" fontSize="7.5"/>
                </Word>
                <Word id="w_w2aab1b1b2b5c13ad217" language="English" custom="readingOrder {index:17;}">
                    <Coords points="1909,859 1945,859 1945,886 1909,886"/>
                    <TextEquiv>
                        <Unicode>de</Unicode>
                    </TextEquiv>
                    <TextStyle fontFamily="Arial" fontSize="7.5"/>
                </Word>
                <Word id="w_w2aab1b1b2b5c13ad223" language="English" custom="readingOrder {index:18;}">
                    <Coords points="1957,859 2021,859 2021,886 1957,886"/>
                    <TextEquiv>
                        <Unicode>Mlle</Unicode>
                    </TextEquiv>
                    <TextStyle fontFamily="Arial" fontSize="7.5"/>
                </Word>
                <Word id="w_w2aab1b1b2b5c13ad233" language="English" custom="readingOrder {index:19;}">
                    <Coords points="2034,859 2143,859 2143,886 2034,886"/>
                    <TextEquiv>
                        <Unicode>Mulot...</Unicode>
                    </TextEquiv>
                    <TextStyle fontFamily="Arial" fontSize="7.5"/>
                </Word>
                <Word id="w_w2aab1b1b2b5c13ad251" language="English" custom="readingOrder {index:20;}">
                    <Coords points="2157,862 2186,862 2186,887 2157,887"/>
                    <TextEquiv>
                        <Unicode>La</Unicode>
                    </TextEquiv>
                    <TextStyle fontFamily="Arial" fontSize="7.5"/>
                </Word>
                <Word id="w_w2aab1b1b2b5c13ad257" language="English" custom="readingOrder {index:21;}">
                    <Coords points="2199,859 2278,859 2278,886 2199,886"/>
                    <TextEquiv>
                        <Unicode>lettre</Unicode>
                    </TextEquiv>
                    <TextStyle fontFamily="Arial" fontSize="7.5"/>
                </Word>
                <TextEquiv>
                    <Unicode>perte de ses moïens puisqu’elle les conserve encore tous ». Gossec fait encore l’éloge des qualités morales de Mlle Mulot... La lettre</Unicode>
                </TextEquiv>
                <TextStyle fontFamily="Arial" fontSize="7.5"/>
            </TextLine>
            <TextLine id="tl_10" primaryLanguage="English" custom="readingOrder {index:7;}">
                <Coords points="309,905 1334,905 1334,940 309,940"/>
                <Baseline points="309,932 352,932 553,932 611,932 661,932 686,927 774,932 821,932 916,932 940,927 966,932 1084,931 1110,932 1179,932 1334,932"/>
                <Word id="w_w2aab1b1b2b5c15ab1" language="English" custom="readingOrder {index:0;}">
                    <Coords points="309,910 352,910 352,932 309,932"/>
                    <TextEquiv>
                        <Unicode>est</Unicode>
                    </TextEquiv>
                    <TextStyle fontFamily="Arial" fontSize="7.5"/>
                </Word>
                <Word id="w_w2aab1b1b2b5c15ab9" language="English" custom="readingOrder {index:1;}">
                    <Coords points="363,908 553,908 553,940 363,940"/>
                    <TextEquiv>
                        <Unicode>contresignée</Unicode>
                    </TextEquiv>
                    <TextStyle fontFamily="Arial" fontSize="7.5"/>
                </Word>
                <Word id="w_w2aab1b1b2b5c15ac35" language="English" custom="readingOrder {index:2;}">
                    <Coords points="566,914 611,914 611,940 566,940"/>
                    <TextEquiv>
                        <Unicode>par</Unicode>
                    </TextEquiv>
                    <TextStyle fontFamily="Arial" fontSize="7.5"/>
                </Word>
                <Word id="w_w2aab1b1b2b5c15ac43" language="English" custom="readingOrder {index:3;}">
                    <Coords points="623,905 661,905 661,932 623,932"/>
                    <TextEquiv>
                        <Unicode>les</Unicode>
                    </TextEquiv>
                    <TextStyle fontFamily="Arial" fontSize="7.5"/>
                </Word>
                <Word id="w_w2aab1b1b2b5c15ac51" language="English" custom="readingOrder {index:4;}">
                    <Coords points="672,915 686,915 686,927 672,927"/>
                    <TextEquiv>
                        <Unicode>«</Unicode>
                    </TextEquiv>
                    <TextStyle fontFamily="Arial" fontSize="7.5"/>
                </Word>
                <Word id="w_w2aab1b1b2b5c15ac55" language="English" custom="readingOrder {index:5;}">
                    <Coords points="697,905 774,905 774,932 697,932"/>
                    <TextEquiv>
                        <Unicode>chefs</Unicode>
                    </TextEquiv>
                    <TextStyle fontFamily="Arial" fontSize="7.5"/>
                </Word>
                <Word id="w_w2aab1b1b2b5c15ac67" language="English" custom="readingOrder {index:6;}">
                    <Coords points="786,905 821,905 821,932 786,932"/>
                    <TextEquiv>
                        <Unicode>du</Unicode>
                    </TextEquiv>
                    <TextStyle fontFamily="Arial" fontSize="7.5"/>
                </Word>
                <Word id="w_w2aab1b1b2b5c15ac73" language="English" custom="readingOrder {index:7;}">
                    <Coords points="833,905 916,905 916,932 833,932"/>
                    <TextEquiv>
                        <Unicode>chant</Unicode>
                    </TextEquiv>
                    <TextStyle fontFamily="Arial" fontSize="7.5"/>
                </Word>
                <Word id="w_w2aab1b1b2b5c15ac85" language="English" custom="readingOrder {index:8;}">
                    <Coords points="927,915 940,915 940,927 927,927"/>
                    <TextEquiv>
                        <Unicode>»</Unicode>
                    </TextEquiv>
                    <TextStyle fontFamily="Arial" fontSize="7.5"/>
                </Word>
                <Word id="w_w2aab1b1b2b5c15ac89" language="English" custom="readingOrder {index:9;}">
                    <Coords points="951,907 1042,907 1042,932 951,932"/>
                    <TextEquiv>
                        <Unicode>Simon</Unicode>
                    </TextEquiv>
                    <TextStyle fontFamily="Arial" fontSize="7.5"/>
                </Word>
                <Word id="w_w2aab1b1b2b5c15b1b1" language="English" custom="readingOrder {index:10;}">
                    <Coords points="1055,908 1084,908 1084,932 1055,932"/>
                    <TextEquiv>
                        <Unicode>La</Unicode>
                    </TextEquiv>
                    <TextStyle fontFamily="Arial" fontSize="7.5"/>
                </Word>
                <Word id="w_w2aab1b1b2b5c15b1b7" language="English" custom="readingOrder {index:11;}">
                    <Coords points="1095,907 1152,907 1152,932 1095,932"/>
                    <TextEquiv>
                        <Unicode>Suze</Unicode>
                    </TextEquiv>
                    <TextStyle fontFamily="Arial" fontSize="7.5"/>
                </Word>
                <Word id="w_w2aab1b1b2b5c15b2b3" language="English" custom="readingOrder {index:12;}">
                    <Coords points="1163,907 1192,907 1192,932 1163,932"/>
                    <TextEquiv>
                        <Unicode>et</Unicode>
                    </TextEquiv>
                    <TextStyle fontFamily="Arial" fontSize="7.5"/>
                </Word>
                <Word id="w_w2aab1b1b2b5c15b3b1" language="English" custom="readingOrder {index:13;}">
                    <Coords points="1203,907 1334,907 1334,932 1203,932"/>
                    <TextEquiv>
                        <Unicode>Guichard.</Unicode>
                    </TextEquiv>
                    <TextStyle fontFamily="Arial" fontSize="7.5"/>
                </Word>
                <TextEquiv>
                    <Unicode>est contresignée par les « chefs du chant » Simon LA SUZE et GUICHARD.</Unicode>
                </TextEquiv>
            </TextLine>
            <TextEquiv>
                <Unicode>Supplique en faveur de Mlle MULLOT aînée, « artiste du Théâtre des Arts », qui a été « mise à la pension sous la dernière administration
(...) après 16 années de service consécutif comme actrice », et qui réclame le paiement de la pension qui lui a été accordée et dont elle
n’a encore rien touché... Gossec justifie alors le fait que Mlle Mullot soit entrée dans les choeurs de l’Opéra : « elle n’a que 32 ans, sa
voix est belle, forte et sonore, elle est passablement musicienne, connoit l’action théâtrale, sait le répertoire et peut en conséquence
guider sa colonne ». Elle a « fait, pendant 16 ans, un service sans reproche à l'Opéra, tant par son extrême exactitude que par la
maniéré dont elle a rempli les rôles premiers et accessoirs dont elle a été chargée. On peut ajouter qu’elle n’a point dû sa retraite à la
perte de ses moïens puisqu’elle les conserve encore tous ». Gossec fait encore l’éloge des qualités morales de Mlle Mulot... La lettre
est contresignée par les « chefs du chant » Simon LA SUZE et GUICHARD.</Unicode>
            </TextEquiv>
        </TextRegion>
        <TextRegion type="paragraph" id="r_1_4" custom="readingOrder {index:3;}">
            <Coords points="218,1020 2279,1020 2279,1057 218,1057"/>
            <TextLine id="tl_11" primaryLanguage="English" custom="readingOrder {index:0;}">
                <Coords points="219,1021 2278,1021 2278,1056 219,1056"/>
                <Baseline points="219,1048 258,1048 517,1048 565,1048 649,1048 816,1056 970,1048 1063,1051 1159,1048 1186,1048 1295,1048 1369,1048 1385,1052 1403,1048 1485,1048 1559,1048 2278,1048"/>
                <Word id="w_w2aab1b1b2b7b1ab1" language="English" custom="readingOrder {index:0;}">
                    <Coords points="219,1023 258,1023 258,1048 219,1048"/>
                    <TextEquiv>
                        <Unicode>65.</Unicode>
                    </TextEquiv>
                    <TextStyle fontFamily="Arial" fontSize="7.5"/>
                </Word>
                <Word id="w_w2aab1b1b2b7b1ab9" language="English" custom="readingOrder {index:1;}">
                    <Coords points="306,1023 517,1023 517,1056 306,1056"/>
                    <TextEquiv>
                        <Unicode>Jean-Baptiste</Unicode>
                    </TextEquiv>
                    <TextStyle fontFamily="Arial" fontSize="7.5"/>
                </Word>
                <Word id="w_w2aab1b1b2b7b1ac37" language="English" custom="readingOrder {index:2;}">
                    <Coords points="528,1021 565,1021 565,1048 528,1048"/>
                    <TextEquiv>
                        <Unicode>de</Unicode>
                    </TextEquiv>
                    <TextStyle fontFamily="Arial" fontSize="7.5"/>
                </Word>
                <Word id="w_w2aab1b1b2b7b1ac43" language="English" custom="readingOrder {index:3;}">
                    <Coords points="576,1023 649,1023 649,1048 576,1048"/>
                    <TextEquiv>
                        <Unicode>GOY</Unicode>
                    </TextEquiv>
                    <TextStyle fontFamily="Arial" fontSize="7.5"/>
                </Word>
                <Word id="w_w2aab1b1b2b7b1ac51" language="English" custom="readingOrder {index:4;}">
                    <Coords points="660,1021 816,1021 816,1056 660,1056"/>
                    <TextEquiv>
                        <Unicode>(1666-1738)</Unicode>
                    </TextEquiv>
                    <TextStyle fontFamily="Arial" fontSize="7.5"/>
                </Word>
                <Word id="w_w2aab1b1b2b7b1ac75" language="English" custom="readingOrder {index:5;}">
                    <Coords points="828,1021 970,1021 970,1056 828,1056"/>
                    <TextEquiv>
                        <Unicode>sculpteur.</Unicode>
                    </TextEquiv>
                    <TextStyle fontFamily="Arial" fontSize="7.5"/>
                </Word>
                <Word id="w_w2aab1b1b2b7b1ac97" language="English" custom="readingOrder {index:6;}">
                    <Coords points="983,1023 1063,1023 1063,1051 983,1051"/>
                    <TextEquiv>
                        <Unicode>P.A.S.,</Unicode>
                    </TextEquiv>
                    <TextStyle fontFamily="Arial" fontSize="7.5"/>
                </Word>
                <Word id="w_w2aab1b1b2b7b1ad113" language="English" custom="readingOrder {index:7;}">
                    <Coords points="1076,1024 1159,1024 1159,1048 1076,1048"/>
                    <TextEquiv>
                        <Unicode>Rome</Unicode>
                    </TextEquiv>
                    <TextStyle fontFamily="Arial" fontSize="7.5"/>
                </Word>
                <Word id="w_w2aab1b1b2b7b1ad123" language="English" custom="readingOrder {index:8;}">
                    <Coords points="1171,1023 1186,1023 1186,1048 1171,1048"/>
                    <TextEquiv>
                        <Unicode>2</Unicode>
                    </TextEquiv>
                    <TextStyle fontFamily="Arial" fontSize="7.5"/>
                </Word>
                <Word id="w_w2aab1b1b2b7b1ad127" language="English" custom="readingOrder {index:9;}">
                    <Coords points="1196,1024 1295,1024 1295,1056 1196,1056"/>
                    <TextEquiv>
                        <Unicode>janvier</Unicode>
                    </TextEquiv>
                    <TextStyle fontFamily="Arial" fontSize="7.5"/>
                </Word>
                <Word id="w_w2aab1b1b2b7b1ad143" language="English" custom="readingOrder {index:10;}">
                    <Coords points="1305,1023 1369,1023 1369,1048 1305,1048"/>
                    <TextEquiv>
                        <Unicode>1684</Unicode>
                    </TextEquiv>
                    <TextStyle fontFamily="Arial" fontSize="7.5"/>
                </Word>
                <Word id="w_w2aab1b1b2b7b1ad153" language="English" custom="readingOrder {index:11;}">
                    <Coords points="1381,1030 1385,1030 1385,1052 1381,1052"/>
                    <TextEquiv>
                        <Unicode>;</Unicode>
                    </TextEquiv>
                    <TextStyle fontFamily="Arial" fontSize="7.5"/>
                </Word>
                <Word id="w_w2aab1b1b2b7b1ad157" language="English" custom="readingOrder {index:12;}">
                    <Coords points="1396,1023 1403,1023 1403,1048 1396,1048"/>
                    <TextEquiv>
                        <Unicode>1</Unicode>
                    </TextEquiv>
                    <TextStyle fontFamily="Arial" fontSize="7.5"/>
                </Word>
                <Word id="w_w2aab1b1b2b7b1ad161" language="English" custom="readingOrder {index:13;}">
                    <Coords points="1418,1030 1485,1030 1485,1056 1418,1056"/>
                    <TextEquiv>
                        <Unicode>page</Unicode>
                    </TextEquiv>
                    <TextStyle fontFamily="Arial" fontSize="7.5"/>
                </Word>
                <Word id="w_w2aab1b1b2b7b1ad171" language="English" custom="readingOrder {index:14;}">
                    <Coords points="1498,1024 1559,1024 1559,1048 1498,1048"/>
                    <TextEquiv>
                        <Unicode>in-4.</Unicode>
                    </TextEquiv>
                    <TextStyle fontFamily="Arial" fontSize="7.5"/>
                </Word>
                <Word id="w_w2aab1b1b2b7b1ad183" language="English" custom="readingOrder {index:15;}">
                    <Coords points="2147,1023 2278,1023 2278,1048 2147,1048"/>
                    <TextEquiv>
                        <Unicode>200/250</Unicode>
                    </TextEquiv>
                    <TextStyle fontFamily="Arial" fontSize="7.5"/>
                </Word>
                <TextEquiv>
                    <Unicode>65. Jean-Baptiste de GOY (1666-1738) sculpteur. P.A.S., Rome 2 janvier 1684 ; 1 page in-4. 200/250</Unicode>
                </TextEquiv>
                <TextStyle fontFamily="Arial" fontSize="7.5"/>
            </TextLine>
            <TextEquiv>
                <Unicode>65. Jean-Baptiste de GOY (1666-1738) sculpteur. P.A.S., Rome 2 janvier 1684 ; 1 page in-4. 200/250</Unicode>
            </TextEquiv>
        </TextRegion>
        <TextRegion type="paragraph" id="r_1_5" custom="readingOrder {index:4;}">
            <Coords points="308,1082 2280,1082 2280,1256 308,1256"/>
            <TextLine id="tl_12" primaryLanguage="English" custom="readingOrder {index:0;}">
                <Coords points="343,1083 2278,1083 2278,1119 343,1119"/>
                <Baseline points="343,1106 357,1106 416,1118 570,1110 624,1110 699,1119 851,1110 1035,1110 1234,1110 1284,1110 1353,1119 1401,1110 1465,1110 1628,1110 1740,1110 1790,1110 1924,1110 2079,1110 2278,1110"/>
                <Word id="w_w2aab1b1b2b9b1ab1" language="English" custom="readingOrder {index:0;}">
                    <Coords points="343,1093 357,1093 357,1106 343,1106"/>
                    <TextEquiv>
                        <Unicode>«</Unicode>
                    </TextEquiv>
                    <TextStyle fontFamily="Arial" fontSize="7.5"/>
                </Word>
                <Word id="w_w2aab1b1b2b9b1ab5" language="English" custom="readingOrder {index:1;}">
                    <Coords points="368,1083 416,1083 416,1118 368,1118"/>
                    <TextEquiv>
                        <Unicode>J’ay</Unicode>
                    </TextEquiv>
                    <TextStyle fontFamily="Arial" fontSize="7.5"/>
                </Word>
                <Word id="w_w2aab1b1b2b9b1ac15" language="English" custom="readingOrder {index:2;}">
                    <Coords points="430,1086 570,1086 570,1119 430,1119"/>
                    <TextEquiv>
                        <Unicode>soussigné</Unicode>
                    </TextEquiv>
                    <TextStyle fontFamily="Arial" fontSize="7.5"/>
                </Word>
                <Word id="w_w2aab1b1b2b9b1ac35" language="English" custom="readingOrder {index:3;}">
                    <Coords points="586,1086 624,1086 624,1110 586,1110"/>
                    <TextEquiv>
                        <Unicode>De</Unicode>
                    </TextEquiv>
                    <TextStyle fontFamily="Arial" fontSize="7.5"/>
                </Word>
                <Word id="w_w2aab1b1b2b9b1ac41" language="English" custom="readingOrder {index:4;}">
                    <Coords points="639,1086 699,1086 699,1119 639,1119"/>
                    <TextEquiv>
                        <Unicode>Goy</Unicode>
                    </TextEquiv>
                    <TextStyle fontFamily="Arial" fontSize="7.5"/>
                </Word>
                <Word id="w_w2aab1b1b2b9b1ac49" language="English" custom="readingOrder {index:5;}">
                    <Coords points="713,1083 851,1083 851,1119 713,1119"/>
                    <TextEquiv>
                        <Unicode>sculpteur</Unicode>
                    </TextEquiv>
                    <TextStyle fontFamily="Arial" fontSize="7.5"/>
                </Word>
                <Word id="w_w2aab1b1b2b9b1ac69" language="English" custom="readingOrder {index:6;}">
                    <Coords points="866,1086 1035,1086 1035,1119 866,1119"/>
                    <TextEquiv>
                        <Unicode>pensionaire</Unicode>
                    </TextEquiv>
                    <TextStyle fontFamily="Arial" fontSize="7.5"/>
                </Word>
                <Word id="w_w2aab1b1b2b9b1ac93" language="English" custom="readingOrder {index:7;}">
                    <Coords points="1050,1083 1234,1083 1234,1110 1050,1110"/>
                    <TextEquiv>
                        <Unicode>accademiste</Unicode>
                    </TextEquiv>
                    <TextStyle fontFamily="Arial" fontSize="7.5"/>
                </Word>
                <Word id="w_w2aab1b1b2b9b1ad117" language="English" custom="readingOrder {index:8;}">
                    <Coords points="1248,1083 1284,1083 1284,1110 1248,1110"/>
                    <TextEquiv>
                        <Unicode>du</Unicode>
                    </TextEquiv>
                    <TextStyle fontFamily="Arial" fontSize="7.5"/>
                </Word>
                <Word id="w_w2aab1b1b2b9b1ad123" language="English" custom="readingOrder {index:9;}">
                    <Coords points="1300,1086 1353,1086 1353,1119 1300,1119"/>
                    <TextEquiv>
                        <Unicode>Roy</Unicode>
                    </TextEquiv>
                    <TextStyle fontFamily="Arial" fontSize="7.5"/>
                </Word>
                <Word id="w_w2aab1b1b2b9b1ad131" language="English" custom="readingOrder {index:10;}">
                    <Coords points="1367,1092 1401,1092 1401,1110 1367,1110"/>
                    <TextEquiv>
                        <Unicode>en</Unicode>
                    </TextEquiv>
                    <TextStyle fontFamily="Arial" fontSize="7.5"/>
                </Word>
                <Word id="w_w2aab1b1b2b9b1ad137" language="English" custom="readingOrder {index:11;}">
                    <Coords points="1416,1092 1465,1092 1465,1110 1416,1110"/>
                    <TextEquiv>
                        <Unicode>son</Unicode>
                    </TextEquiv>
                    <TextStyle fontFamily="Arial" fontSize="7.5"/>
                </Word>
                <Word id="w_w2aab1b1b2b9b1ad145" language="English" custom="readingOrder {index:12;}">
                    <Coords points="1480,1083 1628,1083 1628,1110 1480,1110"/>
                    <TextEquiv>
                        <Unicode>Académie</Unicode>
                    </TextEquiv>
                    <TextStyle fontFamily="Arial" fontSize="7.5"/>
                </Word>
                <Word id="w_w2aab1b1b2b9b1ad163" language="English" custom="readingOrder {index:13;}">
                    <Coords points="1643,1083 1740,1083 1740,1118 1643,1118"/>
                    <TextEquiv>
                        <Unicode>Royale</Unicode>
                    </TextEquiv>
                    <TextStyle fontFamily="Arial" fontSize="7.5"/>
                </Word>
                <Word id="w_w2aab1b1b2b9b1ad177" language="English" custom="readingOrder {index:14;}">
                    <Coords points="1754,1083 1790,1083 1790,1110 1754,1110"/>
                    <TextEquiv>
                        <Unicode>de</Unicode>
                    </TextEquiv>
                    <TextStyle fontFamily="Arial" fontSize="7.5"/>
                </Word>
                <Word id="w_w2aab1b1b2b9b1ad183" language="English" custom="readingOrder {index:15;}">
                    <Coords points="1805,1086 1924,1086 1924,1110 1805,1110"/>
                    <TextEquiv>
                        <Unicode>Peinture</Unicode>
                    </TextEquiv>
                    <TextStyle fontFamily="Arial" fontSize="7.5"/>
                </Word>
                <Word id="w_w2aab1b1b2b9b1ad201" language="English" custom="readingOrder {index:16;}">
                    <Coords points="1938,1083 2079,1083 2079,1119 1938,1119"/>
                    <TextEquiv>
                        <Unicode>Sculpture</Unicode>
                    </TextEquiv>
                    <TextStyle fontFamily="Arial" fontSize="7.5"/>
                </Word>
                <Word id="w_w2aab1b1b2b9b1ad221" language="English" custom="readingOrder {index:17;}">
                    <Coords points="2093,1083 2278,1083 2278,1110 2093,1110"/>
                    <TextEquiv>
                        <Unicode>Architecture</Unicode>
                    </TextEquiv>
                    <TextStyle fontFamily="Arial" fontSize="7.5"/>
                </Word>
                <TextEquiv>
                    <Unicode>« J’ay soussigné De Goy sculpteur pensionaire accademiste du Roy en son Académie Royale de Peinture Sculpture Architecture</Unicode>
                </TextEquiv>
                <TextStyle fontFamily="Arial" fontSize="7.5"/>
            </TextLine>
            <TextLine id="tl_13" primaryLanguage="English" custom="readingOrder {index:1;}">
                <Coords points="309,1128 2278,1128 2278,1164 309,1164"/>
                <Baseline points="309,1156 505,1156 550,1156 654,1156 767,1156 842,1156 958,1156 988,1156 1088,1156 1150,1155 1197,1156 1329,1156 1399,1156 1556,1160 1697,1156 1742,1156 1885,1156 1972,1155 2066,1156 2228,1156 2278,1156"/>
                <Word id="w_w2aab1b1b2b9b3ab1" language="English" custom="readingOrder {index:0;}">
                    <Coords points="309,1131 505,1131 505,1164 309,1164"/>
                    <TextEquiv>
                        <Unicode>Matematique</Unicode>
                    </TextEquiv>
                    <TextStyle fontFamily="Arial" fontSize="7.5"/>
                </Word>
                <Word id="w_w2aab1b1b2b9b3ac25" language="English" custom="readingOrder {index:1;}">
                    <Coords points="521,1134 550,1134 550,1156 521,1156"/>
                    <TextEquiv>
                        <Unicode>et</Unicode>
                    </TextEquiv>
                    <TextStyle fontFamily="Arial" fontSize="7.5"/>
                </Word>
                <Word id="w_w2aab1b1b2b9b3ac31" language="English" custom="readingOrder {index:2;}">
                    <Coords points="565,1134 654,1134 654,1156 565,1156"/>
                    <TextEquiv>
                        <Unicode>autres</Unicode>
                    </TextEquiv>
                    <TextStyle fontFamily="Arial" fontSize="7.5"/>
                </Word>
                <Word id="w_w2aab1b1b2b9b3ac45" language="English" custom="readingOrder {index:3;}">
                    <Coords points="670,1129 767,1129 767,1156 670,1156"/>
                    <TextEquiv>
                        <Unicode>nobles</Unicode>
                    </TextEquiv>
                    <TextStyle fontFamily="Arial" fontSize="7.5"/>
                </Word>
                <Word id="w_w2aab1b1b2b9b3ac59" language="English" custom="readingOrder {index:4;}">
                    <Coords points="783,1131 842,1131 842,1156 783,1156"/>
                    <TextEquiv>
                        <Unicode>Arts</Unicode>
                    </TextEquiv>
                    <TextStyle fontFamily="Arial" fontSize="7.5"/>
                </Word>
                <Word id="w_w2aab1b1b2b9b3ac69" language="English" custom="readingOrder {index:5;}">
                    <Coords points="858,1129 958,1129 958,1156 858,1156"/>
                    <TextEquiv>
                        <Unicode>établie</Unicode>
                    </TextEquiv>
                    <TextStyle fontFamily="Arial" fontSize="7.5"/>
                </Word>
                <Word id="w_w2aab1b1b2b9b3ac85" language="English" custom="readingOrder {index:6;}">
                    <Coords points="974,1138 988,1138 988,1156 974,1156"/>
                    <TextEquiv>
                        <Unicode>a</Unicode>
                    </TextEquiv>
                    <TextStyle fontFamily="Arial" fontSize="7.5"/>
                </Word>
                <Word id="w_w2aab1b1b2b9b3ac89" language="English" custom="readingOrder {index:7;}">
                    <Coords points="1005,1131 1088,1131 1088,1156 1005,1156"/>
                    <TextEquiv>
                        <Unicode>Rome</Unicode>
                    </TextEquiv>
                    <TextStyle fontFamily="Arial" fontSize="7.5"/>
                </Word>
                <Word id="w_w2aab1b1b2b9b3ac99" language="English" custom="readingOrder {index:8;}">
                    <Coords points="1105,1138 1150,1138 1150,1164 1105,1164"/>
                    <TextEquiv>
                        <Unicode>par</Unicode>
                    </TextEquiv>
                    <TextStyle fontFamily="Arial" fontSize="7.5"/>
                </Word>
                <Word id="w_w2aab1b1b2b9b3ad107" language="English" custom="readingOrder {index:9;}">
                    <Coords points="1165,1131 1197,1131 1197,1156 1165,1156"/>
                    <TextEquiv>
                        <Unicode>Sa</Unicode>
                    </TextEquiv>
                    <TextStyle fontFamily="Arial" fontSize="7.5"/>
                </Word>
                <Word id="w_w2aab1b1b2b9b3ad113" language="English" custom="readingOrder {index:10;}">
                    <Coords points="1213,1131 1329,1131 1329,1164 1213,1164"/>
                    <TextEquiv>
                        <Unicode>Majesté</Unicode>
                    </TextEquiv>
                    <TextStyle fontFamily="Arial" fontSize="7.5"/>
                </Word>
                <Word id="w_w2aab1b1b2b9b3ad129" language="English" custom="readingOrder {index:11;}">
                    <Coords points="1344,1131 1399,1131 1399,1156 1344,1156"/>
                    <TextEquiv>
                        <Unicode>très</Unicode>
                    </TextEquiv>
                    <TextStyle fontFamily="Arial" fontSize="7.5"/>
                </Word>
                <Word id="w_w2aab1b1b2b9b3ad139" language="English" custom="readingOrder {index:12;}">
                    <Coords points="1414,1132 1556,1132 1556,1160 1414,1160"/>
                    <TextEquiv>
                        <Unicode>crestiene,</Unicode>
                    </TextEquiv>
                    <TextStyle fontFamily="Arial" fontSize="7.5"/>
                </Word>
                <Word id="w_w2aab1b1b2b9b3ad161" language="English" custom="readingOrder {index:13;}">
                    <Coords points="1573,1132 1697,1132 1697,1156 1573,1156"/>
                    <TextEquiv>
                        <Unicode>reconois</Unicode>
                    </TextEquiv>
                    <TextStyle fontFamily="Arial" fontSize="7.5"/>
                </Word>
                <Word id="w_w2aab1b1b2b9b3ad179" language="English" custom="readingOrder {index:14;}">
                    <Coords points="1713,1134 1742,1134 1742,1156 1713,1156"/>
                    <TextEquiv>
                        <Unicode>et</Unicode>
                    </TextEquiv>
                    <TextStyle fontFamily="Arial" fontSize="7.5"/>
                </Word>
                <Word id="w_w2aab1b1b2b9b3ad185" language="English" custom="readingOrder {index:15;}">
                    <Coords points="1757,1128 1885,1128 1885,1156 1757,1156"/>
                    <TextEquiv>
                        <Unicode>confesse</Unicode>
                    </TextEquiv>
                    <TextStyle fontFamily="Arial" fontSize="7.5"/>
                </Word>
                <Word id="w_w2aab1b1b2b9b3ad203" language="English" custom="readingOrder {index:16;}">
                    <Coords points="1901,1132 1972,1132 1972,1156 1901,1156"/>
                    <TextEquiv>
                        <Unicode>avoir</Unicode>
                    </TextEquiv>
                    <TextStyle fontFamily="Arial" fontSize="7.5"/>
                </Word>
                <Word id="w_w2aab1b1b2b9b3ad215" language="English" custom="readingOrder {index:17;}">
                    <Coords points="1988,1138 2066,1138 2066,1156 1988,1156"/>
                    <TextEquiv>
                        <Unicode>receu</Unicode>
                    </TextEquiv>
                    <TextStyle fontFamily="Arial" fontSize="7.5"/>
                </Word>
                <Word id="w_w2aab1b1b2b9b3ad227" language="English" custom="readingOrder {index:18;}">
                    <Coords points="2082,1134 2228,1134 2228,1164 2082,1164"/>
                    <TextEquiv>
                        <Unicode>comptant</Unicode>
                    </TextEquiv>
                    <TextStyle fontFamily="Arial" fontSize="7.5"/>
                </Word>
                <Word id="w_w2aab1b1b2b9b3ad245" language="English" custom="readingOrder {index:19;}">
                    <Coords points="2243,1129 2278,1129 2278,1156 2243,1156"/>
                    <TextEquiv>
                        <Unicode>de</Unicode>
                    </TextEquiv>
                    <TextStyle fontFamily="Arial" fontSize="7.5"/>
                </Word>
                <TextEquiv>
                    <Unicode>Matematique et autres nobles Arts établie a Rome par Sa Majesté très crestiene, reconois et confesse avoir receu comptant de</Unicode>
                </TextEquiv>
                <TextStyle fontFamily="Arial" fontSize="7.5"/>
            </TextLine>
            <TextLine id="tl_14" primaryLanguage="English" custom="readingOrder {index:2;}">
                <Coords points="309,1174 2279,1174 2279,1210 309,1210"/>
                <Baseline points="309,1201 375,1201 473,1201 683,1201 729,1201 763,1201 831,1201 1006,1201 1041,1201 1160,1201 1206,1201 1307,1201 1412,1201 1502,1201 1542,1201 1676,1201 1716,1201 1763,1201 1906,1201 2040,1201 2086,1201 2182,1201 2213,1205 2279,1201"/>
                <Word id="w_w2aab1b1b2b9b5ab1" language="English" custom="readingOrder {index:0;}">
                    <Coords points="309,1177 448,1177 448,1202 309,1202"/>
                    <TextEquiv>
                        <Unicode>Monsieur</Unicode>
                    </TextEquiv>
                    <TextStyle fontFamily="Arial" fontSize="7.5"/>
                </Word>
                <Word id="w_w2aab1b1b2b9b5b1b1" language="English" custom="readingOrder {index:1;}">
                    <Coords points="459,1177 533,1177 533,1201 459,1201"/>
                    <TextEquiv>
                        <Unicode>Erard</Unicode>
                    </TextEquiv>
                    <TextStyle fontFamily="Arial" fontSize="7.5"/>
                </Word>
                <Word id="w_w2aab1b1b2b9b5b2b3" language="English" custom="readingOrder {index:2;}">
                    <Coords points="545,1177 683,1177 683,1201 545,1201"/>
                    <TextEquiv>
                        <Unicode>Directeur</Unicode>
                    </TextEquiv>
                    <TextStyle fontFamily="Arial" fontSize="7.5"/>
                </Word>
                <Word id="w_w2aab1b1b2b9b5b2c23" language="English" custom="readingOrder {index:3;}">
                    <Coords points="693,1174 729,1174 729,1201 693,1201"/>
                    <TextEquiv>
                        <Unicode>de</Unicode>
                    </TextEquiv>
                    <TextStyle fontFamily="Arial" fontSize="7.5"/>
                </Word>
                <Word id="w_w2aab1b1b2b9b5b2c29" language="English" custom="readingOrder {index:4;}">
                    <Coords points="741,1174 763,1174 763,1201 741,1201"/>
                    <TextEquiv>
                        <Unicode>la</Unicode>
                    </TextEquiv>
                    <TextStyle fontFamily="Arial" fontSize="7.5"/>
                </Word>
                <Word id="w_w2aab1b1b2b9b5b2c35" language="English" custom="readingOrder {index:5;}">
                    <Coords points="775,1174 831,1174 831,1201 775,1201"/>
                    <TextEquiv>
                        <Unicode>dite</Unicode>
                    </TextEquiv>
                    <TextStyle fontFamily="Arial" fontSize="7.5"/>
                </Word>
                <Word id="w_w2aab1b1b2b9b5b2c45" language="English" custom="readingOrder {index:6;}">
                    <Coords points="842,1174 1006,1174 1006,1201 842,1201"/>
                    <TextEquiv>
                        <Unicode>Accadémie</Unicode>
                    </TextEquiv>
                    <TextStyle fontFamily="Arial" fontSize="7.5"/>
                </Word>
                <Word id="w_w2aab1b1b2b9b5b2c65" language="English" custom="readingOrder {index:7;}">
                    <Coords points="1019,1174 1041,1174 1041,1201 1019,1201"/>
                    <TextEquiv>
                        <Unicode>la</Unicode>
                    </TextEquiv>
                    <TextStyle fontFamily="Arial" fontSize="7.5"/>
                </Word>
                <Word id="w_w2aab1b1b2b9b5b2c71" language="English" custom="readingOrder {index:8;}">
                    <Coords points="1053,1183 1160,1183 1160,1201 1053,1201"/>
                    <TextEquiv>
                        <Unicode>somme</Unicode>
                    </TextEquiv>
                    <TextStyle fontFamily="Arial" fontSize="7.5"/>
                </Word>
                <Word id="w_w2aab1b1b2b9b5b2c83" language="English" custom="readingOrder {index:9;}">
                    <Coords points="1171,1174 1206,1174 1206,1201 1171,1201"/>
                    <TextEquiv>
                        <Unicode>de</Unicode>
                    </TextEquiv>
                    <TextStyle fontFamily="Arial" fontSize="7.5"/>
                </Word>
                <Word id="w_w2aab1b1b2b9b5b2c89" language="English" custom="readingOrder {index:10;}">
                    <Coords points="1217,1177 1307,1177 1307,1210 1217,1210"/>
                    <TextEquiv>
                        <Unicode>veingt</Unicode>
                    </TextEquiv>
                    <TextStyle fontFamily="Arial" fontSize="7.5"/>
                </Word>
                <Word id="w_w2aab1b1b2b9b5b2d103" language="English" custom="readingOrder {index:11;}">
                    <Coords points="1318,1179 1412,1179 1412,1210 1318,1210"/>
                    <TextEquiv>
                        <Unicode>quatre</Unicode>
                    </TextEquiv>
                    <TextStyle fontFamily="Arial" fontSize="7.5"/>
                </Word>
                <Word id="w_w2aab1b1b2b9b5b2d117" language="English" custom="readingOrder {index:12;}">
                    <Coords points="1423,1183 1502,1183 1502,1201 1423,1201"/>
                    <TextEquiv>
                        <Unicode>escus</Unicode>
                    </TextEquiv>
                    <TextStyle fontFamily="Arial" fontSize="7.5"/>
                </Word>
                <Word id="w_w2aab1b1b2b9b5b2d129" language="English" custom="readingOrder {index:13;}">
                    <Coords points="1513,1180 1542,1180 1542,1201 1513,1201"/>
                    <TextEquiv>
                        <Unicode>et</Unicode>
                    </TextEquiv>
                    <TextStyle fontFamily="Arial" fontSize="7.5"/>
                </Word>
                <Word id="w_w2aab1b1b2b9b5b2d135" language="English" custom="readingOrder {index:14;}">
                    <Coords points="1553,1177 1676,1177 1676,1201 1553,1201"/>
                    <TextEquiv>
                        <Unicode>soixante</Unicode>
                    </TextEquiv>
                    <TextStyle fontFamily="Arial" fontSize="7.5"/>
                </Word>
                <Word id="w_w2aab1b1b2b9b5b2d153" language="English" custom="readingOrder {index:15;}">
                    <Coords points="1687,1179 1716,1179 1716,1201 1687,1201"/>
                    <TextEquiv>
                        <Unicode>et</Unicode>
                    </TextEquiv>
                    <TextStyle fontFamily="Arial" fontSize="7.5"/>
                </Word>
                <Word id="w_w2aab1b1b2b9b5b2d159" language="English" custom="readingOrder {index:16;}">
                    <Coords points="1727,1177 1763,1177 1763,1201 1727,1201"/>
                    <TextEquiv>
                        <Unicode>six</Unicode>
                    </TextEquiv>
                    <TextStyle fontFamily="Arial" fontSize="7.5"/>
                </Word>
                <Word id="w_w2aab1b1b2b9b5b2d167" language="English" custom="readingOrder {index:17;}">
                    <Coords points="1775,1174 1906,1174 1906,1210 1775,1210"/>
                    <TextEquiv>
                        <Unicode>baioques</Unicode>
                    </TextEquiv>
                    <TextStyle fontFamily="Arial" fontSize="7.5"/>
                </Word>
                <Word id="w_w2aab1b1b2b9b5b2d185" language="English" custom="readingOrder {index:18;}">
                    <Coords points="1919,1177 2040,1177 2040,1209 1919,1209"/>
                    <TextEquiv>
                        <Unicode>Monoye</Unicode>
                    </TextEquiv>
                    <TextStyle fontFamily="Arial" fontSize="7.5"/>
                </Word>
                <Word id="w_w2aab1b1b2b9b5b2d199" language="English" custom="readingOrder {index:19;}">
                    <Coords points="2051,1174 2086,1174 2086,1201 2051,1201"/>
                    <TextEquiv>
                        <Unicode>de</Unicode>
                    </TextEquiv>
                    <TextStyle fontFamily="Arial" fontSize="7.5"/>
                </Word>
                <Word id="w_w2aab1b1b2b9b5b2d205" language="English" custom="readingOrder {index:20;}">
                    <Coords points="2099,1177 2182,1177 2182,1201 2099,1201"/>
                    <TextEquiv>
                        <Unicode>Rome</Unicode>
                    </TextEquiv>
                    <TextStyle fontFamily="Arial" fontSize="7.5"/>
                </Word>
                <Word id="w_w2aab1b1b2b9b5b2d215" language="English" custom="readingOrder {index:21;}">
                    <Coords points="2193,1184 2213,1184 2213,1205 2193,1205"/>
                    <TextEquiv>
                        <Unicode>»,</Unicode>
                    </TextEquiv>
                    <TextStyle fontFamily="Arial" fontSize="7.5"/>
                </Word>
                <Word id="w_w2aab1b1b2b9b5b2d221" language="English" custom="readingOrder {index:22;}">
                    <Coords points="2225,1177 2279,1177 2279,1201 2225,1201"/>
                    <TextEquiv>
                        <Unicode>soit</Unicode>
                    </TextEquiv>
                    <TextStyle fontFamily="Arial" fontSize="7.5"/>
                </Word>
                <TextEquiv>
                    <Unicode>Monsieur ERARD Directeur de la dite Accadémie la somme de veingt quatre escus et soixante et six baioques Monoye de Rome », soit</Unicode>
                </TextEquiv>
            </TextLine>
            <TextLine id="tl_15" primaryLanguage="English" custom="readingOrder {index:3;}">
                <Coords points="309,1220 2105,1220 2105,1255 309,1255"/>
                <Baseline points="309,1247 342,1247 415,1247 502,1247 550,1247 617,1247 662,1247 801,1247 950,1251 975,1242 1056,1247 1091,1247 1220,1247 1266,1247 1320,1247 1481,1247 1506,1242 1566,1247 1642,1247 1772,1247 1853,1247 1900,1247 2014,1247 2105,1247"/>
                <Word id="w_w2aab1b1b2b9b7ab1" language="English" custom="readingOrder {index:0;}">
                    <Coords points="309,1222 342,1222 342,1247 309,1247"/>
                    <TextEquiv>
                        <Unicode>87</Unicode>
                    </TextEquiv>
                    <TextStyle fontFamily="Arial" fontSize="7.5"/>
                </Word>
                <Word id="w_w2aab1b1b2b9b7ab7" language="English" custom="readingOrder {index:1;}">
                    <Coords points="353,1225 415,1225 415,1255 353,1255"/>
                    <TextEquiv>
                        <Unicode>sept</Unicode>
                    </TextEquiv>
                    <TextStyle fontFamily="Arial" fontSize="7.5"/>
                </Word>
                <Word id="w_w2aab1b1b2b9b7ac17" language="English" custom="readingOrder {index:2;}">
                    <Coords points="428,1220 502,1220 502,1247 428,1247"/>
                    <TextEquiv>
                        <Unicode>livres</Unicode>
                    </TextEquiv>
                    <TextStyle fontFamily="Arial" fontSize="7.5"/>
                </Word>
                <Word id="w_w2aab1b1b2b9b7ac31" language="English" custom="readingOrder {index:3;}">
                    <Coords points="514,1223 550,1223 550,1247 514,1247"/>
                    <TextEquiv>
                        <Unicode>six</Unicode>
                    </TextEquiv>
                    <TextStyle fontFamily="Arial" fontSize="7.5"/>
                </Word>
                <Word id="w_w2aab1b1b2b9b7ac39" language="English" custom="readingOrder {index:4;}">
                    <Coords points="562,1220 617,1220 617,1247 562,1247"/>
                    <TextEquiv>
                        <Unicode>sols</Unicode>
                    </TextEquiv>
                    <TextStyle fontFamily="Arial" fontSize="7.5"/>
                </Word>
                <Word id="w_w2aab1b1b2b9b7ac49" language="English" custom="readingOrder {index:5;}">
                    <Coords points="628,1229 662,1229 662,1247 628,1247"/>
                    <TextEquiv>
                        <Unicode>en</Unicode>
                    </TextEquiv>
                    <TextStyle fontFamily="Arial" fontSize="7.5"/>
                </Word>
                <Word id="w_w2aab1b1b2b9b7ac55" language="English" custom="readingOrder {index:6;}">
                    <Coords points="675,1223 801,1223 801,1247 675,1247"/>
                    <TextEquiv>
                        <Unicode>monnaie</Unicode>
                    </TextEquiv>
                    <TextStyle fontFamily="Arial" fontSize="7.5"/>
                </Word>
                <Word id="w_w2aab1b1b2b9b7ac71" language="English" custom="readingOrder {index:7;}">
                    <Coords points="812,1220 950,1220 950,1254 812,1254"/>
                    <TextEquiv>
                        <Unicode>française,</Unicode>
                    </TextEquiv>
                    <TextStyle fontFamily="Arial" fontSize="7.5"/>
                </Word>
                <Word id="w_w2aab1b1b2b9b7ac93" language="English" custom="readingOrder {index:8;}">
                    <Coords points="961,1230 975,1230 975,1242 961,1242"/>
                    <TextEquiv>
                        <Unicode>«</Unicode>
                    </TextEquiv>
                    <TextStyle fontFamily="Arial" fontSize="7.5"/>
                </Word>
                <Word id="w_w2aab1b1b2b9b7ac97" language="English" custom="readingOrder {index:9;}">
                    <Coords points="987,1229 1056,1229 1056,1255 987,1255"/>
                    <TextEquiv>
                        <Unicode>pour</Unicode>
                    </TextEquiv>
                    <TextStyle fontFamily="Arial" fontSize="7.5"/>
                </Word>
                <Word id="w_w2aab1b1b2b9b7ad107" language="English" custom="readingOrder {index:10;}">
                    <Coords points="1068,1220 1091,1220 1091,1247 1068,1247"/>
                    <TextEquiv>
                        <Unicode>le</Unicode>
                    </TextEquiv>
                    <TextStyle fontFamily="Arial" fontSize="7.5"/>
                </Word>
                <Word id="w_w2aab1b1b2b9b7ad113" language="English" custom="readingOrder {index:11;}">
                    <Coords points="1103,1223 1220,1223 1220,1255 1103,1255"/>
                    <TextEquiv>
                        <Unicode>quartier</Unicode>
                    </TextEquiv>
                    <TextStyle fontFamily="Arial" fontSize="7.5"/>
                </Word>
                <Word id="w_w2aab1b1b2b9b7ad131" language="English" custom="readingOrder {index:12;}">
                    <Coords points="1230,1220 1266,1220 1266,1247 1230,1247"/>
                    <TextEquiv>
                        <Unicode>de</Unicode>
                    </TextEquiv>
                    <TextStyle fontFamily="Arial" fontSize="7.5"/>
                </Word>
                <Word id="w_w2aab1b1b2b9b7ad137" language="English" custom="readingOrder {index:13;}">
                    <Coords points="1278,1229 1320,1229 1320,1247 1278,1247"/>
                    <TextEquiv>
                        <Unicode>ma</Unicode>
                    </TextEquiv>
                    <TextStyle fontFamily="Arial" fontSize="7.5"/>
                </Word>
                <Word id="w_w2aab1b1b2b9b7ad143" language="English" custom="readingOrder {index:14;}">
                    <Coords points="1332,1222 1481,1222 1481,1247 1332,1247"/>
                    <TextEquiv>
                        <Unicode>nourriture</Unicode>
                    </TextEquiv>
                    <TextStyle fontFamily="Arial" fontSize="7.5"/>
                </Word>
                <Word id="w_w2aab1b1b2b9b7ad165" language="English" custom="readingOrder {index:15;}">
                    <Coords points="1492,1230 1506,1230 1506,1242 1492,1242"/>
                    <TextEquiv>
                        <Unicode>»</Unicode>
                    </TextEquiv>
                    <TextStyle fontFamily="Arial" fontSize="7.5"/>
                </Word>
                <Word id="w_w2aab1b1b2b9b7ad169" language="English" custom="readingOrder {index:16;}">
                    <Coords points="1517,1220 1566,1220 1566,1247 1517,1247"/>
                    <TextEquiv>
                        <Unicode>des</Unicode>
                    </TextEquiv>
                    <TextStyle fontFamily="Arial" fontSize="7.5"/>
                </Word>
                <Word id="w_w2aab1b1b2b9b7ad177" language="English" custom="readingOrder {index:17;}">
                    <Coords points="1576,1223 1642,1223 1642,1247 1576,1247"/>
                    <TextEquiv>
                        <Unicode>trois</Unicode>
                    </TextEquiv>
                    <TextStyle fontFamily="Arial" fontSize="7.5"/>
                </Word>
                <Word id="w_w2aab1b1b2b9b7ad189" language="English" custom="readingOrder {index:18;}">
                    <Coords points="1654,1220 1772,1220 1772,1247 1654,1247"/>
                    <TextEquiv>
                        <Unicode>derniers</Unicode>
                    </TextEquiv>
                    <TextStyle fontFamily="Arial" fontSize="7.5"/>
                </Word>
                <Word id="w_w2aab1b1b2b9b7ad207" language="English" custom="readingOrder {index:19;}">
                    <Coords points="1785,1223 1853,1223 1853,1247 1785,1247"/>
                    <TextEquiv>
                        <Unicode>mois</Unicode>
                    </TextEquiv>
                    <TextStyle fontFamily="Arial" fontSize="7.5"/>
                </Word>
                <Word id="w_w2aab1b1b2b9b7ad217" language="English" custom="readingOrder {index:20;}">
                    <Coords points="1865,1220 1900,1220 1900,1247 1865,1247"/>
                    <TextEquiv>
                        <Unicode>de</Unicode>
                    </TextEquiv>
                    <TextStyle fontFamily="Arial" fontSize="7.5"/>
                </Word>
                <Word id="w_w2aab1b1b2b9b7ad223" language="English" custom="readingOrder {index:21;}">
                    <Coords points="1913,1220 2014,1220 2014,1247 1913,1247"/>
                    <TextEquiv>
                        <Unicode>l’année</Unicode>
                    </TextEquiv>
                    <TextStyle fontFamily="Arial" fontSize="7.5"/>
                </Word>
                <Word id="w_w2aab1b1b2b9b7ad239" language="English" custom="readingOrder {index:22;}">
                    <Coords points="2024,1222 2105,1222 2105,1247 2024,1247"/>
                    <TextEquiv>
                        <Unicode>1683...</Unicode>
                    </TextEquiv>
                    <TextStyle fontFamily="Arial" fontSize="7.5"/>
                </Word>
                <TextEquiv>
                    <Unicode>87 sept livres six sols en monnaie française, « pour le quartier de ma nourriture » des trois derniers mois de l’année 1683...</Unicode>
                </TextEquiv>
                <TextStyle fontFamily="Arial" fontSize="7.5"/>
            </TextLine>
            <TextEquiv>
                <Unicode>« J’ay soussigné De Goy sculpteur pensionaire accademiste du Roy en son Académie Royale de Peinture Sculpture Architecture
Matematique et autres nobles Arts établie a Rome par Sa Majesté très crestiene, reconois et confesse avoir receu comptant de
Monsieur ERARD Directeur de la dite Accadémie la somme de veingt quatre escus et soixante et six baioques Monoye de Rome », soit
87 sept livres six sols en monnaie française, « pour le quartier de ma nourriture » des trois derniers mois de l’année 1683...</Unicode>
            </TextEquiv>
        </TextRegion>
        <TextRegion type="paragraph" id="r_1_6" custom="readingOrder {index:5;}">
            <Coords points="216,1329 2279,1329 2279,1373 216,1373"/>
            <TextLine id="tl_16" primaryLanguage="English" custom="readingOrder {index:0;}">
                <Coords points="217,1330 2278,1330 2278,1372 217,1372"/>
                <Baseline points="217,1363 258,1363 545,1363 680,1363 841,1371 964,1363 1061,1367 1138,1363 1165,1363 1324,1363 1396,1366 1440,1363 1546,1363 1573,1363 1618,1363 1845,1363 1962,1363 2023,1363 2146,1363 2262,1363 2278,1366"/>
                <Word id="w_w2aab1b1b2c11b1ab1" language="English" custom="readingOrder {index:0;}">
                    <Coords points="217,1338 258,1338 258,1363 217,1363"/>
                    <TextEquiv>
                        <Unicode>66.</Unicode>
                    </TextEquiv>
                    <TextStyle fontFamily="Arial" fontSize="7.5"/>
                </Word>
                <Word id="w_w2aab1b1b2c11b1ab9" language="English" custom="readingOrder {index:1;}">
                    <Coords points="309,1338 545,1338 545,1363 309,1363"/>
                    <TextEquiv>
                        <Unicode>Pierre-Narcisse</Unicode>
                    </TextEquiv>
                    <TextStyle fontFamily="Arial" fontSize="7.5"/>
                </Word>
                <Word id="w_w2aab1b1b2c11b1ac41" language="English" custom="readingOrder {index:2;}">
                    <Coords points="556,1330 680,1330 680,1363 556,1363"/>
                    <TextEquiv>
                        <Unicode>GUÉRIN</Unicode>
                    </TextEquiv>
                    <TextStyle fontFamily="Arial" fontSize="7.5"/>
                </Word>
                <Word id="w_w2aab1b1b2c11b1ac55" language="English" custom="readingOrder {index:3;}">
                    <Coords points="692,1336 841,1336 841,1371 692,1371"/>
                    <TextEquiv>
                        <Unicode>(1774-1833)</Unicode>
                    </TextEquiv>
                    <TextStyle fontFamily="Arial" fontSize="7.5"/>
                </Word>
                <Word id="w_w2aab1b1b2c11b1ac79" language="English" custom="readingOrder {index:4;}">
                    <Coords points="854,1339 964,1339 964,1372 854,1372"/>
                    <TextEquiv>
                        <Unicode>peintre.</Unicode>
                    </TextEquiv>
                    <TextStyle fontFamily="Arial" fontSize="7.5"/>
                </Word>
                <Word id="w_w2aab1b1b2c11b1ac97" language="English" custom="readingOrder {index:5;}">
                    <Coords points="977,1338 1061,1338 1061,1367 977,1367"/>
                    <TextEquiv>
                        <Unicode>L.A.S.,</Unicode>
                    </TextEquiv>
                    <TextStyle fontFamily="Arial" fontSize="7.5"/>
                </Word>
                <Word id="w_w2aab1b1b2c11b1ad113" language="English" custom="readingOrder {index:6;}">
                    <Coords points="1074,1339 1138,1339 1138,1363 1074,1363"/>
                    <TextEquiv>
                        <Unicode>Paris</Unicode>
                    </TextEquiv>
                    <TextStyle fontFamily="Arial" fontSize="7.5"/>
                </Word>
                <Word id="w_w2aab1b1b2c11b1ad125" language="English" custom="readingOrder {index:7;}">
                    <Coords points="1149,1339 1165,1339 1165,1363 1149,1363"/>
                    <TextEquiv>
                        <Unicode>6</Unicode>
                    </TextEquiv>
                    <TextStyle fontFamily="Arial" fontSize="7.5"/>
                </Word>
                <Word id="w_w2aab1b1b2c11b1ad129" language="English" custom="readingOrder {index:8;}">
                    <Coords points="1177,1336 1324,1336 1324,1363 1177,1363"/>
                    <TextEquiv>
                        <Unicode>décembre</Unicode>
                    </TextEquiv>
                    <TextStyle fontFamily="Arial" fontSize="7.5"/>
                </Word>
                <Word id="w_w2aab1b1b2c11b1ad147" language="English" custom="readingOrder {index:9;}">
                    <Coords points="1334,1338 1396,1338 1396,1366 1334,1366"/>
                    <TextEquiv>
                        <Unicode>1819,</Unicode>
                    </TextEquiv>
                    <TextStyle fontFamily="Arial" fontSize="7.5"/>
                </Word>
                <Word id="w_w2aab1b1b2c11b1ad159" language="English" custom="readingOrder {index:10;}">
                    <Coords points="1408,1346 1440,1346 1440,1363 1408,1363"/>
                    <TextEquiv>
                        <Unicode>au</Unicode>
                    </TextEquiv>
                    <TextStyle fontFamily="Arial" fontSize="7.5"/>
                </Word>
                <Word id="w_w2aab1b1b2c11b1ad165" language="English" custom="readingOrder {index:11;}">
                    <Coords points="1452,1341 1546,1341 1546,1363 1452,1363"/>
                    <TextEquiv>
                        <Unicode>comte</Unicode>
                    </TextEquiv>
                    <TextStyle fontFamily="Arial" fontSize="7.5"/>
                </Word>
                <Word id="w_w2aab1b1b2c11b1ad177" language="English" custom="readingOrder {index:12;}">
                    <Coords points="1557,1336 1593,1336 1593,1363 1557,1363"/>
                    <TextEquiv>
                        <Unicode>de</Unicode>
                    </TextEquiv>
                    <TextStyle fontFamily="Arial" fontSize="7.5"/>
                </Word>
                <Word id="w_w2aab1b1b2c11b1b1b1" language="English" custom="readingOrder {index:13;}">
                    <Coords points="1605,1339 1695,1339 1695,1366 1605,1366"/>
                    <TextEquiv>
                        <Unicode>Forbin,</Unicode>
                    </TextEquiv>
                    <TextStyle fontFamily="Arial" fontSize="7.5"/>
                </Word>
                <Word id="w_w2aab1b1b2c11b1b2b3" language="English" custom="readingOrder {index:14;}">
                    <Coords points="1708,1339 1845,1339 1845,1363 1708,1363"/>
                    <TextEquiv>
                        <Unicode>Directeur</Unicode>
                    </TextEquiv>
                    <TextStyle fontFamily="Arial" fontSize="7.5"/>
                </Word>
                <Word id="w_w2aab1b1b2c11b1b2c23" language="English" custom="readingOrder {index:15;}">
                    <Coords points="1856,1336 1962,1336 1962,1372 1856,1372"/>
                    <TextEquiv>
                        <Unicode>général</Unicode>
                    </TextEquiv>
                    <TextStyle fontFamily="Arial" fontSize="7.5"/>
                </Word>
                <Word id="w_w2aab1b1b2c11b1b2c39" language="English" custom="readingOrder {index:16;}">
                    <Coords points="1974,1336 2023,1336 2023,1363 1974,1363"/>
                    <TextEquiv>
                        <Unicode>des</Unicode>
                    </TextEquiv>
                    <TextStyle fontFamily="Arial" fontSize="7.5"/>
                </Word>
                <Word id="w_w2aab1b1b2c11b1b2c47" language="English" custom="readingOrder {index:17;}">
                    <Coords points="2036,1339 2146,1339 2146,1363 2036,1363"/>
                    <TextEquiv>
                        <Unicode>Musées</Unicode>
                    </TextEquiv>
                    <TextStyle fontFamily="Arial" fontSize="7.5"/>
                </Word>
                <Word id="w_w2aab1b1b2c11b1b2c61" language="English" custom="readingOrder {index:18;}">
                    <Coords points="2158,1339 2262,1339 2262,1371 2158,1371"/>
                    <TextEquiv>
                        <Unicode>Royaux</Unicode>
                    </TextEquiv>
                    <TextStyle fontFamily="Arial" fontSize="7.5"/>
                </Word>
                <Word id="w_w2aab1b1b2c11b1b2c75" language="English" custom="readingOrder {index:19;}">
                    <Coords points="2274,1346 2278,1346 2278,1366 2274,1366"/>
                    <TextEquiv>
                        <Unicode>;</Unicode>
                    </TextEquiv>
                    <TextStyle fontFamily="Arial" fontSize="7.5"/>
                </Word>
                <TextEquiv>
                    <Unicode>66. Pierre-Narcisse GUÉRIN (1774-1833) peintre. L.A.S., Paris 6 décembre 1819, au comte de Forbin, Directeur général des Musées Royaux ;</Unicode>
                </TextEquiv>
            </TextLine>
            <TextEquiv>
                <Unicode>66. Pierre-Narcisse GUÉRIN (1774-1833) peintre. L.A.S., Paris 6 décembre 1819, au comte de Forbin, Directeur général des Musées Royaux ;</Unicode>
            </TextEquiv>
        </TextRegion>
        <TextRegion type="paragraph" id="r_1_7" custom="readingOrder {index:6;}">
            <Coords points="307,1381 2279,1381 2279,1418 307,1418"/>
            <TextLine id="tl_17" primaryLanguage="English" custom="readingOrder {index:0;}">
                <Coords points="308,1382 2278,1382 2278,1417 308,1417"/>
                <Baseline points="308,1408 315,1408 397,1409 438,1409 539,1409 613,1409 2278,1409"/>
                <Word id="w_w2aab1b1b2c13b1ab1" language="English" custom="readingOrder {index:0;}">
                    <Coords points="308,1384 315,1384 315,1408 308,1408"/>
                    <TextEquiv>
                        <Unicode>I</Unicode>
                    </TextEquiv>
                    <TextStyle fontFamily="Arial" fontSize="7.5"/>
                </Word>
                <Word id="w_w2aab1b1b2c13b1ab5" language="English" custom="readingOrder {index:1;}">
                    <Coords points="329,1391 397,1391 397,1417 329,1417"/>
                    <TextEquiv>
                        <Unicode>page</Unicode>
                    </TextEquiv>
                    <TextStyle fontFamily="Arial" fontSize="7.5"/>
                </Word>
                <Word id="w_w2aab1b1b2c13b1ac15" language="English" custom="readingOrder {index:2;}">
                    <Coords points="409,1387 438,1387 438,1409 409,1409"/>
                    <TextEquiv>
                        <Unicode>et</Unicode>
                    </TextEquiv>
                    <TextStyle fontFamily="Arial" fontSize="7.5"/>
                </Word>
                <Word id="w_w2aab1b1b2c13b1ac21" language="English" custom="readingOrder {index:3;}">
                    <Coords points="449,1382 539,1382 539,1409 449,1409"/>
                    <TextEquiv>
                        <Unicode>demie</Unicode>
                    </TextEquiv>
                    <TextStyle fontFamily="Arial" fontSize="7.5"/>
                </Word>
                <Word id="w_w2aab1b1b2c13b1ac33" language="English" custom="readingOrder {index:4;}">
                    <Coords points="552,1384 613,1384 613,1409 552,1409"/>
                    <TextEquiv>
                        <Unicode>in-4.</Unicode>
                    </TextEquiv>
                    <TextStyle fontFamily="Arial" fontSize="7.5"/>
                </Word>
                <Word id="w_w2aab1b1b2c13b1ac45" language="English" custom="readingOrder {index:5;}">
                    <Coords points="2149,1384 2278,1384 2278,1409 2149,1409"/>
                    <TextEquiv>
                        <Unicode>250/300</Unicode>
                    </TextEquiv>
                    <TextStyle fontFamily="Arial" fontSize="7.5"/>
                </Word>
                <TextEquiv>
                    <Unicode>I page et demie in-4. 250/300</Unicode>
                </TextEquiv>
                <TextStyle fontFamily="Arial" fontSize="7.5"/>
            </TextLine>
            <TextEquiv>
                <Unicode>I page et demie in-4. 250/300</Unicode>
            </TextEquiv>
        </TextRegion>
        <TextRegion type="paragraph" id="r_1_8" custom="readingOrder {index:7;}">
            <Coords points="306,1442 2279,1442 2279,1617 306,1617"/>
            <TextLine id="tl_18" primaryLanguage="English" custom="readingOrder {index:0;}">
                <Coords points="344,1443 2278,1443 2278,1479 344,1479"/>
                <Baseline points="344,1471 382,1471 465,1471 512,1471 666,1471 713,1471 775,1471 897,1471 926,1471 980,1471 1207,1471 1297,1471 1345,1471 1412,1475 1494,1471 1529,1471 1649,1471 1697,1471 1735,1471 1806,1471 1912,1474 1968,1471 2072,1471 2141,1471 2278,1471"/>
                <Word id="w_w2aab1b1b2c15b1ab1" language="English" custom="readingOrder {index:0;}">
                    <Coords points="344,1446 382,1446 382,1471 344,1471"/>
                    <TextEquiv>
                        <Unicode>Au</Unicode>
                    </TextEquiv>
                    <TextStyle fontFamily="Arial" fontSize="7.5"/>
                </Word>
                <Word id="w_w2aab1b1b2c15b1ab7" language="English" custom="readingOrder {index:1;}">
                    <Coords points="395,1447 465,1447 465,1479 395,1479"/>
                    <TextEquiv>
                        <Unicode>sujet</Unicode>
                    </TextEquiv>
                    <TextStyle fontFamily="Arial" fontSize="7.5"/>
                </Word>
                <Word id="w_w2aab1b1b2c15b1ac19" language="English" custom="readingOrder {index:2;}">
                    <Coords points="478,1444 512,1444 512,1471 478,1471"/>
                    <TextEquiv>
                        <Unicode>du</Unicode>
                    </TextEquiv>
                    <TextStyle fontFamily="Arial" fontSize="7.5"/>
                </Word>
                <Word id="w_w2aab1b1b2c15b1ac25" language="English" custom="readingOrder {index:3;}">
                    <Coords points="527,1447 666,1447 666,1479 527,1479"/>
                    <TextEquiv>
                        <Unicode>paiement</Unicode>
                    </TextEquiv>
                    <TextStyle fontFamily="Arial" fontSize="7.5"/>
                </Word>
                <Word id="w_w2aab1b1b2c15b1ac43" language="English" custom="readingOrder {index:4;}">
                    <Coords points="678,1444 713,1444 713,1471 678,1471"/>
                    <TextEquiv>
                        <Unicode>de</Unicode>
                    </TextEquiv>
                    <TextStyle fontFamily="Arial" fontSize="7.5"/>
                </Word>
                <Word id="w_w2aab1b1b2c15b1ac49" language="English" custom="readingOrder {index:5;}">
                    <Coords points="726,1453 775,1453 775,1471 726,1471"/>
                    <TextEquiv>
                        <Unicode>son</Unicode>
                    </TextEquiv>
                    <TextStyle fontFamily="Arial" fontSize="7.5"/>
                </Word>
                <Word id="w_w2aab1b1b2c15b1ac57" language="English" custom="readingOrder {index:6;}">
                    <Coords points="788,1444 897,1444 897,1471 788,1471"/>
                    <TextEquiv>
                        <Unicode>tableau</Unicode>
                    </TextEquiv>
                    <TextStyle fontFamily="Arial" fontSize="7.5"/>
                </Word>
                <Word id="w_w2aab1b1b2c15b1ac73" language="English" custom="readingOrder {index:7;}">
                    <Coords points="910,1444 946,1444 946,1471 910,1471"/>
                    <TextEquiv>
                        <Unicode>de</Unicode>
                    </TextEquiv>
                    <TextStyle fontFamily="Arial" fontSize="7.5"/>
                </Word>
                <Word id="w_w2aab1b1b2c15b1b1b1" language="English" custom="readingOrder {index:8;}">
                    <Coords points="959,1444 1152,1444 1152,1475 959,1475"/>
                    <TextEquiv>
                        <Unicode>Clitemnestre,</Unicode>
                    </TextEquiv>
                    <TextStyle fontFamily="Arial" fontSize="7.5" italic="true"/>
                </Word>
                <Word id="w_w2aab1b1b2c15b1b2b3" language="English" custom="readingOrder {index:9;}">
                    <Coords points="1165,1453 1207,1453 1207,1471 1165,1471"/>
                    <TextEquiv>
                        <Unicode>sur</Unicode>
                    </TextEquiv>
                    <TextStyle fontFamily="Arial" fontSize="7.5"/>
                </Word>
                <Word id="w_w2aab1b1b2c15b1b2c11" language="English" custom="readingOrder {index:10;}">
                    <Coords points="1219,1444 1297,1444 1297,1471 1219,1471"/>
                    <TextEquiv>
                        <Unicode>ordre</Unicode>
                    </TextEquiv>
                    <TextStyle fontFamily="Arial" fontSize="7.5"/>
                </Word>
                <Word id="w_w2aab1b1b2c15b1b2c23" language="English" custom="readingOrder {index:11;}">
                    <Coords points="1310,1444 1345,1444 1345,1471 1310,1471"/>
                    <TextEquiv>
                        <Unicode>du</Unicode>
                    </TextEquiv>
                    <TextStyle fontFamily="Arial" fontSize="7.5"/>
                </Word>
                <Word id="w_w2aab1b1b2c15b1b2c29" language="English" custom="readingOrder {index:12;}">
                    <Coords points="1360,1447 1412,1447 1412,1475 1360,1475"/>
                    <TextEquiv>
                        <Unicode>Roi,</Unicode>
                    </TextEquiv>
                    <TextStyle fontFamily="Arial" fontSize="7.5"/>
                </Word>
                <Word id="w_w2aab1b1b2c15b1b2c39" language="English" custom="readingOrder {index:13;}">
                    <Coords points="1426,1453 1494,1453 1494,1479 1426,1479"/>
                    <TextEquiv>
                        <Unicode>pour</Unicode>
                    </TextEquiv>
                    <TextStyle fontFamily="Arial" fontSize="7.5"/>
                </Word>
                <Word id="w_w2aab1b1b2c15b1b2c49" language="English" custom="readingOrder {index:14;}">
                    <Coords points="1507,1444 1529,1444 1529,1471 1507,1471"/>
                    <TextEquiv>
                        <Unicode>la</Unicode>
                    </TextEquiv>
                    <TextStyle fontFamily="Arial" fontSize="7.5"/>
                </Word>
                <Word id="w_w2aab1b1b2c15b1b2c55" language="English" custom="readingOrder {index:15;}">
                    <Coords points="1542,1453 1649,1453 1649,1471 1542,1471"/>
                    <TextEquiv>
                        <Unicode>somme</Unicode>
                    </TextEquiv>
                    <TextStyle fontFamily="Arial" fontSize="7.5"/>
                </Word>
                <Word id="w_w2aab1b1b2c15b1b2c67" language="English" custom="readingOrder {index:16;}">
                    <Coords points="1662,1444 1697,1444 1697,1471 1662,1471"/>
                    <TextEquiv>
                        <Unicode>de</Unicode>
                    </TextEquiv>
                    <TextStyle fontFamily="Arial" fontSize="7.5"/>
                </Word>
                <Word id="w_w2aab1b1b2c15b1b2c73" language="English" custom="readingOrder {index:17;}">
                    <Coords points="1709,1446 1735,1446 1735,1471 1709,1471"/>
                    <TextEquiv>
                        <Unicode>12</Unicode>
                    </TextEquiv>
                    <TextStyle fontFamily="Arial" fontSize="7.5"/>
                </Word>
                <Word id="w_w2aab1b1b2c15b1b2c79" language="English" custom="readingOrder {index:18;}">
                    <Coords points="1748,1446 1806,1446 1806,1471 1748,1471"/>
                    <TextEquiv>
                        <Unicode>000</Unicode>
                    </TextEquiv>
                    <TextStyle fontFamily="Arial" fontSize="7.5"/>
                </Word>
                <Word id="w_w2aab1b1b2c15b1b2c87" language="English" custom="readingOrder {index:19;}">
                    <Coords points="1818,1443 1912,1443 1912,1474 1818,1474"/>
                    <TextEquiv>
                        <Unicode>francs,</Unicode>
                    </TextEquiv>
                    <TextStyle fontFamily="Arial" fontSize="7.5"/>
                </Word>
                <Word id="w_w2aab1b1b2c15b1b2d103" language="English" custom="readingOrder {index:20;}">
                    <Coords points="1925,1447 1968,1447 1968,1479 1925,1479"/>
                    <TextEquiv>
                        <Unicode>qui</Unicode>
                    </TextEquiv>
                    <TextStyle fontFamily="Arial" fontSize="7.5"/>
                </Word>
                <Word id="w_w2aab1b1b2c15b1b2d111" language="English" custom="readingOrder {index:21;}">
                    <Coords points="1982,1444 2072,1444 2072,1471 1982,1471"/>
                    <TextEquiv>
                        <Unicode>devait</Unicode>
                    </TextEquiv>
                    <TextStyle fontFamily="Arial" fontSize="7.5"/>
                </Word>
                <Word id="w_w2aab1b1b2c15b1b2d125" language="English" custom="readingOrder {index:22;}">
                    <Coords points="2084,1447 2141,1447 2141,1471 2084,1471"/>
                    <TextEquiv>
                        <Unicode>être</Unicode>
                    </TextEquiv>
                    <TextStyle fontFamily="Arial" fontSize="7.5"/>
                </Word>
                <Word id="w_w2aab1b1b2c15b1b2d135" language="English" custom="readingOrder {index:23;}">
                    <Coords points="2154,1444 2278,1444 2278,1471 2154,1471"/>
                    <TextEquiv>
                        <Unicode>effectué</Unicode>
                    </TextEquiv>
                    <TextStyle fontFamily="Arial" fontSize="7.5"/>
                </Word>
                <TextEquiv>
                    <Unicode>Au sujet du paiement de son tableau de Clitemnestre, sur ordre du Roi, pour la somme de 12 000 francs, qui devait être effectué</Unicode>
                </TextEquiv>
            </TextLine>
            <TextLine id="tl_19" primaryLanguage="English" custom="readingOrder {index:1;}">
                <Coords points="307,1489 2278,1489 2278,1525 307,1525"/>
                <Baseline points="307,1512 322,1512 418,1516 463,1516 629,1520 726,1517 771,1516 913,1517 967,1516 1016,1516 1086,1517 1168,1516 1203,1516 1430,1516 1470,1517 1576,1516 1762,1517 1793,1517 1835,1516 1978,1516 2131,1516 2221,1516 2278,1516"/>
                <Word id="w_w2aab1b1b2c15b3ab1" language="English" custom="readingOrder {index:0;}">
                    <Coords points="307,1499 322,1499 322,1512 307,1512"/>
                    <TextEquiv>
                        <Unicode>«</Unicode>
                    </TextEquiv>
                    <TextStyle fontFamily="Arial" fontSize="7.5"/>
                </Word>
                <Word id="w_w2aab1b1b2c15b3ab5" language="English" custom="readingOrder {index:1;}">
                    <Coords points="333,1492 418,1492 418,1525 333,1525"/>
                    <TextEquiv>
                        <Unicode>partie</Unicode>
                    </TextEquiv>
                    <TextStyle fontFamily="Arial" fontSize="7.5"/>
                </Word>
                <Word id="w_w2aab1b1b2c15b3ac19" language="English" custom="readingOrder {index:2;}">
                    <Coords points="429,1499 463,1499 463,1516 429,1516"/>
                    <TextEquiv>
                        <Unicode>en</Unicode>
                    </TextEquiv>
                    <TextStyle fontFamily="Arial" fontSize="7.5"/>
                </Word>
                <Word id="w_w2aab1b1b2c15b3ac25" language="English" custom="readingOrder {index:3;}">
                    <Coords points="476,1492 629,1492 629,1520 476,1520"/>
                    <TextEquiv>
                        <Unicode>numéraire,</Unicode>
                    </TextEquiv>
                    <TextStyle fontFamily="Arial" fontSize="7.5"/>
                </Word>
                <Word id="w_w2aab1b1b2c15b3ac47" language="English" custom="readingOrder {index:4;}">
                    <Coords points="641,1492 726,1492 726,1525 641,1525"/>
                    <TextEquiv>
                        <Unicode>partie</Unicode>
                    </TextEquiv>
                    <TextStyle fontFamily="Arial" fontSize="7.5"/>
                </Word>
                <Word id="w_w2aab1b1b2c15b3ac61" language="English" custom="readingOrder {index:5;}">
                    <Coords points="737,1499 771,1499 771,1516 737,1516"/>
                    <TextEquiv>
                        <Unicode>en</Unicode>
                    </TextEquiv>
                    <TextStyle fontFamily="Arial" fontSize="7.5"/>
                </Word>
                <Word id="w_w2aab1b1b2c15b3ac67" language="English" custom="readingOrder {index:6;}">
                    <Coords points="782,1499 913,1499 913,1525 782,1525"/>
                    <TextEquiv>
                        <Unicode>ouvrages</Unicode>
                    </TextEquiv>
                    <TextStyle fontFamily="Arial" fontSize="7.5"/>
                </Word>
                <Word id="w_w2aab1b1b2c15b3ac85" language="English" custom="readingOrder {index:7;}">
                    <Coords points="924,1498 967,1498 967,1517 924,1517"/>
                    <TextEquiv>
                        <Unicode>sur</Unicode>
                    </TextEquiv>
                    <TextStyle fontFamily="Arial" fontSize="7.5"/>
                </Word>
                <Word id="w_w2aab1b1b2c15b3ac93" language="English" custom="readingOrder {index:8;}">
                    <Coords points="979,1489 1016,1489 1016,1517 979,1517"/>
                    <TextEquiv>
                        <Unicode>les</Unicode>
                    </TextEquiv>
                    <TextStyle fontFamily="Arial" fontSize="7.5"/>
                </Word>
                <Word id="w_w2aab1b1b2c15b3ad101" language="English" custom="readingOrder {index:9;}">
                    <Coords points="1027,1492 1086,1492 1086,1517 1027,1517"/>
                    <TextEquiv>
                        <Unicode>Arts</Unicode>
                    </TextEquiv>
                    <TextStyle fontFamily="Arial" fontSize="7.5"/>
                </Word>
                <Word id="w_w2aab1b1b2c15b3ad111" language="English" custom="readingOrder {index:10;}">
                    <Coords points="1097,1489 1168,1489 1168,1516 1097,1516"/>
                    <TextEquiv>
                        <Unicode>dont</Unicode>
                    </TextEquiv>
                    <TextStyle fontFamily="Arial" fontSize="7.5"/>
                </Word>
                <Word id="w_w2aab1b1b2c15b3ad121" language="English" custom="readingOrder {index:11;}">
                    <Coords points="1180,1489 1203,1489 1203,1516 1180,1516"/>
                    <TextEquiv>
                        <Unicode>le</Unicode>
                    </TextEquiv>
                    <TextStyle fontFamily="Arial" fontSize="7.5"/>
                </Word>
                <Word id="w_w2aab1b1b2c15b3ad127" language="English" custom="readingOrder {index:12;}">
                    <Coords points="1214,1494 1430,1494 1430,1525 1214,1525"/>
                    <TextEquiv>
                        <Unicode>gouvernement</Unicode>
                    </TextEquiv>
                    <TextStyle fontFamily="Arial" fontSize="7.5"/>
                </Word>
                <Word id="w_w2aab1b1b2c15b3ad153" language="English" custom="readingOrder {index:13;}">
                    <Coords points="1440,1499 1470,1499 1470,1517 1440,1517"/>
                    <TextEquiv>
                        <Unicode>se</Unicode>
                    </TextEquiv>
                    <TextStyle fontFamily="Arial" fontSize="7.5"/>
                </Word>
                <Word id="w_w2aab1b1b2c15b3ad159" language="English" custom="readingOrder {index:14;}">
                    <Coords points="1480,1495 1576,1495 1576,1516 1480,1516"/>
                    <TextEquiv>
                        <Unicode>trouve</Unicode>
                    </TextEquiv>
                    <TextStyle fontFamily="Arial" fontSize="7.5"/>
                </Word>
                <Word id="w_w2aab1b1b2c15b3ad173" language="English" custom="readingOrder {index:15;}">
                    <Coords points="1588,1492 1762,1492 1762,1525 1588,1525"/>
                    <TextEquiv>
                        <Unicode>propriétaire</Unicode>
                    </TextEquiv>
                    <TextStyle fontFamily="Arial" fontSize="7.5"/>
                </Word>
                <Word id="w_w2aab1b1b2c15b3ad199" language="English" custom="readingOrder {index:16;}">
                    <Coords points="1773,1499 1793,1499 1793,1517 1773,1517"/>
                    <TextEquiv>
                        <Unicode>».</Unicode>
                    </TextEquiv>
                    <TextStyle fontFamily="Arial" fontSize="7.5"/>
                </Word>
                <Word id="w_w2aab1b1b2c15b3ad205" language="English" custom="readingOrder {index:17;}">
                    <Coords points="1806,1492 1835,1492 1835,1516 1806,1516"/>
                    <TextEquiv>
                        <Unicode>La</Unicode>
                    </TextEquiv>
                    <TextStyle fontFamily="Arial" fontSize="7.5"/>
                </Word>
                <Word id="w_w2aab1b1b2c15b3ad211" language="English" custom="readingOrder {index:18;}">
                    <Coords points="1847,1492 1978,1492 1978,1525 1847,1525"/>
                    <TextEquiv>
                        <Unicode>première</Unicode>
                    </TextEquiv>
                    <TextStyle fontFamily="Arial" fontSize="7.5"/>
                </Word>
                <Word id="w_w2aab1b1b2c15b3ad229" language="English" custom="readingOrder {index:19;}">
                    <Coords points="1989,1489 2131,1489 2131,1517 1989,1517"/>
                    <TextEquiv>
                        <Unicode>condition</Unicode>
                    </TextEquiv>
                    <TextStyle fontFamily="Arial" fontSize="7.5"/>
                </Word>
                <Word id="w_w2aab1b1b2c15b3ad249" language="English" custom="readingOrder {index:20;}">
                    <Coords points="2142,1495 2221,1495 2221,1525 2142,1525"/>
                    <TextEquiv>
                        <Unicode>ayant</Unicode>
                    </TextEquiv>
                    <TextStyle fontFamily="Arial" fontSize="7.5"/>
                </Word>
                <Word id="w_w2aab1b1b2c15b3ad261" language="English" custom="readingOrder {index:21;}">
                    <Coords points="2231,1492 2278,1492 2278,1516 2231,1516"/>
                    <TextEquiv>
                        <Unicode>été</Unicode>
                    </TextEquiv>
                    <TextStyle fontFamily="Arial" fontSize="7.5"/>
                </Word>
                <TextEquiv>
                    <Unicode>« partie en numéraire, partie en ouvrages sur les Arts dont le gouvernement se trouve propriétaire ». La première condition ayant été</Unicode>
                </TextEquiv>
                <TextStyle fontFamily="Arial" fontSize="7.5"/>
            </TextLine>
            <TextLine id="tl_20" primaryLanguage="English" custom="readingOrder {index:2;}">
                <Coords points="309,1535 2278,1535 2278,1570 309,1570"/>
                <Baseline points="309,1562 426,1565 451,1562 579,1562 613,1562 746,1562 785,1562 888,1562 922,1562 992,1562 1051,1562 1191,1562 1261,1562 1397,1562 1411,1562 1435,1557 1477,1562 1567,1562 1694,1562 1747,1562 1879,1565 1932,1561 2152,1562 2278,1562"/>
                <Word id="w_w2aab1b1b2c15b5ab1" language="English" custom="readingOrder {index:0;}">
                    <Coords points="309,1535 426,1535 426,1570 309,1570"/>
                    <TextEquiv>
                        <Unicode>remplie,</Unicode>
                    </TextEquiv>
                    <TextStyle fontFamily="Arial" fontSize="7.5"/>
                </Word>
                <Word id="w_w2aab1b1b2c15b5ac19" language="English" custom="readingOrder {index:1;}">
                    <Coords points="438,1535 451,1535 451,1562 438,1562"/>
                    <TextEquiv>
                        <Unicode>il</Unicode>
                    </TextEquiv>
                    <TextStyle fontFamily="Arial" fontSize="7.5"/>
                </Word>
                <Word id="w_w2aab1b1b2c15b5ac25" language="English" custom="readingOrder {index:2;}">
                    <Coords points="463,1535 579,1535 579,1562 463,1562"/>
                    <TextEquiv>
                        <Unicode>réclame</Unicode>
                    </TextEquiv>
                    <TextStyle fontFamily="Arial" fontSize="7.5"/>
                </Word>
                <Word id="w_w2aab1b1b2c15b5ac41" language="English" custom="readingOrder {index:3;}">
                    <Coords points="591,1535 613,1535 613,1562 591,1562"/>
                    <TextEquiv>
                        <Unicode>la</Unicode>
                    </TextEquiv>
                    <TextStyle fontFamily="Arial" fontSize="7.5"/>
                </Word>
                <Word id="w_w2aab1b1b2c15b5ac47" language="English" custom="readingOrder {index:4;}">
                    <Coords points="623,1535 746,1535 746,1562 623,1562"/>
                    <TextEquiv>
                        <Unicode>seconde</Unicode>
                    </TextEquiv>
                    <TextStyle fontFamily="Arial" fontSize="7.5"/>
                </Word>
                <Word id="w_w2aab1b1b2c15b5ac63" language="English" custom="readingOrder {index:5;}">
                    <Coords points="756,1540 785,1540 785,1562 756,1562"/>
                    <TextEquiv>
                        <Unicode>et</Unicode>
                    </TextEquiv>
                    <TextStyle fontFamily="Arial" fontSize="7.5"/>
                </Word>
                <Word id="w_w2aab1b1b2c15b5ac69" language="English" custom="readingOrder {index:6;}">
                    <Coords points="795,1535 888,1535 888,1562 795,1562"/>
                    <TextEquiv>
                        <Unicode>donne</Unicode>
                    </TextEquiv>
                    <TextStyle fontFamily="Arial" fontSize="7.5"/>
                </Word>
                <Word id="w_w2aab1b1b2c15b5ac81" language="English" custom="readingOrder {index:7;}">
                    <Coords points="900,1535 922,1535 922,1562 900,1562"/>
                    <TextEquiv>
                        <Unicode>la</Unicode>
                    </TextEquiv>
                    <TextStyle fontFamily="Arial" fontSize="7.5"/>
                </Word>
                <Word id="w_w2aab1b1b2c15b5ac87" language="English" custom="readingOrder {index:8;}">
                    <Coords points="933,1535 992,1535 992,1562 933,1562"/>
                    <TextEquiv>
                        <Unicode>liste</Unicode>
                    </TextEquiv>
                    <TextStyle fontFamily="Arial" fontSize="7.5"/>
                </Word>
                <Word id="w_w2aab1b1b2c15b5ac99" language="English" custom="readingOrder {index:9;}">
                    <Coords points="1002,1535 1051,1535 1051,1562 1002,1562"/>
                    <TextEquiv>
                        <Unicode>des</Unicode>
                    </TextEquiv>
                    <TextStyle fontFamily="Arial" fontSize="7.5"/>
                </Word>
                <Word id="w_w2aab1b1b2c15b5ad107" language="English" custom="readingOrder {index:10;}">
                    <Coords points="1061,1544 1191,1544 1191,1570 1061,1570"/>
                    <TextEquiv>
                        <Unicode>ouvrages</Unicode>
                    </TextEquiv>
                    <TextStyle fontFamily="Arial" fontSize="7.5"/>
                </Word>
                <Word id="w_w2aab1b1b2c15b5ad125" language="English" custom="readingOrder {index:11;}">
                    <Coords points="1202,1535 1261,1535 1261,1570 1202,1570"/>
                    <TextEquiv>
                        <Unicode>qu’il</Unicode>
                    </TextEquiv>
                    <TextStyle fontFamily="Arial" fontSize="7.5"/>
                </Word>
                <Word id="w_w2aab1b1b2c15b5ad137" language="English" custom="readingOrder {index:12;}">
                    <Coords points="1272,1535 1397,1535 1397,1562 1272,1562"/>
                    <TextEquiv>
                        <Unicode>souhaite</Unicode>
                    </TextEquiv>
                    <TextStyle fontFamily="Arial" fontSize="7.5"/>
                </Word>
                <Word id="w_w2aab1b1b2c15b5ad155" language="English" custom="readingOrder {index:13;}">
                    <Coords points="1408,1544 1411,1544 1411,1562 1408,1562"/>
                    <TextEquiv>
                        <Unicode>:</Unicode>
                    </TextEquiv>
                    <TextStyle fontFamily="Arial" fontSize="7.5"/>
                </Word>
                <Word id="w_w2aab1b1b2c15b5ad159" language="English" custom="readingOrder {index:14;}">
                    <Coords points="1421,1545 1435,1545 1435,1557 1421,1557"/>
                    <TextEquiv>
                        <Unicode>«</Unicode>
                    </TextEquiv>
                    <TextStyle fontFamily="Arial" fontSize="7.5"/>
                </Word>
                <Word id="w_w2aab1b1b2c15b5ad163" language="English" custom="readingOrder {index:15;}">
                    <Coords points="1446,1538 1477,1538 1477,1562 1446,1562"/>
                    <TextEquiv>
                        <Unicode>Le</Unicode>
                    </TextEquiv>
                    <TextStyle fontFamily="Arial" fontSize="7.5"/>
                </Word>
                <Word id="w_w2aab1b1b2c15b5ad169" language="English" custom="readingOrder {index:16;}">
                    <Coords points="1486,1535 1567,1535 1567,1570 1486,1570"/>
                    <TextEquiv>
                        <Unicode>grand</Unicode>
                    </TextEquiv>
                    <TextStyle fontFamily="Arial" fontSize="7.5"/>
                </Word>
                <Word id="w_w2aab1b1b2c15b5ad181" language="English" custom="readingOrder {index:17;}">
                    <Coords points="1578,1544 1694,1544 1694,1570 1578,1570"/>
                    <TextEquiv>
                        <Unicode>ouvrage</Unicode>
                    </TextEquiv>
                    <TextStyle fontFamily="Arial" fontSize="7.5"/>
                </Word>
                <Word id="w_w2aab1b1b2c15b5ad197" language="English" custom="readingOrder {index:18;}">
                    <Coords points="1704,1544 1747,1544 1747,1562 1704,1562"/>
                    <TextEquiv>
                        <Unicode>sur</Unicode>
                    </TextEquiv>
                    <TextStyle fontFamily="Arial" fontSize="7.5"/>
                </Word>
                <Word id="w_w2aab1b1b2c15b5ad205" language="English" custom="readingOrder {index:19;}">
                    <Coords points="1758,1535 1879,1535 1879,1570 1758,1570"/>
                    <TextEquiv>
                        <Unicode>l’Egypte,</Unicode>
                    </TextEquiv>
                    <TextStyle fontFamily="Arial" fontSize="7.5"/>
                </Word>
                <Word id="w_w2aab1b1b2c15b5ad225" language="English" custom="readingOrder {index:20;}">
                    <Coords points="1890,1544 1932,1544 1932,1562 1890,1562"/>
                    <TextEquiv>
                        <Unicode>sur</Unicode>
                    </TextEquiv>
                    <TextStyle fontFamily="Arial" fontSize="7.5"/>
                </Word>
                <Word id="w_w2aab1b1b2c15b5ad233" language="English" custom="readingOrder {index:21;}">
                    <Coords points="1943,1535 2152,1535 2152,1570 1943,1570"/>
                    <TextEquiv>
                        <Unicode>l’Iconographie</Unicode>
                    </TextEquiv>
                    <TextStyle fontFamily="Arial" fontSize="7.5"/>
                </Word>
                <Word id="w_w2aab1b1b2c15b5ad263" language="English" custom="readingOrder {index:22;}">
                    <Coords points="2161,1544 2278,1544 2278,1570 2161,1570"/>
                    <TextEquiv>
                        <Unicode>grecque</Unicode>
                    </TextEquiv>
                    <TextStyle fontFamily="Arial" fontSize="7.5"/>
                </Word>
                <TextEquiv>
                    <Unicode>remplie, il réclame la seconde et donne la liste des ouvrages qu’il souhaite : « Le grand ouvrage sur l’Egypte, sur l’Iconographie grecque</Unicode>
                </TextEquiv>
                <TextStyle fontFamily="Arial" fontSize="7.5"/>
            </TextLine>
            <TextLine id="tl_21" primaryLanguage="English" custom="readingOrder {index:3;}">
                <Coords points="308,1580 1777,1580 1777,1616 308,1616"/>
                <Baseline points="308,1608 337,1607 474,1611 533,1607 669,1611 723,1607 758,1608 947,1608 1132,1611 1186,1607 1236,1608 1343,1608 1390,1608 1511,1607 1569,1607 1682,1608 1714,1611 1777,1608"/>
                <Word id="w_w2aab1b1b2c15b7ab1" language="English" custom="readingOrder {index:0;}">
                    <Coords points="308,1586 337,1586 337,1608 308,1608"/>
                    <TextEquiv>
                        <Unicode>et</Unicode>
                    </TextEquiv>
                    <TextStyle fontFamily="Arial" fontSize="7.5"/>
                </Word>
                <Word id="w_w2aab1b1b2c15b7ab7" language="English" custom="readingOrder {index:1;}">
                    <Coords points="349,1583 474,1583 474,1611 349,1611"/>
                    <TextEquiv>
                        <Unicode>romaine,</Unicode>
                    </TextEquiv>
                    <TextStyle fontFamily="Arial" fontSize="7.5"/>
                </Word>
                <Word id="w_w2aab1b1b2c15b7ac25" language="English" custom="readingOrder {index:2;}">
                    <Coords points="488,1590 533,1590 533,1616 488,1616"/>
                    <TextEquiv>
                        <Unicode>par</Unicode>
                    </TextEquiv>
                    <TextStyle fontFamily="Arial" fontSize="7.5"/>
                </Word>
                <Word id="w_w2aab1b1b2c15b7ac33" language="English" custom="readingOrder {index:3;}">
                    <Coords points="543,1583 669,1583 669,1611 543,1611"/>
                    <TextEquiv>
                        <Unicode>Visconti,</Unicode>
                    </TextEquiv>
                    <TextStyle fontFamily="Arial" fontSize="7.5"/>
                </Word>
                <Word id="w_w2aab1b1b2c15b7ac53" language="English" custom="readingOrder {index:4;}">
                    <Coords points="681,1590 723,1590 723,1608 681,1608"/>
                    <TextEquiv>
                        <Unicode>sur</Unicode>
                    </TextEquiv>
                    <TextStyle fontFamily="Arial" fontSize="7.5"/>
                </Word>
                <Word id="w_w2aab1b1b2c15b7ac61" language="English" custom="readingOrder {index:5;}">
                    <Coords points="736,1580 758,1580 758,1608 736,1608"/>
                    <TextEquiv>
                        <Unicode>la</Unicode>
                    </TextEquiv>
                    <TextStyle fontFamily="Arial" fontSize="7.5"/>
                </Word>
                <Word id="w_w2aab1b1b2c15b7ac67" language="English" custom="readingOrder {index:6;}">
                    <Coords points="771,1583 947,1583 947,1608 771,1608"/>
                    <TextEquiv>
                        <Unicode>Renaissance</Unicode>
                    </TextEquiv>
                    <TextStyle fontFamily="Arial" fontSize="7.5"/>
                </Word>
                <Word id="w_w2aab1b1b2c15b7ac91" language="English" custom="readingOrder {index:7;}">
                    <Coords points="958,1580 1132,1580 1132,1611 958,1611"/>
                    <TextEquiv>
                        <Unicode>d’Azincourt,</Unicode>
                    </TextEquiv>
                    <TextStyle fontFamily="Arial" fontSize="7.5"/>
                </Word>
                <Word id="w_w2aab1b1b2c15b7ad117" language="English" custom="readingOrder {index:8;}">
                    <Coords points="1144,1590 1186,1590 1186,1608 1144,1608"/>
                    <TextEquiv>
                        <Unicode>sur</Unicode>
                    </TextEquiv>
                    <TextStyle fontFamily="Arial" fontSize="7.5"/>
                </Word>
                <Word id="w_w2aab1b1b2c15b7ad125" language="English" custom="readingOrder {index:9;}">
                    <Coords points="1199,1580 1236,1580 1236,1608 1199,1608"/>
                    <TextEquiv>
                        <Unicode>les</Unicode>
                    </TextEquiv>
                    <TextStyle fontFamily="Arial" fontSize="7.5"/>
                </Word>
                <Word id="w_w2aab1b1b2c15b7ad133" language="English" custom="readingOrder {index:10;}">
                    <Coords points="1249,1583 1343,1583 1343,1608 1249,1608"/>
                    <TextEquiv>
                        <Unicode>Ruines</Unicode>
                    </TextEquiv>
                    <TextStyle fontFamily="Arial" fontSize="7.5"/>
                </Word>
                <Word id="w_w2aab1b1b2c15b7ad147" language="English" custom="readingOrder {index:11;}">
                    <Coords points="1354,1580 1390,1580 1390,1608 1354,1608"/>
                    <TextEquiv>
                        <Unicode>de</Unicode>
                    </TextEquiv>
                    <TextStyle fontFamily="Arial" fontSize="7.5"/>
                </Word>
                <Word id="w_w2aab1b1b2c15b7ad153" language="English" custom="readingOrder {index:12;}">
                    <Coords points="1402,1583 1511,1583 1511,1616 1402,1616"/>
                    <TextEquiv>
                        <Unicode>Pompe!</Unicode>
                    </TextEquiv>
                    <TextStyle fontFamily="Arial" fontSize="7.5"/>
                </Word>
                <Word id="w_w2aab1b1b2c15b7ad167" language="English" custom="readingOrder {index:13;}">
                    <Coords points="1523,1590 1569,1590 1569,1616 1523,1616"/>
                    <TextEquiv>
                        <Unicode>par</Unicode>
                    </TextEquiv>
                    <TextStyle fontFamily="Arial" fontSize="7.5"/>
                </Word>
                <Word id="w_w2aab1b1b2c15b7ad175" language="English" custom="readingOrder {index:14;}">
                    <Coords points="1581,1583 1682,1583 1682,1608 1581,1608"/>
                    <TextEquiv>
                        <Unicode>Mazois</Unicode>
                    </TextEquiv>
                    <TextStyle fontFamily="Arial" fontSize="7.5"/>
                </Word>
                <Word id="w_w2aab1b1b2c15b7ad189" language="English" custom="readingOrder {index:15;}">
                    <Coords points="1694,1591 1714,1591 1714,1611 1694,1611"/>
                    <TextEquiv>
                        <Unicode>»,</Unicode>
                    </TextEquiv>
                    <TextStyle fontFamily="Arial" fontSize="7.5"/>
                </Word>
                <Word id="w_w2aab1b1b2c15b7ad195" language="English" custom="readingOrder {index:16;}">
                    <Coords points="1725,1586 1777,1586 1777,1608 1725,1608"/>
                    <TextEquiv>
                        <Unicode>etc.</Unicode>
                    </TextEquiv>
                    <TextStyle fontFamily="Arial" fontSize="7.5"/>
                </Word>
                <TextEquiv>
                    <Unicode>et romaine, par Visconti, sur la Renaissance d’Azincourt, sur les Ruines de Pompe! par Mazois », etc.</Unicode>
                </TextEquiv>
                <TextStyle fontFamily="Arial" fontSize="7.5"/>
            </TextLine>
            <TextEquiv>
                <Unicode>Au sujet du paiement de son tableau de Clitemnestre, sur ordre du Roi, pour la somme de 12 000 francs, qui devait être effectué
« partie en numéraire, partie en ouvrages sur les Arts dont le gouvernement se trouve propriétaire ». La première condition ayant été
remplie, il réclame la seconde et donne la liste des ouvrages qu’il souhaite : « Le grand ouvrage sur l’Egypte, sur l’Iconographie grecque
et romaine, par Visconti, sur la Renaissance d’Azincourt, sur les Ruines de Pompe! par Mazois », etc.</Unicode>
            </TextEquiv>
        </TextRegion>
        <TextRegion type="paragraph" id="r_1_9" custom="readingOrder {index:8;}">
            <Coords points="221,1690 2278,1690 2278,1727 221,1727"/>
            <TextLine id="tl_22" primaryLanguage="English" custom="readingOrder {index:0;}">
                <Coords points="222,1691 2277,1691 2277,1726 222,1726"/>
                <Baseline points="222,1718 258,1718 411,1718 608,1718 716,1726 886,1721 970,1718 1067,1718 1116,1718 1197,1718 1489,1721 1662,1718 1725,1718 1886,1718 1915,1718 2010,1717 2059,1718 2141,1718 2198,1718 2277,1718"/>
                <Word id="w_w2aab1b1b2c17b1ab1" language="English" custom="readingOrder {index:0;}">
                    <Coords points="222,1693 258,1693 258,1718 222,1718"/>
                    <TextEquiv>
                        <Unicode>67.</Unicode>
                    </TextEquiv>
                    <TextStyle fontFamily="Arial" fontSize="7.5"/>
                </Word>
                <Word id="w_w2aab1b1b2c17b1ab9" language="English" custom="readingOrder {index:1;}">
                    <Coords points="309,1691 411,1691 411,1718 309,1718"/>
                    <TextEquiv>
                        <Unicode>Michel</Unicode>
                    </TextEquiv>
                    <TextStyle fontFamily="Arial" fontSize="7.5"/>
                </Word>
                <Word id="w_w2aab1b1b2c17b1ac23" language="English" custom="readingOrder {index:2;}">
                    <Coords points="427,1693 608,1693 608,1718 427,1718"/>
                    <TextEquiv>
                        <Unicode>HARDOUIN</Unicode>
                    </TextEquiv>
                    <TextStyle fontFamily="Arial" fontSize="7.5"/>
                </Word>
                <Word id="w_w2aab1b1b2c17b1ac41" language="English" custom="readingOrder {index:3;}">
                    <Coords points="623,1691 716,1691 716,1726 623,1726"/>
                    <TextEquiv>
                        <Unicode>(fl687)</Unicode>
                    </TextEquiv>
                    <TextStyle fontFamily="Arial" fontSize="7.5"/>
                </Word>
                <Word id="w_w2aab1b1b2c17b1ac57" language="English" custom="readingOrder {index:4;}">
                    <Coords points="731,1691 886,1691 886,1721 731,1721"/>
                    <TextEquiv>
                        <Unicode>architecte,</Unicode>
                    </TextEquiv>
                    <TextStyle fontFamily="Arial" fontSize="7.5"/>
                </Word>
                <Word id="w_w2aab1b1b2c17b1ac81" language="English" custom="readingOrder {index:5;}">
                    <Coords points="900,1691 970,1691 970,1718 900,1718"/>
                    <TextEquiv>
                        <Unicode>frère</Unicode>
                    </TextEquiv>
                    <TextStyle fontFamily="Arial" fontSize="7.5"/>
                </Word>
                <Word id="w_w2aab1b1b2c17b1ac93" language="English" custom="readingOrder {index:6;}">
                    <Coords points="984,1691 1067,1691 1067,1718 984,1718"/>
                    <TextEquiv>
                        <Unicode>cadet</Unicode>
                    </TextEquiv>
                    <TextStyle fontFamily="Arial" fontSize="7.5"/>
                </Word>
                <Word id="w_w2aab1b1b2c17b1ad105" language="English" custom="readingOrder {index:7;}">
                    <Coords points="1081,1691 1116,1691 1116,1718 1081,1718"/>
                    <TextEquiv>
                        <Unicode>de</Unicode>
                    </TextEquiv>
                    <TextStyle fontFamily="Arial" fontSize="7.5"/>
                </Word>
                <Word id="w_w2aab1b1b2c17b1ad111" language="English" custom="readingOrder {index:8;}">
                    <Coords points="1127,1691 1197,1691 1197,1722 1127,1722"/>
                    <TextEquiv>
                        <Unicode>Jules</Unicode>
                    </TextEquiv>
                    <TextStyle fontFamily="Arial" fontSize="7.5"/>
                </Word>
                <Word id="w_w2aab1b1b2c17b1ad123" language="English" custom="readingOrder {index:9;}">
                    <Coords points="1213,1691 1489,1691 1489,1721 1213,1721"/>
                    <TextEquiv>
                        <Unicode>Hardouin-Mansart,</Unicode>
                    </TextEquiv>
                    <TextStyle fontFamily="Arial" fontSize="7.5"/>
                </Word>
                <Word id="w_w2aab1b1b2c17b1ad159" language="English" custom="readingOrder {index:10;}">
                    <Coords points="1504,1691 1662,1691 1662,1718 1504,1718"/>
                    <TextEquiv>
                        <Unicode>contrôleur</Unicode>
                    </TextEquiv>
                    <TextStyle fontFamily="Arial" fontSize="7.5"/>
                </Word>
                <Word id="w_w2aab1b1b2c17b1ad181" language="English" custom="readingOrder {index:11;}">
                    <Coords points="1676,1691 1725,1691 1725,1718 1676,1718"/>
                    <TextEquiv>
                        <Unicode>des</Unicode>
                    </TextEquiv>
                    <TextStyle fontFamily="Arial" fontSize="7.5"/>
                </Word>
                <Word id="w_w2aab1b1b2c17b1ad189" language="English" custom="readingOrder {index:12;}">
                    <Coords points="1740,1691 1886,1691 1886,1718 1740,1718"/>
                    <TextEquiv>
                        <Unicode>bâtiments</Unicode>
                    </TextEquiv>
                    <TextStyle fontFamily="Arial" fontSize="7.5"/>
                </Word>
                <Word id="w_w2aab1b1b2c17b1ad209" language="English" custom="readingOrder {index:13;}">
                    <Coords points="1901,1693 1915,1693 1915,1718 1901,1718"/>
                    <TextEquiv>
                        <Unicode>à</Unicode>
                    </TextEquiv>
                    <TextStyle fontFamily="Arial" fontSize="7.5"/>
                </Word>
                <Word id="w_w2aab1b1b2c17b1ad213" language="English" custom="readingOrder {index:14;}">
                    <Coords points="1930,1694 2010,1694 2010,1726 1930,1726"/>
                    <TextEquiv>
                        <Unicode>partir</Unicode>
                    </TextEquiv>
                    <TextStyle fontFamily="Arial" fontSize="7.5"/>
                </Word>
                <Word id="w_w2aab1b1b2c17b1ad227" language="English" custom="readingOrder {index:15;}">
                    <Coords points="2024,1691 2059,1691 2059,1718 2024,1718"/>
                    <TextEquiv>
                        <Unicode>de</Unicode>
                    </TextEquiv>
                    <TextStyle fontFamily="Arial" fontSize="7.5"/>
                </Word>
                <Word id="w_w2aab1b1b2c17b1ad233" language="English" custom="readingOrder {index:16;}">
                    <Coords points="2072,1693 2141,1693 2141,1718 2072,1718"/>
                    <TextEquiv>
                        <Unicode>1683.</Unicode>
                    </TextEquiv>
                    <TextStyle fontFamily="Arial" fontSize="7.5"/>
                </Word>
                <Word id="w_w2aab1b1b2c17b1ad245" language="English" custom="readingOrder {index:17;}">
                    <Coords points="2157,1693 2198,1693 2198,1718 2157,1718"/>
                    <TextEquiv>
                        <Unicode>PS.</Unicode>
                    </TextEquiv>
                    <TextStyle fontFamily="Arial" fontSize="7.5"/>
                </Word>
                <Word id="w_w2aab1b1b2c17b1ad253" language="English" custom="readingOrder {index:18;}">
                    <Coords points="2213,1700 2277,1700 2277,1718 2213,1718"/>
                    <TextEquiv>
                        <Unicode>avec</Unicode>
                    </TextEquiv>
                    <TextStyle fontFamily="Arial" fontSize="7.5"/>
                </Word>
                <TextEquiv>
                    <Unicode>67. Michel HARDOUIN (fl687) architecte, frère cadet de Jules Hardouin-Mansart, contrôleur des bâtiments à partir de 1683. PS. avec</Unicode>
                </TextEquiv>
                <TextStyle fontFamily="Arial" fontSize="7.5"/>
            </TextLine>
            <TextEquiv>
                <Unicode>67. Michel HARDOUIN (fl687) architecte, frère cadet de Jules Hardouin-Mansart, contrôleur des bâtiments à partir de 1683. PS. avec</Unicode>
            </TextEquiv>
        </TextRegion>
        <TextRegion type="paragraph" id="r_1_10" custom="readingOrder {index:9;}">
            <Coords points="306,1735 2278,1735 2278,1773 306,1773"/>
            <TextLine id="tl_23" primaryLanguage="English" custom="readingOrder {index:0;}">
                <Coords points="307,1736 2277,1736 2277,1772 307,1772"/>
                <Baseline points="307,1763 325,1763 422,1764 622,1767 665,1764 824,1764 899,1763 915,1767 941,1763 1036,1764 1133,1763 2277,1764"/>
                <Word id="w_w2aab1b1b2c19b1ab1" language="English" custom="readingOrder {index:0;}">
                    <Coords points="307,1739 325,1739 325,1763 307,1763"/>
                    <TextEquiv>
                        <Unicode>II</Unicode>
                    </TextEquiv>
                    <TextStyle fontFamily="Arial" fontSize="7.5"/>
                </Word>
                <Word id="w_w2aab1b1b2c19b1ab7" language="English" custom="readingOrder {index:1;}">
                    <Coords points="340,1736 422,1736 422,1772 340,1772"/>
                    <TextEquiv>
                        <Unicode>lignes</Unicode>
                    </TextEquiv>
                    <TextStyle fontFamily="Arial" fontSize="7.5"/>
                </Word>
                <Word id="w_w2aab1b1b2c19b1ac21" language="English" custom="readingOrder {index:2;}">
                    <Coords points="434,1736 622,1736 622,1772 434,1772"/>
                    <TextEquiv>
                        <Unicode>autographes,</Unicode>
                    </TextEquiv>
                    <TextStyle fontFamily="Arial" fontSize="7.5"/>
                </Word>
                <Word id="w_w2aab1b1b2c19b1ac47" language="English" custom="readingOrder {index:3;}">
                    <Coords points="634,1739 665,1739 665,1764 634,1764"/>
                    <TextEquiv>
                        <Unicode>25</Unicode>
                    </TextEquiv>
                    <TextStyle fontFamily="Arial" fontSize="7.5"/>
                </Word>
                <Word id="w_w2aab1b1b2c19b1ac53" language="English" custom="readingOrder {index:4;}">
                    <Coords points="678,1736 824,1736 824,1764 678,1764"/>
                    <TextEquiv>
                        <Unicode>novembre</Unicode>
                    </TextEquiv>
                    <TextStyle fontFamily="Arial" fontSize="7.5"/>
                </Word>
                <Word id="w_w2aab1b1b2c19b1ac71" language="English" custom="readingOrder {index:5;}">
                    <Coords points="835,1739 899,1739 899,1764 835,1764"/>
                    <TextEquiv>
                        <Unicode>1684</Unicode>
                    </TextEquiv>
                    <TextStyle fontFamily="Arial" fontSize="7.5"/>
                </Word>
                <Word id="w_w2aab1b1b2c19b1ac81" language="English" custom="readingOrder {index:6;}">
                    <Coords points="911,1746 915,1746 915,1767 911,1767"/>
                    <TextEquiv>
                        <Unicode>;</Unicode>
                    </TextEquiv>
                    <TextStyle fontFamily="Arial" fontSize="7.5"/>
                </Word>
                <Word id="w_w2aab1b1b2c19b1ac85" language="English" custom="readingOrder {index:7;}">
                    <Coords points="927,1739 941,1739 941,1763 927,1763"/>
                    <TextEquiv>
                        <Unicode>2</Unicode>
                    </TextEquiv>
                    <TextStyle fontFamily="Arial" fontSize="7.5"/>
                </Word>
                <Word id="w_w2aab1b1b2c19b1ac89" language="English" custom="readingOrder {index:8;}">
                    <Coords points="954,1746 1036,1746 1036,1772 954,1772"/>
                    <TextEquiv>
                        <Unicode>pages</Unicode>
                    </TextEquiv>
                    <TextStyle fontFamily="Arial" fontSize="7.5"/>
                </Word>
                <Word id="w_w2aab1b1b2c19b1ad101" language="English" custom="readingOrder {index:9;}">
                    <Coords points="1049,1736 1133,1736 1133,1764 1049,1764"/>
                    <TextEquiv>
                        <Unicode>in-fol.</Unicode>
                    </TextEquiv>
                    <TextStyle fontFamily="Arial" fontSize="7.5"/>
                </Word>
                <Word id="w_w2aab1b1b2c19b1ad117" language="English" custom="readingOrder {index:10;}">
                    <Coords points="2146,1738 2277,1738 2277,1764 2146,1764"/>
                    <TextEquiv>
                        <Unicode>300/400</Unicode>
                    </TextEquiv>
                    <TextStyle fontFamily="Arial" fontSize="7.5"/>
                </Word>
                <TextEquiv>
                    <Unicode>II lignes autographes, 25 novembre 1684 ; 2 pages in-fol. 300/400</Unicode>
                </TextEquiv>
                <TextStyle fontFamily="Arial" fontSize="7.5"/>
            </TextLine>
            <TextEquiv>
                <Unicode>II lignes autographes, 25 novembre 1684 ; 2 pages in-fol. 300/400</Unicode>
            </TextEquiv>
        </TextRegion>
        <TextRegion type="paragraph" id="r_1_11" custom="readingOrder {index:10;}">
            <Coords points="306,1797 2280,1797 2280,2062 306,2062"/>
            <TextLine id="tl_24" primaryLanguage="English" custom="readingOrder {index:0;}">
                <Coords points="342,1798 2278,1798 2278,1834 342,1834"/>
                <Baseline points="342,1821 356,1821 499,1826 558,1826 698,1826 743,1826 942,1826 1030,1826 1107,1826 1142,1826 1232,1825 1277,1826 1394,1826 1440,1826 1508,1826 1544,1826 1701,1834 1759,1825 1855,1826 1900,1826 2103,1825 2147,1826 2278,1826"/>
                <Word id="w_w2aab1b1b2c21b1ab1" language="English" custom="readingOrder {index:0;}">
                    <Coords points="342,1809 356,1809 356,1821 342,1821"/>
                    <TextEquiv>
                        <Unicode>«</Unicode>
                    </TextEquiv>
                    <TextStyle fontFamily="Arial" fontSize="7.5"/>
                </Word>
                <Word id="w_w2aab1b1b2c21b1ab5" language="English" custom="readingOrder {index:1;}">
                    <Coords points="367,1801 499,1801 499,1826 367,1826"/>
                    <TextEquiv>
                        <Unicode>Mémoire</Unicode>
                    </TextEquiv>
                    <TextStyle fontFamily="Arial" fontSize="7.5"/>
                </Word>
                <Word id="w_w2aab1b1b2c21b1ac21" language="English" custom="readingOrder {index:2;}">
                    <Coords points="509,1798 558,1798 558,1826 509,1826"/>
                    <TextEquiv>
                        <Unicode>des</Unicode>
                    </TextEquiv>
                    <TextStyle fontFamily="Arial" fontSize="7.5"/>
                </Word>
                <Word id="w_w2aab1b1b2c21b1ac29" language="English" custom="readingOrder {index:3;}">
                    <Coords points="568,1808 698,1808 698,1834 568,1834"/>
                    <TextEquiv>
                        <Unicode>ouvrages</Unicode>
                    </TextEquiv>
                    <TextStyle fontFamily="Arial" fontSize="7.5"/>
                </Word>
                <Word id="w_w2aab1b1b2c21b1ac47" language="English" custom="readingOrder {index:4;}">
                    <Coords points="708,1798 743,1798 743,1826 708,1826"/>
                    <TextEquiv>
                        <Unicode>de</Unicode>
                    </TextEquiv>
                    <TextStyle fontFamily="Arial" fontSize="7.5"/>
                </Word>
                <Word id="w_w2aab1b1b2c21b1ac53" language="English" custom="readingOrder {index:5;}">
                    <Coords points="754,1801 942,1801 942,1833 754,1833"/>
                    <TextEquiv>
                        <Unicode>maçonneries</Unicode>
                    </TextEquiv>
                    <TextStyle fontFamily="Arial" fontSize="7.5"/>
                </Word>
                <Word id="w_w2aab1b1b2c21b1ac77" language="English" custom="readingOrder {index:6;}">
                    <Coords points="951,1798 1030,1798 1030,1826 951,1826"/>
                    <TextEquiv>
                        <Unicode>faites</Unicode>
                    </TextEquiv>
                    <TextStyle fontFamily="Arial" fontSize="7.5"/>
                </Word>
                <Word id="w_w2aab1b1b2c21b1ac91" language="English" custom="readingOrder {index:7;}">
                    <Coords points="1041,1798 1107,1798 1107,1826 1041,1826"/>
                    <TextEquiv>
                        <Unicode>dans</Unicode>
                    </TextEquiv>
                    <TextStyle fontFamily="Arial" fontSize="7.5"/>
                </Word>
                <Word id="w_w2aab1b1b2c21b1ad101" language="English" custom="readingOrder {index:8;}">
                    <Coords points="1118,1798 1142,1798 1142,1826 1118,1826"/>
                    <TextEquiv>
                        <Unicode>le</Unicode>
                    </TextEquiv>
                    <TextStyle fontFamily="Arial" fontSize="7.5"/>
                </Word>
                <Word id="w_w2aab1b1b2c21b1ad107" language="English" custom="readingOrder {index:9;}">
                    <Coords points="1150,1799 1232,1799 1232,1834 1150,1834"/>
                    <TextEquiv>
                        <Unicode>jardin</Unicode>
                    </TextEquiv>
                    <TextStyle fontFamily="Arial" fontSize="7.5"/>
                </Word>
                <Word id="w_w2aab1b1b2c21b1ad121" language="English" custom="readingOrder {index:10;}">
                    <Coords points="1242,1798 1277,1798 1277,1826 1242,1826"/>
                    <TextEquiv>
                        <Unicode>de</Unicode>
                    </TextEquiv>
                    <TextStyle fontFamily="Arial" fontSize="7.5"/>
                </Word>
                <Word id="w_w2aab1b1b2c21b1ad127" language="English" custom="readingOrder {index:11;}">
                    <Coords points="1289,1798 1394,1798 1394,1826 1289,1826"/>
                    <TextEquiv>
                        <Unicode>l’hostel</Unicode>
                    </TextEquiv>
                    <TextStyle fontFamily="Arial" fontSize="7.5"/>
                </Word>
                <Word id="w_w2aab1b1b2c21b1ad145" language="English" custom="readingOrder {index:12;}">
                    <Coords points="1404,1798 1440,1798 1440,1826 1404,1826"/>
                    <TextEquiv>
                        <Unicode>de</Unicode>
                    </TextEquiv>
                    <TextStyle fontFamily="Arial" fontSize="7.5"/>
                </Word>
                <Word id="w_w2aab1b1b2c21b1ad151" language="English" custom="readingOrder {index:13;}">
                    <Coords points="1451,1798 1508,1798 1508,1826 1451,1826"/>
                    <TextEquiv>
                        <Unicode>Niel</Unicode>
                    </TextEquiv>
                    <TextStyle fontFamily="Arial" fontSize="7.5"/>
                </Word>
                <Word id="w_w2aab1b1b2c21b1ad161" language="English" custom="readingOrder {index:14;}">
                    <Coords points="1520,1799 1544,1799 1544,1834 1520,1834"/>
                    <TextEquiv>
                        <Unicode>[à</Unicode>
                    </TextEquiv>
                    <TextStyle fontFamily="Arial" fontSize="7.5"/>
                </Word>
                <Word id="w_w2aab1b1b2c21b1ad167" language="English" custom="readingOrder {index:15;}">
                    <Coords points="1553,1798 1701,1798 1701,1834 1553,1834"/>
                    <TextEquiv>
                        <Unicode>Versailles]</Unicode>
                    </TextEquiv>
                    <TextStyle fontFamily="Arial" fontSize="7.5"/>
                </Word>
                <Word id="w_w2aab1b1b2c21b1ad191" language="English" custom="readingOrder {index:16;}">
                    <Coords points="1713,1808 1759,1808 1759,1834 1713,1834"/>
                    <TextEquiv>
                        <Unicode>par</Unicode>
                    </TextEquiv>
                    <TextStyle fontFamily="Arial" fontSize="7.5"/>
                </Word>
                <Word id="w_w2aab1b1b2c21b1ad199" language="English" custom="readingOrder {index:17;}">
                    <Coords points="1769,1799 1855,1799 1855,1826 1769,1826"/>
                    <TextEquiv>
                        <Unicode>lordre</Unicode>
                    </TextEquiv>
                    <TextStyle fontFamily="Arial" fontSize="7.5"/>
                </Word>
                <Word id="w_w2aab1b1b2c21b1ad213" language="English" custom="readingOrder {index:18;}">
                    <Coords points="1865,1799 1900,1799 1900,1826 1865,1826"/>
                    <TextEquiv>
                        <Unicode>de</Unicode>
                    </TextEquiv>
                    <TextStyle fontFamily="Arial" fontSize="7.5"/>
                </Word>
                <Word id="w_w2aab1b1b2c21b1ad219" language="English" custom="readingOrder {index:19;}">
                    <Coords points="1911,1801 2103,1801 2103,1834 1911,1834"/>
                    <TextEquiv>
                        <Unicode>Monseigneur</Unicode>
                    </TextEquiv>
                    <TextStyle fontFamily="Arial" fontSize="7.5"/>
                </Word>
                <Word id="w_w2aab1b1b2c21b1ad243" language="English" custom="readingOrder {index:20;}">
                    <Coords points="2112,1798 2147,1798 2147,1826 2112,1826"/>
                    <TextEquiv>
                        <Unicode>de</Unicode>
                    </TextEquiv>
                    <TextStyle fontFamily="Arial" fontSize="7.5"/>
                </Word>
                <Word id="w_w2aab1b1b2c21b1ad249" language="English" custom="readingOrder {index:21;}">
                    <Coords points="2158,1801 2278,1801 2278,1834 2158,1834"/>
                    <TextEquiv>
                        <Unicode>Louvoys</Unicode>
                    </TextEquiv>
                    <TextStyle fontFamily="Arial" fontSize="7.5"/>
                </Word>
                <TextEquiv>
                    <Unicode>« Mémoire des ouvrages de maçonneries faites dans le jardin de l’hostel de Niel [à Versailles] par lordre de Monseigneur de Louvoys</Unicode>
                </TextEquiv>
                <TextStyle fontFamily="Arial" fontSize="7.5"/>
            </TextLine>
            <TextLine id="tl_25" primaryLanguage="English" custom="readingOrder {index:1;}">
                <Coords points="308,1844 2278,1844 2278,1880 308,1880"/>
                <Baseline points="308,1871 495,1871 554,1871 712,1871 768,1871 938,1871 1044,1871 1083,1871 1190,1871 1278,1871 1481,1871 1539,1871 1697,1871 1742,1871 1808,1879 1875,1871 1917,1871 1997,1871 2042,1871 2120,1871 2194,1871 2236,1871 2278,1871"/>
                <Word id="w_w2aab1b1b2c21b3ab1" language="English" custom="readingOrder {index:0;}">
                    <Coords points="308,1844 495,1844 495,1871 308,1871"/>
                    <TextEquiv>
                        <Unicode>surintendant</Unicode>
                    </TextEquiv>
                    <TextStyle fontFamily="Arial" fontSize="7.5"/>
                </Word>
                <Word id="w_w2aab1b1b2c21b3ac27" language="English" custom="readingOrder {index:1;}">
                    <Coords points="505,1844 554,1844 554,1871 505,1871"/>
                    <TextEquiv>
                        <Unicode>des</Unicode>
                    </TextEquiv>
                    <TextStyle fontFamily="Arial" fontSize="7.5"/>
                </Word>
                <Word id="w_w2aab1b1b2c21b3ac35" language="English" custom="readingOrder {index:2;}">
                    <Coords points="565,1844 712,1844 712,1871 565,1871"/>
                    <TextEquiv>
                        <Unicode>bastimens</Unicode>
                    </TextEquiv>
                    <TextStyle fontFamily="Arial" fontSize="7.5"/>
                </Word>
                <Word id="w_w2aab1b1b2c21b3ac55" language="English" custom="readingOrder {index:3;}">
                    <Coords points="723,1853 768,1853 768,1880 723,1880"/>
                    <TextEquiv>
                        <Unicode>par</Unicode>
                    </TextEquiv>
                    <TextStyle fontFamily="Arial" fontSize="7.5"/>
                </Word>
                <Word id="w_w2aab1b1b2c21b3ac63" language="English" custom="readingOrder {index:4;}">
                    <Coords points="777,1844 938,1844 938,1871 777,1871"/>
                    <TextEquiv>
                        <Unicode>Thoussaint</Unicode>
                    </TextEquiv>
                    <TextStyle fontFamily="Arial" fontSize="7.5"/>
                </Word>
                <Word id="w_w2aab1b1b2c21b3ac85" language="English" custom="readingOrder {index:5;}">
                    <Coords points="949,1844 1044,1844 1044,1871 949,1871"/>
                    <TextEquiv>
                        <Unicode>Rohais</Unicode>
                    </TextEquiv>
                    <TextStyle fontFamily="Arial" fontSize="7.5"/>
                </Word>
                <Word id="w_w2aab1b1b2c21b3ac99" language="English" custom="readingOrder {index:6;}">
                    <Coords points="1054,1849 1083,1849 1083,1871 1054,1871"/>
                    <TextEquiv>
                        <Unicode>et</Unicode>
                    </TextEquiv>
                    <TextStyle fontFamily="Arial" fontSize="7.5"/>
                </Word>
                <Word id="w_w2aab1b1b2c21b3ad105" language="English" custom="readingOrder {index:7;}">
                    <Coords points="1093,1844 1190,1844 1190,1880 1093,1880"/>
                    <TextEquiv>
                        <Unicode>Philipe</Unicode>
                    </TextEquiv>
                    <TextStyle fontFamily="Arial" fontSize="7.5"/>
                </Word>
                <Word id="w_w2aab1b1b2c21b3ad121" language="English" custom="readingOrder {index:8;}">
                    <Coords points="1197,1847 1278,1847 1278,1875 1197,1875"/>
                    <TextEquiv>
                        <Unicode>Jouet</Unicode>
                    </TextEquiv>
                    <TextStyle fontFamily="Arial" fontSize="7.5"/>
                </Word>
                <Word id="w_w2aab1b1b2c21b3ad133" language="English" custom="readingOrder {index:9;}">
                    <Coords points="1287,1849 1481,1849 1481,1879 1287,1879"/>
                    <TextEquiv>
                        <Unicode>entrepreneur</Unicode>
                    </TextEquiv>
                    <TextStyle fontFamily="Arial" fontSize="7.5"/>
                </Word>
                <Word id="w_w2aab1b1b2c21b3ad159" language="English" custom="readingOrder {index:10;}">
                    <Coords points="1490,1844 1539,1844 1539,1871 1490,1871"/>
                    <TextEquiv>
                        <Unicode>des</Unicode>
                    </TextEquiv>
                    <TextStyle fontFamily="Arial" fontSize="7.5"/>
                </Word>
                <Word id="w_w2aab1b1b2c21b3ad167" language="English" custom="readingOrder {index:11;}">
                    <Coords points="1550,1844 1697,1844 1697,1871 1550,1871"/>
                    <TextEquiv>
                        <Unicode>bastimens</Unicode>
                    </TextEquiv>
                    <TextStyle fontFamily="Arial" fontSize="7.5"/>
                </Word>
                <Word id="w_w2aab1b1b2c21b3ad187" language="English" custom="readingOrder {index:12;}">
                    <Coords points="1707,1844 1742,1844 1742,1871 1707,1871"/>
                    <TextEquiv>
                        <Unicode>du</Unicode>
                    </TextEquiv>
                    <TextStyle fontFamily="Arial" fontSize="7.5"/>
                </Word>
                <Word id="w_w2aab1b1b2c21b3ad193" language="English" custom="readingOrder {index:13;}">
                    <Coords points="1754,1847 1808,1847 1808,1879 1754,1879"/>
                    <TextEquiv>
                        <Unicode>Roy</Unicode>
                    </TextEquiv>
                    <TextStyle fontFamily="Arial" fontSize="7.5"/>
                </Word>
                <Word id="w_w2aab1b1b2c21b3ad201" language="English" custom="readingOrder {index:14;}">
                    <Coords points="1816,1844 1875,1844 1875,1871 1816,1871"/>
                    <TextEquiv>
                        <Unicode>finis</Unicode>
                    </TextEquiv>
                    <TextStyle fontFamily="Arial" fontSize="7.5"/>
                </Word>
                <Word id="w_w2aab1b1b2c21b3ad213" language="English" custom="readingOrder {index:15;}">
                    <Coords points="1885,1853 1917,1853 1917,1871 1885,1871"/>
                    <TextEquiv>
                        <Unicode>au</Unicode>
                    </TextEquiv>
                    <TextStyle fontFamily="Arial" fontSize="7.5"/>
                </Word>
                <Word id="w_w2aab1b1b2c21b3ad219" language="English" custom="readingOrder {index:16;}">
                    <Coords points="1928,1847 1997,1847 1997,1871 1928,1871"/>
                    <TextEquiv>
                        <Unicode>mois</Unicode>
                    </TextEquiv>
                    <TextStyle fontFamily="Arial" fontSize="7.5"/>
                </Word>
                <Word id="w_w2aab1b1b2c21b3ad229" language="English" custom="readingOrder {index:17;}">
                    <Coords points="2007,1844 2042,1844 2042,1871 2007,1871"/>
                    <TextEquiv>
                        <Unicode>de</Unicode>
                    </TextEquiv>
                    <TextStyle fontFamily="Arial" fontSize="7.5"/>
                </Word>
                <Word id="w_w2aab1b1b2c21b3ad235" language="English" custom="readingOrder {index:18;}">
                    <Coords points="2053,1853 2120,1853 2120,1871 2053,1871"/>
                    <TextEquiv>
                        <Unicode>mars</Unicode>
                    </TextEquiv>
                    <TextStyle fontFamily="Arial" fontSize="7.5"/>
                </Word>
                <Word id="w_w2aab1b1b2c21b3ad245" language="English" custom="readingOrder {index:19;}">
                    <Coords points="2130,1846 2194,1846 2194,1871 2130,1871"/>
                    <TextEquiv>
                        <Unicode>1684</Unicode>
                    </TextEquiv>
                    <TextStyle fontFamily="Arial" fontSize="7.5"/>
                </Word>
                <Word id="w_w2aab1b1b2c21b3ad255" language="English" custom="readingOrder {index:20;}">
                    <Coords points="2204,1854 2236,1854 2236,1871 2204,1871"/>
                    <TextEquiv>
                        <Unicode>»...</Unicode>
                    </TextEquiv>
                    <TextStyle fontFamily="Arial" fontSize="7.5"/>
                </Word>
                <Word id="w_w2aab1b1b2c21b3ad265" language="English" custom="readingOrder {index:21;}">
                    <Coords points="2247,1847 2278,1847 2278,1871 2247,1871"/>
                    <TextEquiv>
                        <Unicode>Le</Unicode>
                    </TextEquiv>
                    <TextStyle fontFamily="Arial" fontSize="7.5"/>
                </Word>
                <TextEquiv>
                    <Unicode>surintendant des bastimens par Thoussaint Rohais et Philipe Jouet entrepreneur des bastimens du Roy finis au mois de mars 1684 »... Le</Unicode>
                </TextEquiv>
                <TextStyle fontFamily="Arial" fontSize="7.5"/>
            </TextLine>
            <TextLine id="tl_26" primaryLanguage="English" custom="readingOrder {index:2;}">
                <Coords points="309,1889 2279,1889 2279,1925 309,1925"/>
                <Baseline points="309,1916 440,1917 494,1917 578,1917 635,1916 684,1917 909,1920 950,1917 1087,1917 1127,1917 1211,1917 1239,1925 1307,1916 1422,1916 1494,1916 1627,1917 1742,1916 1788,1917 1827,1917 1915,1920 1960,1916 2031,1916 2095,1917 2119,1912 2279,1916"/>
                <Word id="w_w2aab1b1b2c21b5ab1" language="English" custom="readingOrder {index:0;}">
                    <Coords points="309,1892 440,1892 440,1917 309,1917"/>
                    <TextEquiv>
                        <Unicode>mémoire</Unicode>
                    </TextEquiv>
                    <TextStyle fontFamily="Arial" fontSize="7.5"/>
                </Word>
                <Word id="w_w2aab1b1b2c21b5ac17" language="English" custom="readingOrder {index:1;}">
                    <Coords points="450,1895 494,1895 494,1917 450,1917"/>
                    <TextEquiv>
                        <Unicode>est</Unicode>
                    </TextEquiv>
                    <TextStyle fontFamily="Arial" fontSize="7.5"/>
                </Word>
                <Word id="w_w2aab1b1b2c21b5ac25" language="English" custom="readingOrder {index:2;}">
                    <Coords points="504,1892 578,1892 578,1925 504,1925"/>
                    <TextEquiv>
                        <Unicode>signé</Unicode>
                    </TextEquiv>
                    <TextStyle fontFamily="Arial" fontSize="7.5"/>
                </Word>
                <Word id="w_w2aab1b1b2c21b5ac37" language="English" custom="readingOrder {index:3;}">
                    <Coords points="590,1899 635,1899 635,1925 590,1925"/>
                    <TextEquiv>
                        <Unicode>par</Unicode>
                    </TextEquiv>
                    <TextStyle fontFamily="Arial" fontSize="7.5"/>
                </Word>
                <Word id="w_w2aab1b1b2c21b5ac45" language="English" custom="readingOrder {index:4;}">
                    <Coords points="647,1890 684,1890 684,1917 647,1917"/>
                    <TextEquiv>
                        <Unicode>les</Unicode>
                    </TextEquiv>
                    <TextStyle fontFamily="Arial" fontSize="7.5"/>
                </Word>
                <Word id="w_w2aab1b1b2c21b5ac53" language="English" custom="readingOrder {index:5;}">
                    <Coords points="696,1895 909,1895 909,1925 696,1925"/>
                    <TextEquiv>
                        <Unicode>entrepreneurs,</Unicode>
                    </TextEquiv>
                    <TextStyle fontFamily="Arial" fontSize="7.5"/>
                </Word>
                <Word id="w_w2aab1b1b2c21b5ac83" language="English" custom="readingOrder {index:6;}">
                    <Coords points="921,1895 950,1895 950,1917 921,1917"/>
                    <TextEquiv>
                        <Unicode>et</Unicode>
                    </TextEquiv>
                    <TextStyle fontFamily="Arial" fontSize="7.5"/>
                </Word>
                <Word id="w_w2aab1b1b2c21b5ac89" language="English" custom="readingOrder {index:7;}">
                    <Coords points="960,1889 1087,1889 1087,1917 960,1917"/>
                    <TextEquiv>
                        <Unicode>contrôlé</Unicode>
                    </TextEquiv>
                    <TextStyle fontFamily="Arial" fontSize="7.5"/>
                </Word>
                <Word id="w_w2aab1b1b2c21b5ad107" language="English" custom="readingOrder {index:8;}">
                    <Coords points="1098,1895 1127,1895 1127,1917 1098,1917"/>
                    <TextEquiv>
                        <Unicode>et</Unicode>
                    </TextEquiv>
                    <TextStyle fontFamily="Arial" fontSize="7.5"/>
                </Word>
                <Word id="w_w2aab1b1b2c21b5ad113" language="English" custom="readingOrder {index:9;}">
                    <Coords points="1137,1892 1211,1892 1211,1925 1137,1925"/>
                    <TextEquiv>
                        <Unicode>signé</Unicode>
                    </TextEquiv>
                    <TextStyle fontFamily="Arial" fontSize="7.5"/>
                </Word>
                <Word id="w_w2aab1b1b2c21b5ad125" language="English" custom="readingOrder {index:10;}">
                    <Coords points="1223,1892 1269,1892 1269,1925 1223,1925"/>
                    <TextEquiv>
                        <Unicode>par</Unicode>
                    </TextEquiv>
                    <TextStyle fontFamily="Arial" fontSize="7.5"/>
                </Word>
                <Word id="w_w2aab1b1b2c21b5b1b1" language="English" custom="readingOrder {index:11;}">
                    <Coords points="1280,1892 1396,1892 1396,1917 1280,1917"/>
                    <TextEquiv>
                        <Unicode>Perrault.</Unicode>
                    </TextEquiv>
                    <TextStyle fontFamily="Arial" fontSize="7.5"/>
                </Word>
                <Word id="w_w2aab1b1b2c21b5b2b3" language="English" custom="readingOrder {index:12;}">
                    <Coords points="1408,1892 1463,1892 1463,1917 1408,1917"/>
                    <TextEquiv>
                        <Unicode>Puis</Unicode>
                    </TextEquiv>
                    <TextStyle fontFamily="Arial" fontSize="7.5"/>
                </Word>
                <Word id="w_w2aab1b1b2c21b5b3b1" language="English" custom="readingOrder {index:13;}">
                    <Coords points="1475,1892 1602,1892 1602,1917 1475,1917"/>
                    <TextEquiv>
                        <Unicode>Hardouin</Unicode>
                    </TextEquiv>
                    <TextStyle fontFamily="Arial" fontSize="7.5"/>
                </Word>
                <Word id="w_w2aab1b1b2c21b5b4b3" language="English" custom="readingOrder {index:14;}">
                    <Coords points="1613,1899 1627,1899 1627,1917 1613,1917"/>
                    <TextEquiv>
                        <Unicode>a</Unicode>
                    </TextEquiv>
                    <TextStyle fontFamily="Arial" fontSize="7.5"/>
                </Word>
                <Word id="w_w2aab1b1b2c21b5b4b7" language="English" custom="readingOrder {index:15;}">
                    <Coords points="1638,1889 1742,1889 1742,1917 1638,1917"/>
                    <TextEquiv>
                        <Unicode>certifié</Unicode>
                    </TextEquiv>
                    <TextStyle fontFamily="Arial" fontSize="7.5"/>
                </Word>
                <Word id="w_w2aab1b1b2c21b5b4c25" language="English" custom="readingOrder {index:16;}">
                    <Coords points="1753,1889 1788,1889 1788,1917 1753,1917"/>
                    <TextEquiv>
                        <Unicode>de</Unicode>
                    </TextEquiv>
                    <TextStyle fontFamily="Arial" fontSize="7.5"/>
                </Word>
                <Word id="w_w2aab1b1b2c21b5b4c31" language="English" custom="readingOrder {index:17;}">
                    <Coords points="1799,1899 1827,1899 1827,1917 1799,1917"/>
                    <TextEquiv>
                        <Unicode>sa</Unicode>
                    </TextEquiv>
                    <TextStyle fontFamily="Arial" fontSize="7.5"/>
                </Word>
                <Word id="w_w2aab1b1b2c21b5b4c37" language="English" custom="readingOrder {index:18;}">
                    <Coords points="1839,1892 1915,1892 1915,1920 1839,1920"/>
                    <TextEquiv>
                        <Unicode>main,</Unicode>
                    </TextEquiv>
                    <TextStyle fontFamily="Arial" fontSize="7.5"/>
                </Word>
                <Word id="w_w2aab1b1b2c21b5b4c49" language="English" custom="readingOrder {index:19;}">
                    <Coords points="1927,1899 1960,1899 1960,1917 1927,1917"/>
                    <TextEquiv>
                        <Unicode>en</Unicode>
                    </TextEquiv>
                    <TextStyle fontFamily="Arial" fontSize="7.5"/>
                </Word>
                <Word id="w_w2aab1b1b2c21b5b4c55" language="English" custom="readingOrder {index:20;}">
                    <Coords points="1971,1895 2031,1895 2031,1917 1971,1917"/>
                    <TextEquiv>
                        <Unicode>tant</Unicode>
                    </TextEquiv>
                    <TextStyle fontFamily="Arial" fontSize="7.5"/>
                </Word>
                <Word id="w_w2aab1b1b2c21b5b4c65" language="English" custom="readingOrder {index:21;}">
                    <Coords points="2042,1899 2095,1899 2095,1925 2042,1925"/>
                    <TextEquiv>
                        <Unicode>que</Unicode>
                    </TextEquiv>
                    <TextStyle fontFamily="Arial" fontSize="7.5"/>
                </Word>
                <Word id="w_w2aab1b1b2c21b5b4c73" language="English" custom="readingOrder {index:22;}">
                    <Coords points="2105,1900 2119,1900 2119,1912 2105,1912"/>
                    <TextEquiv>
                        <Unicode>«</Unicode>
                    </TextEquiv>
                    <TextStyle fontFamily="Arial" fontSize="7.5"/>
                </Word>
                <Word id="w_w2aab1b1b2c21b5b4c77" language="English" custom="readingOrder {index:23;}">
                    <Coords points="2130,1889 2279,1889 2279,1917 2130,1917"/>
                    <TextEquiv>
                        <Unicode>Conseiller</Unicode>
                    </TextEquiv>
                    <TextStyle fontFamily="Arial" fontSize="7.5"/>
                </Word>
                <TextEquiv>
                    <Unicode>mémoire est signé par les entrepreneurs, et contrôlé et signé par PERRAULT. Puis HARDOUIN a certifié de sa main, en tant que « Conseiller</Unicode>
                </TextEquiv>
            </TextLine>
            <TextLine id="tl_27" primaryLanguage="English" custom="readingOrder {index:3;}">
                <Coords points="308,1935 2278,1935 2278,1970 308,1970"/>
                <Baseline points="308,1962 343,1962 413,1970 600,1962 720,1962 784,1962 960,1962 1004,1962 1113,1962 1163,1962 1210,1962 1341,1962 1375,1966 1443,1962 1497,1962 1616,1962 1806,1962 1871,1962 1946,1962 2008,1962 2154,1962 2278,1962"/>
                <Word id="w_w2aab1b1b2c21b7ab1" language="English" custom="readingOrder {index:0;}">
                    <Coords points="308,1935 343,1935 343,1962 308,1962"/>
                    <TextEquiv>
                        <Unicode>du</Unicode>
                    </TextEquiv>
                    <TextStyle fontFamily="Arial" fontSize="7.5"/>
                </Word>
                <Word id="w_w2aab1b1b2c21b7ab7" language="English" custom="readingOrder {index:1;}">
                    <Coords points="360,1938 413,1938 413,1970 360,1970"/>
                    <TextEquiv>
                        <Unicode>Roy</Unicode>
                    </TextEquiv>
                    <TextStyle fontFamily="Arial" fontSize="7.5"/>
                </Word>
                <Word id="w_w2aab1b1b2c21b7ac15" language="English" custom="readingOrder {index:2;}">
                    <Coords points="428,1935 600,1935 600,1962 428,1962"/>
                    <TextEquiv>
                        <Unicode>Controlleur</Unicode>
                    </TextEquiv>
                    <TextStyle fontFamily="Arial" fontSize="7.5"/>
                </Word>
                <Word id="w_w2aab1b1b2c21b7ac39" language="English" custom="readingOrder {index:3;}">
                    <Coords points="614,1935 720,1935 720,1970 614,1970"/>
                    <TextEquiv>
                        <Unicode>general</Unicode>
                    </TextEquiv>
                    <TextStyle fontFamily="Arial" fontSize="7.5"/>
                </Word>
                <Word id="w_w2aab1b1b2c21b7ac55" language="English" custom="readingOrder {index:4;}">
                    <Coords points="735,1935 784,1935 784,1962 735,1962"/>
                    <TextEquiv>
                        <Unicode>des</Unicode>
                    </TextEquiv>
                    <TextStyle fontFamily="Arial" fontSize="7.5"/>
                </Word>
                <Word id="w_w2aab1b1b2c21b7ac63" language="English" custom="readingOrder {index:5;}">
                    <Coords points="800,1935 960,1935 960,1962 800,1962"/>
                    <TextEquiv>
                        <Unicode>bastiments</Unicode>
                    </TextEquiv>
                    <TextStyle fontFamily="Arial" fontSize="7.5"/>
                </Word>
                <Word id="w_w2aab1b1b2c21b7ac85" language="English" custom="readingOrder {index:6;}">
                    <Coords points="975,1940 1004,1940 1004,1962 975,1962"/>
                    <TextEquiv>
                        <Unicode>et</Unicode>
                    </TextEquiv>
                    <TextStyle fontFamily="Arial" fontSize="7.5"/>
                </Word>
                <Word id="w_w2aab1b1b2c21b7ac91" language="English" custom="readingOrder {index:7;}">
                    <Coords points="1017,1935 1113,1935 1113,1970 1017,1970"/>
                    <TextEquiv>
                        <Unicode>jardins</Unicode>
                    </TextEquiv>
                    <TextStyle fontFamily="Arial" fontSize="7.5"/>
                </Word>
                <Word id="w_w2aab1b1b2c21b7ad107" language="English" custom="readingOrder {index:8;}">
                    <Coords points="1128,1935 1163,1935 1163,1962 1128,1962"/>
                    <TextEquiv>
                        <Unicode>de</Unicode>
                    </TextEquiv>
                    <TextStyle fontFamily="Arial" fontSize="7.5"/>
                </Word>
                <Word id="w_w2aab1b1b2c21b7ad113" language="English" custom="readingOrder {index:9;}">
                    <Coords points="1178,1937 1210,1937 1210,1962 1178,1962"/>
                    <TextEquiv>
                        <Unicode>Sa</Unicode>
                    </TextEquiv>
                    <TextStyle fontFamily="Arial" fontSize="7.5"/>
                </Word>
                <Word id="w_w2aab1b1b2c21b7ad119" language="English" custom="readingOrder {index:10;}">
                    <Coords points="1225,1938 1341,1938 1341,1962 1225,1962"/>
                    <TextEquiv>
                        <Unicode>Maiesté</Unicode>
                    </TextEquiv>
                    <TextStyle fontFamily="Arial" fontSize="7.5"/>
                </Word>
                <Word id="w_w2aab1b1b2c21b7ad135" language="English" custom="readingOrder {index:11;}">
                    <Coords points="1355,1945 1375,1945 1375,1966 1355,1966"/>
                    <TextEquiv>
                        <Unicode>»,</Unicode>
                    </TextEquiv>
                    <TextStyle fontFamily="Arial" fontSize="7.5"/>
                </Word>
                <Word id="w_w2aab1b1b2c21b7ad141" language="English" custom="readingOrder {index:12;}">
                    <Coords points="1390,1944 1443,1944 1443,1970 1390,1970"/>
                    <TextEquiv>
                        <Unicode>que</Unicode>
                    </TextEquiv>
                    <TextStyle fontFamily="Arial" fontSize="7.5"/>
                </Word>
                <Word id="w_w2aab1b1b2c21b7ad149" language="English" custom="readingOrder {index:13;}">
                    <Coords points="1460,1935 1497,1935 1497,1962 1460,1962"/>
                    <TextEquiv>
                        <Unicode>les</Unicode>
                    </TextEquiv>
                    <TextStyle fontFamily="Arial" fontSize="7.5"/>
                </Word>
                <Word id="w_w2aab1b1b2c21b7ad157" language="English" custom="readingOrder {index:14;}">
                    <Coords points="1511,1940 1616,1940 1616,1962 1511,1962"/>
                    <TextEquiv>
                        <Unicode>travaux</Unicode>
                    </TextEquiv>
                    <TextStyle fontFamily="Arial" fontSize="7.5"/>
                </Word>
                <Word id="w_w2aab1b1b2c21b7ad173" language="English" custom="readingOrder {index:15;}">
                    <Coords points="1632,1938 1806,1938 1806,1962 1632,1962"/>
                    <TextEquiv>
                        <Unicode>mentionnés</Unicode>
                    </TextEquiv>
                    <TextStyle fontFamily="Arial" fontSize="7.5"/>
                </Word>
                <Word id="w_w2aab1b1b2c21b7ad195" language="English" custom="readingOrder {index:16;}">
                    <Coords points="1821,1940 1871,1940 1871,1962 1821,1962"/>
                    <TextEquiv>
                        <Unicode>ont</Unicode>
                    </TextEquiv>
                    <TextStyle fontFamily="Arial" fontSize="7.5"/>
                </Word>
                <Word id="w_w2aab1b1b2c21b7ad203" language="English" custom="readingOrder {index:17;}">
                    <Coords points="1886,1935 1946,1935 1946,1962 1886,1962"/>
                    <TextEquiv>
                        <Unicode>bien</Unicode>
                    </TextEquiv>
                    <TextStyle fontFamily="Arial" fontSize="7.5"/>
                </Word>
                <Word id="w_w2aab1b1b2c21b7ad213" language="English" custom="readingOrder {index:18;}">
                    <Coords points="1962,1938 2008,1938 2008,1962 1962,1962"/>
                    <TextEquiv>
                        <Unicode>été</Unicode>
                    </TextEquiv>
                    <TextStyle fontFamily="Arial" fontSize="7.5"/>
                </Word>
                <Word id="w_w2aab1b1b2c21b7ad221" language="English" custom="readingOrder {index:19;}">
                    <Coords points="2023,1938 2154,1938 2154,1962 2023,1962"/>
                    <TextEquiv>
                        <Unicode>exécutés</Unicode>
                    </TextEquiv>
                    <TextStyle fontFamily="Arial" fontSize="7.5"/>
                </Word>
                <Word id="w_w2aab1b1b2c21b7ad239" language="English" custom="readingOrder {index:20;}">
                    <Coords points="2168,1944 2278,1944 2278,1962 2168,1962"/>
                    <TextEquiv>
                        <Unicode>comme</Unicode>
                    </TextEquiv>
                    <TextStyle fontFamily="Arial" fontSize="7.5"/>
                </Word>
                <TextEquiv>
                    <Unicode>du Roy Controlleur general des bastiments et jardins de Sa Maiesté », que les travaux mentionnés ont bien été exécutés comme</Unicode>
                </TextEquiv>
                <TextStyle fontFamily="Arial" fontSize="7.5"/>
            </TextLine>
            <TextLine id="tl_28" primaryLanguage="English" custom="readingOrder {index:4;}">
                <Coords points="309,1980 2278,1980 2278,2016 309,2016"/>
                <Baseline points="309,2008 408,2008 486,2008 523,2008 574,2008 629,2008 790,2007 805,2010 927,2008 981,2008 1040,2007 1055,2012 1137,2007 1479,2010 1506,2008 1635,2008 1716,2011 1839,2007 1868,2016 2058,2008 2244,2007 2278,2008"/>
                <Word id="w_w2aab1b1b2c21b9ab1" language="English" custom="readingOrder {index:0;}">
                    <Coords points="309,1981 408,1981 408,2008 309,2008"/>
                    <TextEquiv>
                        <Unicode>décrits</Unicode>
                    </TextEquiv>
                    <TextStyle fontFamily="Arial" fontSize="7.5"/>
                </Word>
                <Word id="w_w2aab1b1b2c21b9ac17" language="English" custom="readingOrder {index:1;}">
                    <Coords points="420,1980 486,1980 486,2008 420,2008"/>
                    <TextEquiv>
                        <Unicode>dans</Unicode>
                    </TextEquiv>
                    <TextStyle fontFamily="Arial" fontSize="7.5"/>
                </Word>
                <Word id="w_w2aab1b1b2c21b9ac27" language="English" custom="readingOrder {index:2;}">
                    <Coords points="500,1980 523,1980 523,2008 500,2008"/>
                    <TextEquiv>
                        <Unicode>le</Unicode>
                    </TextEquiv>
                    <TextStyle fontFamily="Arial" fontSize="7.5"/>
                </Word>
                <Word id="w_w2aab1b1b2c21b9ac33" language="English" custom="readingOrder {index:3;}">
                    <Coords points="534,1980 574,1980 574,2008 534,2008"/>
                    <TextEquiv>
                        <Unicode>dit</Unicode>
                    </TextEquiv>
                    <TextStyle fontFamily="Arial" fontSize="7.5"/>
                </Word>
                <Word id="w_w2aab1b1b2c21b9ac41" language="English" custom="readingOrder {index:4;}">
                    <Coords points="585,1983 735,1983 735,2008 585,2008"/>
                    <TextEquiv>
                        <Unicode>mémoire...</Unicode>
                    </TextEquiv>
                    <TextStyle fontFamily="Arial" fontSize="7.5"/>
                </Word>
                <Word id="w_w2aab1b1b2c21b9b1b1" language="English" custom="readingOrder {index:5;}">
                    <Coords points="747,1983 790,1983 790,2008 747,2008"/>
                    <TextEquiv>
                        <Unicode>On</Unicode>
                    </TextEquiv>
                    <TextStyle fontFamily="Arial" fontSize="7.5"/>
                </Word>
                <Word id="w_w2aab1b1b2c21b9b1b7" language="English" custom="readingOrder {index:6;}">
                    <Coords points="799,1990 864,1990 864,2010 799,2010"/>
                    <TextEquiv>
                        <Unicode>joint</Unicode>
                    </TextEquiv>
                    <TextStyle fontFamily="Arial" fontSize="7.5"/>
                </Word>
                <Word id="w_w2aab1b1b2c21b9b2b3" language="English" custom="readingOrder {index:7;}">
                    <Coords points="876,1990 927,1990 927,2008 876,2008"/>
                    <TextEquiv>
                        <Unicode>une</Unicode>
                    </TextEquiv>
                    <TextStyle fontFamily="Arial" fontSize="7.5"/>
                </Word>
                <Word id="w_w2aab1b1b2c21b9b2c11" language="English" custom="readingOrder {index:8;}">
                    <Coords points="940,1983 981,1983 981,2008 940,2008"/>
                    <TextEquiv>
                        <Unicode>PS.</Unicode>
                    </TextEquiv>
                    <TextStyle fontFamily="Arial" fontSize="7.5"/>
                </Word>
                <Word id="w_w2aab1b1b2c21b9b2c19" language="English" custom="readingOrder {index:9;}">
                    <Coords points="994,1990 1040,1990 1040,2016 994,2016"/>
                    <TextEquiv>
                        <Unicode>par</Unicode>
                    </TextEquiv>
                    <TextStyle fontFamily="Arial" fontSize="7.5"/>
                </Word>
                <Word id="w_w2aab1b1b2c21b9b2c27" language="English" custom="readingOrder {index:10;}">
                    <Coords points="1047,1983 1110,1983 1110,2012 1047,2012"/>
                    <TextEquiv>
                        <Unicode>Jean</Unicode>
                    </TextEquiv>
                    <TextStyle fontFamily="Arial" fontSize="7.5"/>
                </Word>
                <Word id="w_w2aab1b1b2c21b9b3b1" language="English" custom="readingOrder {index:11;}">
                    <Coords points="1123,1983 1233,1983 1233,2008 1123,2008"/>
                    <TextEquiv>
                        <Unicode>Perrault</Unicode>
                    </TextEquiv>
                    <TextStyle fontFamily="Arial" fontSize="7.5"/>
                </Word>
                <Word id="w_w2aab1b1b2c21b9b4b3" language="English" custom="readingOrder {index:12;}">
                    <Coords points="1243,1981 1479,1981 1479,2016 1243,2016"/>
                    <TextEquiv>
                        <Unicode>(expert-toiseur),</Unicode>
                    </TextEquiv>
                    <TextStyle fontFamily="Arial" fontSize="7.5"/>
                </Word>
                <Word id="w_w2aab1b1b2c21b9b4c39" language="English" custom="readingOrder {index:13;}">
                    <Coords points="1491,1983 1506,1983 1506,2008 1491,2008"/>
                    <TextEquiv>
                        <Unicode>9</Unicode>
                    </TextEquiv>
                    <TextStyle fontFamily="Arial" fontSize="7.5"/>
                </Word>
                <Word id="w_w2aab1b1b2c21b9b4c43" language="English" custom="readingOrder {index:14;}">
                    <Coords points="1518,1980 1635,1980 1635,2008 1518,2008"/>
                    <TextEquiv>
                        <Unicode>octobre</Unicode>
                    </TextEquiv>
                    <TextStyle fontFamily="Arial" fontSize="7.5"/>
                </Word>
                <Word id="w_w2aab1b1b2c21b9b4c59" language="English" custom="readingOrder {index:15;}">
                    <Coords points="1645,1983 1716,1983 1716,2011 1645,2011"/>
                    <TextEquiv>
                        <Unicode>1684,</Unicode>
                    </TextEquiv>
                    <TextStyle fontFamily="Arial" fontSize="7.5"/>
                </Word>
                <Word id="w_w2aab1b1b2c21b9b4c71" language="English" custom="readingOrder {index:16;}">
                    <Coords points="1729,1986 1839,1986 1839,2016 1729,2016"/>
                    <TextEquiv>
                        <Unicode>rapport</Unicode>
                    </TextEquiv>
                    <TextStyle fontFamily="Arial" fontSize="7.5"/>
                </Word>
                <Word id="w_w2aab1b1b2c21b9b4c87" language="English" custom="readingOrder {index:17;}">
                    <Coords points="1851,1983 1919,1983 1919,2016 1851,2016"/>
                    <TextEquiv>
                        <Unicode>pour</Unicode>
                    </TextEquiv>
                    <TextStyle fontFamily="Arial" fontSize="7.5"/>
                </Word>
                <Word id="w_w2aab1b1b2c21b9b5b1" language="English" custom="readingOrder {index:18;}">
                    <Coords points="1931,1983 2191,1983 2191,2008 1931,2008"/>
                    <TextEquiv>
                        <Unicode>Hardouin-Mansart</Unicode>
                    </TextEquiv>
                    <TextStyle fontFamily="Arial" fontSize="7.5"/>
                </Word>
                <Word id="w_w2aab1b1b2c21b9b6b3" language="English" custom="readingOrder {index:19;}">
                    <Coords points="2201,1990 2244,1990 2244,2008 2201,2008"/>
                    <TextEquiv>
                        <Unicode>sur</Unicode>
                    </TextEquiv>
                    <TextStyle fontFamily="Arial" fontSize="7.5"/>
                </Word>
                <Word id="w_w2aab1b1b2c21b9b6c11" language="English" custom="readingOrder {index:20;}">
                    <Coords points="2256,1981 2278,1981 2278,2008 2256,2008"/>
                    <TextEquiv>
                        <Unicode>la</Unicode>
                    </TextEquiv>
                    <TextStyle fontFamily="Arial" fontSize="7.5"/>
                </Word>
                <TextEquiv>
                    <Unicode>décrits dans le dit mémoire... On JOINT une PS. par Jean PERRAULT (expert-toiseur), 9 octobre 1684, rapport pour HARDOUIN-MANSART sur la</Unicode>
                </TextEquiv>
            </TextLine>
            <TextLine id="tl_29" primaryLanguage="English" custom="readingOrder {index:5;}">
                <Coords points="307,2026 1902,2026 1902,2061 307,2061"/>
                <Baseline points="307,2049 322,2049 496,2053 557,2053 695,2053 745,2061 871,2053 978,2053 1015,2053 1084,2053 1124,2053 1240,2053 1287,2053 1380,2053 1427,2053 1578,2053 1614,2053 1714,2053 1742,2053 1860,2053 1902,2053"/>
                <Word id="w_w2aab1b1b2c21c11ab1" language="English" custom="readingOrder {index:0;}">
                    <Coords points="307,2036 322,2036 322,2049 307,2049"/>
                    <TextEquiv>
                        <Unicode>«</Unicode>
                    </TextEquiv>
                    <TextStyle fontFamily="Arial" fontSize="7.5"/>
                </Word>
                <Word id="w_w2aab1b1b2c21c11ab5" language="English" custom="readingOrder {index:1;}">
                    <Coords points="333,2026 496,2026 496,2053 333,2053"/>
                    <TextEquiv>
                        <Unicode>démolition</Unicode>
                    </TextEquiv>
                    <TextStyle fontFamily="Arial" fontSize="7.5"/>
                </Word>
                <Word id="w_w2aab1b1b2c21c11ac27" language="English" custom="readingOrder {index:2;}">
                    <Coords points="508,2026 557,2026 557,2053 508,2053"/>
                    <TextEquiv>
                        <Unicode>des</Unicode>
                    </TextEquiv>
                    <TextStyle fontFamily="Arial" fontSize="7.5"/>
                </Word>
                <Word id="w_w2aab1b1b2c21c11ac35" language="English" custom="readingOrder {index:3;}">
                    <Coords points="569,2029 695,2029 695,2061 569,2061"/>
                    <TextEquiv>
                        <Unicode>appentis</Unicode>
                    </TextEquiv>
                    <TextStyle fontFamily="Arial" fontSize="7.5"/>
                </Word>
                <Word id="w_w2aab1b1b2c21c11ac53" language="English" custom="readingOrder {index:4;}">
                    <Coords points="708,2026 745,2026 745,2061 708,2061"/>
                    <TextEquiv>
                        <Unicode>(...)</Unicode>
                    </TextEquiv>
                    <TextStyle fontFamily="Arial" fontSize="7.5"/>
                </Word>
                <Word id="w_w2aab1b1b2c21c11ac65" language="English" custom="readingOrder {index:5;}">
                    <Coords points="757,2026 871,2026 871,2053 757,2053"/>
                    <TextEquiv>
                        <Unicode>adossés</Unicode>
                    </TextEquiv>
                    <TextStyle fontFamily="Arial" fontSize="7.5"/>
                </Word>
                <Word id="w_w2aab1b1b2c21c11ac81" language="English" custom="readingOrder {index:6;}">
                    <Coords points="883,2031 978,2031 978,2053 883,2053"/>
                    <TextEquiv>
                        <Unicode>contre</Unicode>
                    </TextEquiv>
                    <TextStyle fontFamily="Arial" fontSize="7.5"/>
                </Word>
                <Word id="w_w2aab1b1b2c21c11ac95" language="English" custom="readingOrder {index:7;}">
                    <Coords points="991,2026 1015,2026 1015,2053 991,2053"/>
                    <TextEquiv>
                        <Unicode>le</Unicode>
                    </TextEquiv>
                    <TextStyle fontFamily="Arial" fontSize="7.5"/>
                </Word>
                <Word id="w_w2aab1b1b2c21c11ad101" language="English" custom="readingOrder {index:8;}">
                    <Coords points="1027,2035 1084,2035 1084,2053 1027,2053"/>
                    <TextEquiv>
                        <Unicode>mur</Unicode>
                    </TextEquiv>
                    <TextStyle fontFamily="Arial" fontSize="7.5"/>
                </Word>
                <Word id="w_w2aab1b1b2c21c11ad109" language="English" custom="readingOrder {index:9;}">
                    <Coords points="1095,2031 1124,2031 1124,2053 1095,2053"/>
                    <TextEquiv>
                        <Unicode>et</Unicode>
                    </TextEquiv>
                    <TextStyle fontFamily="Arial" fontSize="7.5"/>
                </Word>
                <Word id="w_w2aab1b1b2c21c11ad115" language="English" custom="readingOrder {index:10;}">
                    <Coords points="1135,2026 1240,2026 1240,2053 1135,2053"/>
                    <TextEquiv>
                        <Unicode>clôture</Unicode>
                    </TextEquiv>
                    <TextStyle fontFamily="Arial" fontSize="7.5"/>
                </Word>
                <Word id="w_w2aab1b1b2c21c11ad131" language="English" custom="readingOrder {index:11;}">
                    <Coords points="1252,2026 1287,2026 1287,2053 1252,2053"/>
                    <TextEquiv>
                        <Unicode>du</Unicode>
                    </TextEquiv>
                    <TextStyle fontFamily="Arial" fontSize="7.5"/>
                </Word>
                <Word id="w_w2aab1b1b2c21c11ad137" language="English" custom="readingOrder {index:12;}">
                    <Coords points="1298,2026 1380,2026 1380,2061 1298,2061"/>
                    <TextEquiv>
                        <Unicode>jardin</Unicode>
                    </TextEquiv>
                    <TextStyle fontFamily="Arial" fontSize="7.5"/>
                </Word>
                <Word id="w_w2aab1b1b2c21c11ad151" language="English" custom="readingOrder {index:13;}">
                    <Coords points="1392,2026 1427,2026 1427,2053 1392,2053"/>
                    <TextEquiv>
                        <Unicode>de</Unicode>
                    </TextEquiv>
                    <TextStyle fontFamily="Arial" fontSize="7.5"/>
                </Word>
                <Word id="w_w2aab1b1b2c21c11ad157" language="English" custom="readingOrder {index:14;}">
                    <Coords points="1440,2029 1578,2029 1578,2053 1440,2053"/>
                    <TextEquiv>
                        <Unicode>Monsieur</Unicode>
                    </TextEquiv>
                    <TextStyle fontFamily="Arial" fontSize="7.5"/>
                </Word>
                <Word id="w_w2aab1b1b2c21c11ad175" language="English" custom="readingOrder {index:15;}">
                    <Coords points="1591,2026 1614,2026 1614,2053 1591,2053"/>
                    <TextEquiv>
                        <Unicode>le</Unicode>
                    </TextEquiv>
                    <TextStyle fontFamily="Arial" fontSize="7.5"/>
                </Word>
                <Word id="w_w2aab1b1b2c21c11ad181" language="English" custom="readingOrder {index:16;}">
                    <Coords points="1627,2029 1714,2029 1714,2053 1627,2053"/>
                    <TextEquiv>
                        <Unicode>Prince</Unicode>
                    </TextEquiv>
                    <TextStyle fontFamily="Arial" fontSize="7.5"/>
                </Word>
                <Word id="w_w2aab1b1b2c21c11ad195" language="English" custom="readingOrder {index:17;}">
                    <Coords points="1725,2026 1761,2026 1761,2053 1725,2053"/>
                    <TextEquiv>
                        <Unicode>de</Unicode>
                    </TextEquiv>
                    <TextStyle fontFamily="Arial" fontSize="7.5"/>
                </Word>
                <Word id="w_w2aab1b1b2c21c11b1b1" language="English" custom="readingOrder {index:18;}">
                    <Coords points="1772,2028 1860,2028 1860,2053 1772,2053"/>
                    <TextEquiv>
                        <Unicode>Conty</Unicode>
                    </TextEquiv>
                    <TextStyle fontFamily="Arial" fontSize="7.5"/>
                </Word>
                <Word id="w_w2aab1b1b2c21c11b1c13" language="English" custom="readingOrder {index:19;}">
                    <Coords points="1870,2036 1902,2036 1902,2053 1870,2053"/>
                    <TextEquiv>
                        <Unicode>»...</Unicode>
                    </TextEquiv>
                    <TextStyle fontFamily="Arial" fontSize="7.5"/>
                </Word>
                <TextEquiv>
                    <Unicode>« démolition des appentis (...) adossés contre le mur et clôture du jardin de Monsieur le Prince de CONTY »...</Unicode>
                </TextEquiv>
            </TextLine>
            <TextEquiv>
                <Unicode>« Mémoire des ouvrages de maçonneries faites dans le jardin de l’hostel de Niel [à Versailles] par lordre de Monseigneur de Louvoys
surintendant des bastimens par Thoussaint Rohais et Philipe Jouet entrepreneur des bastimens du Roy finis au mois de mars 1684 »... Le
mémoire est signé par les entrepreneurs, et contrôlé et signé par PERRAULT. Puis HARDOUIN a certifié de sa main, en tant que « Conseiller
du Roy Controlleur general des bastiments et jardins de Sa Maiesté », que les travaux mentionnés ont bien été exécutés comme
décrits dans le dit mémoire... On JOINT une PS. par Jean PERRAULT (expert-toiseur), 9 octobre 1684, rapport pour HARDOUIN-MANSART sur la
« démolition des appentis (...) adossés contre le mur et clôture du jardin de Monsieur le Prince de CONTY »...</Unicode>
            </TextEquiv>
        </TextRegion>
        <TextRegion type="paragraph" id="r_1_12" custom="readingOrder {index:11;}">
            <Coords points="216,2130 2279,2130 2279,2173 216,2173"/>
            <TextLine id="tl_30" primaryLanguage="English" custom="readingOrder {index:0;}">
                <Coords points="217,2131 2278,2131 2278,2172 217,2172"/>
                <Baseline points="217,2164 258,2163 557,2164 700,2163 858,2172 1061,2164 1158,2167 1197,2164 1325,2164 1406,2167 1432,2164 1478,2163 1610,2164 1626,2166 1644,2163 1726,2164 1793,2163 1927,2163 2015,2164 2109,2163 2278,2164"/>
                <Word id="w_w2aab1b1b2c23b1ab1" language="English" custom="readingOrder {index:0;}">
                    <Coords points="217,2139 258,2139 258,2164 217,2164"/>
                    <TextEquiv>
                        <Unicode>68.</Unicode>
                    </TextEquiv>
                    <TextStyle fontFamily="Arial" fontSize="7.5"/>
                </Word>
                <Word id="w_w2aab1b1b2c23b1ab9" language="English" custom="readingOrder {index:1;}">
                    <Coords points="309,2137 557,2137 557,2164 309,2164"/>
                    <TextEquiv>
                        <Unicode>Louis-Ferdinand</Unicode>
                    </TextEquiv>
                    <TextStyle fontFamily="Arial" fontSize="7.5"/>
                </Word>
                <Word id="w_w2aab1b1b2c23b1ac41" language="English" custom="readingOrder {index:2;}">
                    <Coords points="570,2131 700,2131 700,2164 570,2164"/>
                    <TextEquiv>
                        <Unicode>HÉROLD</Unicode>
                    </TextEquiv>
                    <TextStyle fontFamily="Arial" fontSize="7.5"/>
                </Word>
                <Word id="w_w2aab1b1b2c23b1ac55" language="English" custom="readingOrder {index:3;}">
                    <Coords points="712,2137 858,2137 858,2172 712,2172"/>
                    <TextEquiv>
                        <Unicode>(1791-1833)</Unicode>
                    </TextEquiv>
                    <TextStyle fontFamily="Arial" fontSize="7.5"/>
                </Word>
                <Word id="w_w2aab1b1b2c23b1ac79" language="English" custom="readingOrder {index:4;}">
                    <Coords points="869,2139 1061,2139 1061,2172 869,2172"/>
                    <TextEquiv>
                        <Unicode>compositeur.</Unicode>
                    </TextEquiv>
                    <TextStyle fontFamily="Arial" fontSize="7.5"/>
                </Word>
                <Word id="w_w2aab1b1b2c23b1ad105" language="English" custom="readingOrder {index:5;}">
                    <Coords points="1074,2139 1158,2139 1158,2167 1074,2167"/>
                    <TextEquiv>
                        <Unicode>L.A.S.,</Unicode>
                    </TextEquiv>
                    <TextStyle fontFamily="Arial" fontSize="7.5"/>
                </Word>
                <Word id="w_w2aab1b1b2c23b1ad121" language="English" custom="readingOrder {index:6;}">
                    <Coords points="1169,2139 1197,2139 1197,2164 1169,2164"/>
                    <TextEquiv>
                        <Unicode>16</Unicode>
                    </TextEquiv>
                    <TextStyle fontFamily="Arial" fontSize="7.5"/>
                </Word>
                <Word id="w_w2aab1b1b2c23b1ad127" language="English" custom="readingOrder {index:7;}">
                    <Coords points="1208,2136 1325,2136 1325,2164 1208,2164"/>
                    <TextEquiv>
                        <Unicode>octobre</Unicode>
                    </TextEquiv>
                    <TextStyle fontFamily="Arial" fontSize="7.5"/>
                </Word>
                <Word id="w_w2aab1b1b2c23b1ad143" language="English" custom="readingOrder {index:8;}">
                    <Coords points="1336,2139 1406,2139 1406,2167 1336,2167"/>
                    <TextEquiv>
                        <Unicode>1826,</Unicode>
                    </TextEquiv>
                    <TextStyle fontFamily="Arial" fontSize="7.5"/>
                </Word>
                <Word id="w_w2aab1b1b2c23b1ad155" language="English" custom="readingOrder {index:9;}">
                    <Coords points="1418,2139 1432,2139 1432,2164 1418,2164"/>
                    <TextEquiv>
                        <Unicode>à</Unicode>
                    </TextEquiv>
                    <TextStyle fontFamily="Arial" fontSize="7.5"/>
                </Word>
                <Word id="w_w2aab1b1b2c23b1ad159" language="English" custom="readingOrder {index:10;}">
                    <Coords points="1445,2146 1478,2146 1478,2164 1445,2164"/>
                    <TextEquiv>
                        <Unicode>un</Unicode>
                    </TextEquiv>
                    <TextStyle fontFamily="Arial" fontSize="7.5"/>
                </Word>
                <Word id="w_w2aab1b1b2c23b1ad165" language="English" custom="readingOrder {index:11;}">
                    <Coords points="1490,2139 1610,2139 1610,2164 1490,2164"/>
                    <TextEquiv>
                        <Unicode>vicomte</Unicode>
                    </TextEquiv>
                    <TextStyle fontFamily="Arial" fontSize="7.5"/>
                </Word>
                <Word id="w_w2aab1b1b2c23b1ad181" language="English" custom="readingOrder {index:12;}">
                    <Coords points="1622,2146 1626,2146 1626,2166 1622,2166"/>
                    <TextEquiv>
                        <Unicode>;</Unicode>
                    </TextEquiv>
                    <TextStyle fontFamily="Arial" fontSize="7.5"/>
                </Word>
                <Word id="w_w2aab1b1b2c23b1ad185" language="English" custom="readingOrder {index:13;}">
                    <Coords points="1637,2139 1644,2139 1644,2163 1637,2163"/>
                    <TextEquiv>
                        <Unicode>1</Unicode>
                    </TextEquiv>
                    <TextStyle fontFamily="Arial" fontSize="7.5"/>
                </Word>
                <Word id="w_w2aab1b1b2c23b1ad189" language="English" custom="readingOrder {index:14;}">
                    <Coords points="1659,2146 1726,2146 1726,2172 1659,2172"/>
                    <TextEquiv>
                        <Unicode>page</Unicode>
                    </TextEquiv>
                    <TextStyle fontFamily="Arial" fontSize="7.5"/>
                </Word>
                <Word id="w_w2aab1b1b2c23b1ad199" language="English" custom="readingOrder {index:15;}">
                    <Coords points="1739,2139 1793,2139 1793,2163 1739,2163"/>
                    <TextEquiv>
                        <Unicode>in-4</Unicode>
                    </TextEquiv>
                    <TextStyle fontFamily="Arial" fontSize="7.5"/>
                </Word>
                <Word id="w_w2aab1b1b2c23b1ad209" language="English" custom="readingOrder {index:16;}">
                    <Coords points="1805,2137 1927,2137 1927,2172 1805,2172"/>
                    <TextEquiv>
                        <Unicode>(portrait</Unicode>
                    </TextEquiv>
                    <TextStyle fontFamily="Arial" fontSize="7.5"/>
                </Word>
                <Word id="w_w2aab1b1b2c23b1ad229" language="English" custom="readingOrder {index:17;}">
                    <Coords points="1938,2139 2015,2139 2015,2172 1938,2172"/>
                    <TextEquiv>
                        <Unicode>gravé</Unicode>
                    </TextEquiv>
                    <TextStyle fontFamily="Arial" fontSize="7.5"/>
                </Word>
                <Word id="w_w2aab1b1b2c23b1ad241" language="English" custom="readingOrder {index:18;}">
                    <Coords points="2024,2137 2109,2137 2109,2172 2024,2172"/>
                    <TextEquiv>
                        <Unicode>joint).</Unicode>
                    </TextEquiv>
                    <TextStyle fontFamily="Arial" fontSize="7.5"/>
                </Word>
                <Word id="w_w2aab1b1b2c23b1ad257" language="English" custom="readingOrder {index:19;}">
                    <Coords points="2145,2138 2278,2138 2278,2164 2145,2164"/>
                    <TextEquiv>
                        <Unicode>200/300</Unicode>
                    </TextEquiv>
                    <TextStyle fontFamily="Arial" fontSize="7.5"/>
                </Word>
                <TextEquiv>
                    <Unicode>68. Louis-Ferdinand HÉROLD (1791-1833) compositeur. L.A.S., 16 octobre 1826, à un vicomte ; 1 page in-4 (portrait gravé joint). 200/300</Unicode>
                </TextEquiv>
                <TextStyle fontFamily="Arial" fontSize="7.5"/>
            </TextLine>
            <TextEquiv>
                <Unicode>68. Louis-Ferdinand HÉROLD (1791-1833) compositeur. L.A.S., 16 octobre 1826, à un vicomte ; 1 page in-4 (portrait gravé joint). 200/300</Unicode>
            </TextEquiv>
        </TextRegion>
        <TextRegion type="paragraph" id="r_1_13" custom="readingOrder {index:12;}">
            <Coords points="307,2197 2279,2197 2279,2318 307,2318"/>
            <TextLine id="tl_31" primaryLanguage="English" custom="readingOrder {index:0;}">
                <Coords points="346,2198 2278,2198 2278,2234 346,2234"/>
                <Baseline points="346,2225 359,2226 416,2226 497,2226 544,2226 699,2225 736,2226 877,2225 907,2226 1024,2226 1041,2226 1068,2221 1126,2226 1270,2226 1394,2230 1440,2226 1579,2226 1627,2226 1743,2229 1771,2226 1831,2226 1879,2226 1959,2226 2048,2225 2084,2226 2229,2226 2278,2226"/>
                <Word id="w_w2aab1b1b2c25b1ab1" language="English" custom="readingOrder {index:0;}">
                    <Coords points="346,2198 359,2198 359,2226 346,2226"/>
                    <TextEquiv>
                        <Unicode>Il</Unicode>
                    </TextEquiv>
                    <TextStyle fontFamily="Arial" fontSize="7.5"/>
                </Word>
                <Word id="w_w2aab1b1b2c25b1ab7" language="English" custom="readingOrder {index:1;}">
                    <Coords points="373,2204 416,2204 416,2226 373,2226"/>
                    <TextEquiv>
                        <Unicode>est</Unicode>
                    </TextEquiv>
                    <TextStyle fontFamily="Arial" fontSize="7.5"/>
                </Word>
                <Word id="w_w2aab1b1b2c25b1ac15" language="English" custom="readingOrder {index:2;}">
                    <Coords points="428,2208 497,2208 497,2226 428,2226"/>
                    <TextEquiv>
                        <Unicode>venu</Unicode>
                    </TextEquiv>
                    <TextStyle fontFamily="Arial" fontSize="7.5"/>
                </Word>
                <Word id="w_w2aab1b1b2c25b1ac25" language="English" custom="readingOrder {index:3;}">
                    <Coords points="513,2198 544,2198 544,2226 513,2226"/>
                    <TextEquiv>
                        <Unicode>lui</Unicode>
                    </TextEquiv>
                    <TextStyle fontFamily="Arial" fontSize="7.5"/>
                </Word>
                <Word id="w_w2aab1b1b2c25b1ac33" language="English" custom="readingOrder {index:4;}">
                    <Coords points="559,2202 699,2202 699,2234 559,2234"/>
                    <TextEquiv>
                        <Unicode>présenter</Unicode>
                    </TextEquiv>
                    <TextStyle fontFamily="Arial" fontSize="7.5"/>
                </Word>
                <Word id="w_w2aab1b1b2c25b1ac53" language="English" custom="readingOrder {index:5;}">
                    <Coords points="714,2198 736,2198 736,2226 714,2226"/>
                    <TextEquiv>
                        <Unicode>la</Unicode>
                    </TextEquiv>
                    <TextStyle fontFamily="Arial" fontSize="7.5"/>
                </Word>
                <Word id="w_w2aab1b1b2c25b1ac59" language="English" custom="readingOrder {index:6;}">
                    <Coords points="750,2201 877,2201 877,2234 750,2234"/>
                    <TextEquiv>
                        <Unicode>partition</Unicode>
                    </TextEquiv>
                    <TextStyle fontFamily="Arial" fontSize="7.5"/>
                </Word>
                <Word id="w_w2aab1b1b2c25b1ac79" language="English" custom="readingOrder {index:7;}">
                    <Coords points="891,2199 926,2199 926,2226 891,2226"/>
                    <TextEquiv>
                        <Unicode>de</Unicode>
                    </TextEquiv>
                    <TextStyle fontFamily="Arial" fontSize="7.5"/>
                </Word>
                <Word id="w_w2aab1b1b2c25b1b1b1" language="English" custom="readingOrder {index:8;}">
                    <Coords points="939,2201 1024,2201 1024,2226 939,2226"/>
                    <TextEquiv>
                        <Unicode>Marie</Unicode>
                    </TextEquiv>
                    <TextStyle fontFamily="Arial" fontSize="7.5" italic="true"/>
                </Word>
                <Word id="w_w2aab1b1b2c25b1b1c13" language="English" custom="readingOrder {index:9;}">
                    <Coords points="1038,2208 1041,2208 1041,2226 1038,2226"/>
                    <TextEquiv>
                        <Unicode>:</Unicode>
                    </TextEquiv>
                    <TextStyle fontFamily="Arial" fontSize="7.5" italic="true"/>
                </Word>
                <Word id="w_w2aab1b1b2c25b1b2b3" language="English" custom="readingOrder {index:10;}">
                    <Coords points="1054,2209 1068,2209 1068,2221 1054,2221"/>
                    <TextEquiv>
                        <Unicode>«</Unicode>
                    </TextEquiv>
                    <TextStyle fontFamily="Arial" fontSize="7.5"/>
                </Word>
                <Word id="w_w2aab1b1b2c25b1b2b7" language="English" custom="readingOrder {index:11;}">
                    <Coords points="1082,2201 1126,2201 1126,2226 1082,2226"/>
                    <TextEquiv>
                        <Unicode>Ma</Unicode>
                    </TextEquiv>
                    <TextStyle fontFamily="Arial" fontSize="7.5"/>
                </Word>
                <Word id="w_w2aab1b1b2c25b1b2c13" language="English" custom="readingOrder {index:12;}">
                    <Coords points="1140,2201 1270,2201 1270,2234 1140,2234"/>
                    <TextEquiv>
                        <Unicode>première</Unicode>
                    </TextEquiv>
                    <TextStyle fontFamily="Arial" fontSize="7.5"/>
                </Word>
                <Word id="w_w2aab1b1b2c25b1b2c31" language="English" custom="readingOrder {index:13;}">
                    <Coords points="1284,2201 1394,2201 1394,2234 1284,2234"/>
                    <TextEquiv>
                        <Unicode>pensée,</Unicode>
                    </TextEquiv>
                    <TextStyle fontFamily="Arial" fontSize="7.5"/>
                </Word>
                <Word id="w_w2aab1b1b2c25b1b2c47" language="English" custom="readingOrder {index:14;}">
                    <Coords points="1408,2208 1440,2208 1440,2226 1408,2226"/>
                    <TextEquiv>
                        <Unicode>au</Unicode>
                    </TextEquiv>
                    <TextStyle fontFamily="Arial" fontSize="7.5"/>
                </Word>
                <Word id="w_w2aab1b1b2c25b1b2c53" language="English" custom="readingOrder {index:15;}">
                    <Coords points="1454,2204 1579,2204 1579,2226 1454,2226"/>
                    <TextEquiv>
                        <Unicode>moment</Unicode>
                    </TextEquiv>
                    <TextStyle fontFamily="Arial" fontSize="7.5"/>
                </Word>
                <Word id="w_w2aab1b1b2c25b1b2c67" language="English" custom="readingOrder {index:16;}">
                    <Coords points="1592,2199 1627,2199 1627,2226 1592,2226"/>
                    <TextEquiv>
                        <Unicode>du</Unicode>
                    </TextEquiv>
                    <TextStyle fontFamily="Arial" fontSize="7.5"/>
                </Word>
                <Word id="w_w2aab1b1b2c25b1b2c73" language="English" custom="readingOrder {index:17;}">
                    <Coords points="1641,2201 1743,2201 1743,2229 1641,2229"/>
                    <TextEquiv>
                        <Unicode>succès,</Unicode>
                    </TextEquiv>
                    <TextStyle fontFamily="Arial" fontSize="7.5"/>
                </Word>
                <Word id="w_w2aab1b1b2c25b1b2c89" language="English" custom="readingOrder {index:18;}">
                    <Coords points="1757,2208 1771,2208 1771,2226 1757,2226"/>
                    <TextEquiv>
                        <Unicode>a</Unicode>
                    </TextEquiv>
                    <TextStyle fontFamily="Arial" fontSize="7.5"/>
                </Word>
                <Word id="w_w2aab1b1b2c25b1b2c93" language="English" custom="readingOrder {index:19;}">
                    <Coords points="1784,2201 1831,2201 1831,2226 1784,2226"/>
                    <TextEquiv>
                        <Unicode>été</Unicode>
                    </TextEquiv>
                    <TextStyle fontFamily="Arial" fontSize="7.5"/>
                </Word>
                <Word id="w_w2aab1b1b2c25b1b2d101" language="English" custom="readingOrder {index:20;}">
                    <Coords points="1844,2198 1879,2198 1879,2226 1844,2226"/>
                    <TextEquiv>
                        <Unicode>de</Unicode>
                    </TextEquiv>
                    <TextStyle fontFamily="Arial" fontSize="7.5"/>
                </Word>
                <Word id="w_w2aab1b1b2c25b1b2d107" language="English" custom="readingOrder {index:21;}">
                    <Coords points="1892,2208 1959,2208 1959,2226 1892,2226"/>
                    <TextEquiv>
                        <Unicode>vous</Unicode>
                    </TextEquiv>
                    <TextStyle fontFamily="Arial" fontSize="7.5"/>
                </Word>
                <Word id="w_w2aab1b1b2c25b1b2d117" language="English" custom="readingOrder {index:22;}">
                    <Coords points="1973,2198 2048,2198 2048,2226 1973,2226"/>
                    <TextEquiv>
                        <Unicode>offrir</Unicode>
                    </TextEquiv>
                    <TextStyle fontFamily="Arial" fontSize="7.5"/>
                </Word>
                <Word id="w_w2aab1b1b2c25b1b2d131" language="English" custom="readingOrder {index:23;}">
                    <Coords points="2062,2199 2084,2199 2084,2226 2062,2226"/>
                    <TextEquiv>
                        <Unicode>la</Unicode>
                    </TextEquiv>
                    <TextStyle fontFamily="Arial" fontSize="7.5"/>
                </Word>
                <Word id="w_w2aab1b1b2c25b1b2d137" language="English" custom="readingOrder {index:24;}">
                    <Coords points="2097,2198 2229,2198 2229,2226 2097,2226"/>
                    <TextEquiv>
                        <Unicode>dédicace</Unicode>
                    </TextEquiv>
                    <TextStyle fontFamily="Arial" fontSize="7.5"/>
                </Word>
                <Word id="w_w2aab1b1b2c25b1b2d155" language="English" custom="readingOrder {index:25;}">
                    <Coords points="2243,2199 2278,2199 2278,2226 2243,2226"/>
                    <TextEquiv>
                        <Unicode>de</Unicode>
                    </TextEquiv>
                    <TextStyle fontFamily="Arial" fontSize="7.5"/>
                </Word>
                <TextEquiv>
                    <Unicode>Il est venu lui présenter la partition de Marie : « Ma première pensée, au moment du succès, a été de vous offrir la dédicace de</Unicode>
                </TextEquiv>
            </TextLine>
            <TextLine id="tl_32" primaryLanguage="English" custom="readingOrder {index:1;}">
                <Coords points="309,2244 2278,2244 2278,2280 309,2280"/>
                <Baseline points="309,2271 373,2271 501,2271 550,2279 642,2271 776,2275 830,2271 918,2271 947,2271 1092,2275 1146,2271 1224,2271 1306,2271 1413,2271 1554,2271 1599,2271 1695,2271 1944,2275 2031,2271 2166,2271 2218,2271 2278,2271"/>
                <Word id="w_w2aab1b1b2c25b3ab1" language="English" custom="readingOrder {index:0;}">
                    <Coords points="309,2253 373,2253 373,2271 309,2271"/>
                    <TextEquiv>
                        <Unicode>mon</Unicode>
                    </TextEquiv>
                    <TextStyle fontFamily="Arial" fontSize="7.5"/>
                </Word>
                <Word id="w_w2aab1b1b2c25b3ab9" language="English" custom="readingOrder {index:1;}">
                    <Coords points="385,2253 501,2253 501,2280 385,2280"/>
                    <TextEquiv>
                        <Unicode>ouvrage</Unicode>
                    </TextEquiv>
                    <TextStyle fontFamily="Arial" fontSize="7.5"/>
                </Word>
                <Word id="w_w2aab1b1b2c25b3ac25" language="English" custom="readingOrder {index:2;}">
                    <Coords points="513,2245 550,2245 550,2279 513,2279"/>
                    <TextEquiv>
                        <Unicode>(...)</Unicode>
                    </TextEquiv>
                    <TextStyle fontFamily="Arial" fontSize="7.5"/>
                </Word>
                <Word id="w_w2aab1b1b2c25b3ac37" language="English" custom="readingOrder {index:3;}">
                    <Coords points="561,2247 642,2247 642,2271 561,2271"/>
                    <TextEquiv>
                        <Unicode>Votre</Unicode>
                    </TextEquiv>
                    <TextStyle fontFamily="Arial" fontSize="7.5"/>
                </Word>
                <Word id="w_w2aab1b1b2c25b3ac49" language="English" custom="readingOrder {index:4;}">
                    <Coords points="653,2244 776,2244 776,2280 653,2280"/>
                    <TextEquiv>
                        <Unicode>suffrage,</Unicode>
                    </TextEquiv>
                    <TextStyle fontFamily="Arial" fontSize="7.5"/>
                </Word>
                <Word id="w_w2aab1b1b2c25b3ac69" language="English" custom="readingOrder {index:5;}">
                    <Coords points="788,2247 830,2247 830,2279 788,2279"/>
                    <TextEquiv>
                        <Unicode>qui</Unicode>
                    </TextEquiv>
                    <TextStyle fontFamily="Arial" fontSize="7.5"/>
                </Word>
                <Word id="w_w2aab1b1b2c25b3ac77" language="English" custom="readingOrder {index:6;}">
                    <Coords points="843,2244 918,2244 918,2271 843,2271"/>
                    <TextEquiv>
                        <Unicode>m’est</Unicode>
                    </TextEquiv>
                    <TextStyle fontFamily="Arial" fontSize="7.5"/>
                </Word>
                <Word id="w_w2aab1b1b2c25b3ac89" language="English" custom="readingOrder {index:7;}">
                    <Coords points="928,2247 947,2247 947,2271 928,2271"/>
                    <TextEquiv>
                        <Unicode>si</Unicode>
                    </TextEquiv>
                    <TextStyle fontFamily="Arial" fontSize="7.5"/>
                </Word>
                <Word id="w_w2aab1b1b2c25b3ac95" language="English" custom="readingOrder {index:8;}">
                    <Coords points="960,2247 1092,2247 1092,2280 960,2280"/>
                    <TextEquiv>
                        <Unicode>précieux,</Unicode>
                    </TextEquiv>
                    <TextStyle fontFamily="Arial" fontSize="7.5"/>
                </Word>
                <Word id="w_w2aab1b1b2c25b3ad115" language="English" custom="readingOrder {index:9;}">
                    <Coords points="1103,2249 1146,2249 1146,2271 1103,2271"/>
                    <TextEquiv>
                        <Unicode>est</Unicode>
                    </TextEquiv>
                    <TextStyle fontFamily="Arial" fontSize="7.5"/>
                </Word>
                <Word id="w_w2aab1b1b2c25b3ad123" language="English" custom="readingOrder {index:10;}">
                    <Coords points="1157,2247 1224,2247 1224,2271 1157,2271"/>
                    <TextEquiv>
                        <Unicode>aussi</Unicode>
                    </TextEquiv>
                    <TextStyle fontFamily="Arial" fontSize="7.5"/>
                </Word>
                <Word id="w_w2aab1b1b2c25b3ad135" language="English" custom="readingOrder {index:11;}">
                    <Coords points="1238,2253 1306,2253 1306,2280 1238,2280"/>
                    <TextEquiv>
                        <Unicode>pour</Unicode>
                    </TextEquiv>
                    <TextStyle fontFamily="Arial" fontSize="7.5"/>
                </Word>
                <Word id="w_w2aab1b1b2c25b3ad145" language="English" custom="readingOrder {index:12;}">
                    <Coords points="1318,2244 1413,2244 1413,2271 1318,2271"/>
                    <TextEquiv>
                        <Unicode>l’école</Unicode>
                    </TextEquiv>
                    <TextStyle fontFamily="Arial" fontSize="7.5"/>
                </Word>
                <Word id="w_w2aab1b1b2c25b3ad161" language="English" custom="readingOrder {index:13;}">
                    <Coords points="1423,2244 1554,2244 1554,2278 1423,2278"/>
                    <TextEquiv>
                        <Unicode>française</Unicode>
                    </TextEquiv>
                    <TextStyle fontFamily="Arial" fontSize="7.5"/>
                </Word>
                <Word id="w_w2aab1b1b2c25b3ad181" language="English" custom="readingOrder {index:14;}">
                    <Coords points="1566,2253 1599,2253 1599,2271 1566,2271"/>
                    <TextEquiv>
                        <Unicode>un</Unicode>
                    </TextEquiv>
                    <TextStyle fontFamily="Arial" fontSize="7.5"/>
                </Word>
                <Word id="w_w2aab1b1b2c25b3ad187" language="English" custom="readingOrder {index:15;}">
                    <Coords points="1612,2244 1695,2244 1695,2271 1612,2271"/>
                    <TextEquiv>
                        <Unicode>noble</Unicode>
                    </TextEquiv>
                    <TextStyle fontFamily="Arial" fontSize="7.5"/>
                </Word>
                <Word id="w_w2aab1b1b2c25b3ad199" language="English" custom="readingOrder {index:16;}">
                    <Coords points="1706,2249 1944,2249 1944,2280 1706,2280"/>
                    <TextEquiv>
                        <Unicode>encouragement,</Unicode>
                    </TextEquiv>
                    <TextStyle fontFamily="Arial" fontSize="7.5"/>
                </Word>
                <Word id="w_w2aab1b1b2c25b3ad229" language="English" custom="readingOrder {index:17;}">
                    <Coords points="1955,2249 2031,2249 2031,2271 1955,2271"/>
                    <TextEquiv>
                        <Unicode>cette</Unicode>
                    </TextEquiv>
                    <TextStyle fontFamily="Arial" fontSize="7.5"/>
                </Word>
                <Word id="w_w2aab1b1b2c25b3ad241" language="English" custom="readingOrder {index:18;}">
                    <Coords points="2042,2244 2166,2244 2166,2271 2042,2271"/>
                    <TextEquiv>
                        <Unicode>seconde</Unicode>
                    </TextEquiv>
                    <TextStyle fontFamily="Arial" fontSize="7.5"/>
                </Word>
                <Word id="w_w2aab1b1b2c25b3ad257" language="English" custom="readingOrder {index:19;}">
                    <Coords points="2176,2247 2218,2247 2218,2271 2176,2271"/>
                    <TextEquiv>
                        <Unicode>vie</Unicode>
                    </TextEquiv>
                    <TextStyle fontFamily="Arial" fontSize="7.5"/>
                </Word>
                <Word id="w_w2aab1b1b2c25b3ad265" language="English" custom="readingOrder {index:20;}">
                    <Coords points="2229,2244 2278,2244 2278,2271 2229,2271"/>
                    <TextEquiv>
                        <Unicode>des</Unicode>
                    </TextEquiv>
                    <TextStyle fontFamily="Arial" fontSize="7.5"/>
                </Word>
                <TextEquiv>
                    <Unicode>mon ouvrage (...) Votre suffrage, qui m’est si précieux, est aussi pour l’école française un noble encouragement, cette seconde vie des</Unicode>
                </TextEquiv>
                <TextStyle fontFamily="Arial" fontSize="7.5"/>
            </TextLine>
            <TextLine id="tl_33" primaryLanguage="English" custom="readingOrder {index:2;}">
                <Coords points="308,2291 476,2291 476,2317 308,2317"/>
                <Baseline points="308,2317 415,2317 432,2317 476,2317"/>
                <Word id="w_w2aab1b1b2c25b5ab1" language="English" custom="readingOrder {index:0;}">
                    <Coords points="308,2292 415,2292 415,2317 308,2317"/>
                    <TextEquiv>
                        <Unicode>artistes</Unicode>
                    </TextEquiv>
                    <TextStyle fontFamily="Arial" fontSize="7.5"/>
                </Word>
                <Word id="w_w2aab1b1b2c25b5ac19" language="English" custom="readingOrder {index:1;}">
                    <Coords points="428,2291 432,2291 432,2317 428,2317"/>
                    <TextEquiv>
                        <Unicode>!</Unicode>
                    </TextEquiv>
                    <TextStyle fontFamily="Arial" fontSize="7.5"/>
                </Word>
                <Word id="w_w2aab1b1b2c25b5ac23" language="English" custom="readingOrder {index:2;}">
                    <Coords points="444,2300 476,2300 476,2317 444,2317"/>
                    <TextEquiv>
                        <Unicode>»...</Unicode>
                    </TextEquiv>
                    <TextStyle fontFamily="Arial" fontSize="7.5"/>
                </Word>
                <TextEquiv>
                    <Unicode>artistes ! »...</Unicode>
                </TextEquiv>
                <TextStyle fontFamily="Arial" fontSize="7.5"/>
            </TextLine>
            <TextEquiv>
                <Unicode>Il est venu lui présenter la partition de Marie : « Ma première pensée, au moment du succès, a été de vous offrir la dédicace de
mon ouvrage (...) Votre suffrage, qui m’est si précieux, est aussi pour l’école française un noble encouragement, cette seconde vie des
artistes ! »...</Unicode>
            </TextEquiv>
        </TextRegion>
        <TextRegion type="paragraph" id="r_1_14" custom="readingOrder {index:13;}">
            <Coords points="201,2399 2279,2399 2279,2437 201,2437"/>
            <TextLine id="tl_34" primaryLanguage="English" custom="readingOrder {index:0;}">
                <Coords points="202,2400 2278,2400 2278,2436 202,2436"/>
                <Baseline points="202,2427 216,2427 260,2427 428,2427 548,2427 707,2427 804,2430 902,2431 928,2427 955,2427 1043,2427 1163,2431 1188,2427 1282,2427 1357,2427 2278,2427"/>
                <Word id="w_w2aab1b1b2c27b1ab1" language="English" custom="readingOrder {index:0;}">
                    <Coords points="202,2400 216,2400 216,2427 202,2427"/>
                    <TextEquiv>
                        <Unicode>f</Unicode>
                    </TextEquiv>
                    <TextStyle fontFamily="Arial" fontSize="7.5" italic="true"/>
                </Word>
                <Word id="w_w2aab1b1b2c27b1b1b3" language="English" custom="readingOrder {index:1;}">
                    <Coords points="223,2402 260,2402 260,2427 223,2427"/>
                    <TextEquiv>
                        <Unicode>69.</Unicode>
                    </TextEquiv>
                    <TextStyle fontFamily="Arial" fontSize="7.5"/>
                </Word>
                <Word id="w_w2aab1b1b2c27b1b1c11" language="English" custom="readingOrder {index:2;}">
                    <Coords points="307,2402 428,2402 428,2427 307,2427"/>
                    <TextEquiv>
                        <Unicode>Vincent</Unicode>
                    </TextEquiv>
                    <TextStyle fontFamily="Arial" fontSize="7.5"/>
                </Word>
                <Word id="w_w2aab1b1b2c27b1b1c27" language="English" custom="readingOrder {index:3;}">
                    <Coords points="438,2400 548,2400 548,2427 438,2427"/>
                    <TextEquiv>
                        <Unicode>d’INDY</Unicode>
                    </TextEquiv>
                    <TextStyle fontFamily="Arial" fontSize="7.5"/>
                </Word>
                <Word id="w_w2aab1b1b2c27b1b1c41" language="English" custom="readingOrder {index:4;}">
                    <Coords points="559,2400 707,2400 707,2435 559,2435"/>
                    <TextEquiv>
                        <Unicode>(1851-1931).</Unicode>
                    </TextEquiv>
                    <TextStyle fontFamily="Arial" fontSize="7.5"/>
                </Word>
                <Word id="w_w2aab1b1b2c27b1b1c67" language="English" custom="readingOrder {index:5;}">
                    <Coords points="720,2402 804,2402 804,2430 720,2430"/>
                    <TextEquiv>
                        <Unicode>L.A.S.,</Unicode>
                    </TextEquiv>
                    <TextStyle fontFamily="Arial" fontSize="7.5"/>
                </Word>
                <Word id="w_w2aab1b1b2c27b1b1c83" language="English" custom="readingOrder {index:6;}">
                    <Coords points="817,2400 902,2400 902,2431 817,2431"/>
                    <TextEquiv>
                        <Unicode>Lundi,</Unicode>
                    </TextEquiv>
                    <TextStyle fontFamily="Arial" fontSize="7.5"/>
                </Word>
                <Word id="w_w2aab1b1b2c27b1b1c97" language="English" custom="readingOrder {index:7;}">
                    <Coords points="914,2403 928,2403 928,2427 914,2427"/>
                    <TextEquiv>
                        <Unicode>à</Unicode>
                    </TextEquiv>
                    <TextStyle fontFamily="Arial" fontSize="7.5"/>
                </Word>
                <Word id="w_w2aab1b1b2c27b1b1d101" language="English" custom="readingOrder {index:8;}">
                    <Coords points="941,2403 1011,2403 1011,2427 941,2427"/>
                    <TextEquiv>
                        <Unicode>Léon</Unicode>
                    </TextEquiv>
                    <TextStyle fontFamily="Arial" fontSize="7.5"/>
                </Word>
                <Word id="w_w2aab1b1b2c27b1b2b1" language="English" custom="readingOrder {index:9;}">
                    <Coords points="1024,2403 1149,2403 1149,2430 1024,2430"/>
                    <TextEquiv>
                        <Unicode>Hennique</Unicode>
                    </TextEquiv>
                    <TextStyle fontFamily="Arial" fontSize="7.5"/>
                </Word>
                <Word id="w_w2aab1b1b2c27b1b3b3" language="English" custom="readingOrder {index:10;}">
                    <Coords points="1159,2409 1163,2409 1163,2431 1159,2431"/>
                    <TextEquiv>
                        <Unicode>;</Unicode>
                    </TextEquiv>
                    <TextStyle fontFamily="Arial" fontSize="7.5"/>
                </Word>
                <Word id="w_w2aab1b1b2c27b1b3b7" language="English" custom="readingOrder {index:11;}">
                    <Coords points="1175,2402 1188,2402 1188,2427 1175,2427"/>
                    <TextEquiv>
                        <Unicode>3</Unicode>
                    </TextEquiv>
                    <TextStyle fontFamily="Arial" fontSize="7.5"/>
                </Word>
                <Word id="w_w2aab1b1b2c27b1b3c11" language="English" custom="readingOrder {index:12;}">
                    <Coords points="1201,2409 1282,2409 1282,2436 1201,2436"/>
                    <TextEquiv>
                        <Unicode>pages</Unicode>
                    </TextEquiv>
                    <TextStyle fontFamily="Arial" fontSize="7.5"/>
                </Word>
                <Word id="w_w2aab1b1b2c27b1b3c23" language="English" custom="readingOrder {index:13;}">
                    <Coords points="1296,2403 1357,2403 1357,2427 1296,2427"/>
                    <TextEquiv>
                        <Unicode>in-8.</Unicode>
                    </TextEquiv>
                    <TextStyle fontFamily="Arial" fontSize="7.5"/>
                </Word>
                <Word id="w_w2aab1b1b2c27b1b3c35" language="English" custom="readingOrder {index:14;}">
                    <Coords points="2153,2402 2278,2402 2278,2427 2153,2427"/>
                    <TextEquiv>
                        <Unicode>150/200</Unicode>
                    </TextEquiv>
                    <TextStyle fontFamily="Arial" fontSize="7.5"/>
                </Word>
                <TextEquiv>
                    <Unicode>f 69. Vincent d’INDY (1851-1931). L.A.S., Lundi, à Léon HENNIQUE ; 3 pages in-8. 150/200</Unicode>
                </TextEquiv>
            </TextLine>
            <TextEquiv>
                <Unicode>f 69. Vincent d’INDY (1851-1931). L.A.S., Lundi, à Léon HENNIQUE ; 3 pages in-8. 150/200</Unicode>
            </TextEquiv>
        </TextRegion>
        <TextRegion type="paragraph" id="r_1_15" custom="readingOrder {index:14;}">
            <Coords points="305,2461 2280,2461 2280,2726 305,2726"/>
            <TextLine id="tl_35" primaryLanguage="English" custom="readingOrder {index:0;}">
                <Coords points="345,2462 2278,2462 2278,2498 345,2498"/>
                <Baseline points="345,2489 359,2489 385,2490 444,2489 504,2489 676,2489 730,2489 764,2489 878,2490 893,2489 918,2485 948,2489 1027,2489 1132,2489 1220,2489 1402,2489 1446,2489 1504,2489 1535,2477 1635,2493 1661,2489 1717,2489 1885,2489 1956,2489 2005,2489 2100,2489 2164,2489 2278,2490"/>
                <Word id="w_w2aab1b1b2c29b1ab1" language="English" custom="readingOrder {index:0;}">
                    <Coords points="345,2462 359,2462 359,2489 345,2489"/>
                    <TextEquiv>
                        <Unicode>Il</Unicode>
                    </TextEquiv>
                    <TextStyle fontFamily="Arial" fontSize="7.5"/>
                </Word>
                <Word id="w_w2aab1b1b2c29b1ab7" language="English" custom="readingOrder {index:1;}">
                    <Coords points="371,2471 385,2471 385,2490 371,2490"/>
                    <TextEquiv>
                        <Unicode>a</Unicode>
                    </TextEquiv>
                    <TextStyle fontFamily="Arial" fontSize="7.5"/>
                </Word>
                <Word id="w_w2aab1b1b2c29b1ac11" language="English" custom="readingOrder {index:2;}">
                    <Coords points="396,2462 444,2462 444,2489 396,2489"/>
                    <TextEquiv>
                        <Unicode>fait</Unicode>
                    </TextEquiv>
                    <TextStyle fontFamily="Arial" fontSize="7.5"/>
                </Word>
                <Word id="w_w2aab1b1b2c29b1ac21" language="English" custom="readingOrder {index:3;}">
                    <Coords points="455,2462 504,2462 504,2490 455,2490"/>
                    <TextEquiv>
                        <Unicode>des</Unicode>
                    </TextEquiv>
                    <TextStyle fontFamily="Arial" fontSize="7.5"/>
                </Word>
                <Word id="w_w2aab1b1b2c29b1ac29" language="English" custom="readingOrder {index:4;}">
                    <Coords points="517,2462 676,2462 676,2490 517,2490"/>
                    <TextEquiv>
                        <Unicode>recherches</Unicode>
                    </TextEquiv>
                    <TextStyle fontFamily="Arial" fontSize="7.5"/>
                </Word>
                <Word id="w_w2aab1b1b2c29b1ac51" language="English" custom="readingOrder {index:5;}">
                    <Coords points="687,2472 730,2472 730,2489 687,2489"/>
                    <TextEquiv>
                        <Unicode>sur</Unicode>
                    </TextEquiv>
                    <TextStyle fontFamily="Arial" fontSize="7.5"/>
                </Word>
                <Word id="w_w2aab1b1b2c29b1ac59" language="English" custom="readingOrder {index:6;}">
                    <Coords points="742,2462 764,2462 764,2489 742,2489"/>
                    <TextEquiv>
                        <Unicode>la</Unicode>
                    </TextEquiv>
                    <TextStyle fontFamily="Arial" fontSize="7.5"/>
                </Word>
                <Word id="w_w2aab1b1b2c29b1ac65" language="English" custom="readingOrder {index:7;}">
                    <Coords points="776,2472 878,2472 878,2498 776,2498"/>
                    <TextEquiv>
                        <Unicode>pavane</Unicode>
                    </TextEquiv>
                    <TextStyle fontFamily="Arial" fontSize="7.5"/>
                </Word>
                <Word id="w_w2aab1b1b2c29b1ac79" language="English" custom="readingOrder {index:8;}">
                    <Coords points="890,2472 893,2472 893,2489 890,2489"/>
                    <TextEquiv>
                        <Unicode>:</Unicode>
                    </TextEquiv>
                    <TextStyle fontFamily="Arial" fontSize="7.5"/>
                </Word>
                <Word id="w_w2aab1b1b2c29b1ac83" language="English" custom="readingOrder {index:9;}">
                    <Coords points="904,2472 918,2472 918,2485 904,2485"/>
                    <TextEquiv>
                        <Unicode>«</Unicode>
                    </TextEquiv>
                    <TextStyle fontFamily="Arial" fontSize="7.5"/>
                </Word>
                <Word id="w_w2aab1b1b2c29b1ac87" language="English" custom="readingOrder {index:10;}">
                    <Coords points="929,2465 948,2465 948,2490 929,2490"/>
                    <TextEquiv>
                        <Unicode>si</Unicode>
                    </TextEquiv>
                    <TextStyle fontFamily="Arial" fontSize="7.5"/>
                </Word>
                <Word id="w_w2aab1b1b2c29b1ac93" language="English" custom="readingOrder {index:11;}">
                    <Coords points="960,2472 1027,2472 1027,2489 960,2489"/>
                    <TextEquiv>
                        <Unicode>vous</Unicode>
                    </TextEquiv>
                    <TextStyle fontFamily="Arial" fontSize="7.5"/>
                </Word>
                <Word id="w_w2aab1b1b2c29b1ad103" language="English" custom="readingOrder {index:12;}">
                    <Coords points="1040,2462 1132,2462 1132,2498 1040,2498"/>
                    <TextEquiv>
                        <Unicode>placez</Unicode>
                    </TextEquiv>
                    <TextStyle fontFamily="Arial" fontSize="7.5"/>
                </Word>
                <Word id="w_w2aab1b1b2c29b1ad117" language="English" custom="readingOrder {index:13;}">
                    <Coords points="1143,2468 1220,2468 1220,2489 1143,2489"/>
                    <TextEquiv>
                        <Unicode>votre</Unicode>
                    </TextEquiv>
                    <TextStyle fontFamily="Arial" fontSize="7.5"/>
                </Word>
                <Word id="w_w2aab1b1b2c29b1ad129" language="English" custom="readingOrder {index:14;}">
                    <Coords points="1233,2471 1402,2471 1402,2498 1233,2498"/>
                    <TextEquiv>
                        <Unicode>personnage</Unicode>
                    </TextEquiv>
                    <TextStyle fontFamily="Arial" fontSize="7.5"/>
                </Word>
                <Word id="w_w2aab1b1b2c29b1ad151" language="English" custom="readingOrder {index:15;}">
                    <Coords points="1414,2472 1446,2472 1446,2489 1414,2489"/>
                    <TextEquiv>
                        <Unicode>au</Unicode>
                    </TextEquiv>
                    <TextStyle fontFamily="Arial" fontSize="7.5"/>
                </Word>
                <Word id="w_w2aab1b1b2c29b1ad157" language="English" custom="readingOrder {index:16;}">
                    <Coords points="1458,2465 1522,2465 1522,2489 1458,2489"/>
                    <TextEquiv>
                        <Unicode>XVIII</Unicode>
                    </TextEquiv>
                    <TextStyle fontFamily="Arial" fontSize="7.5"/>
                </Word>
                <Word id="w_w2aab1b1b2c29b1b1b1" language="English" custom="readingOrder {index:17;}">
                    <Coords points="1526,2466 1535,2466 1535,2477 1526,2477"/>
                    <TextEquiv>
                        <Unicode>e</Unicode>
                    </TextEquiv>
                    <TextStyle fontFamily="Arial" fontSize="7.5" superscript="true"/>
                </Word>
                <Word id="w_w2aab1b1b2c29b1b2b3" language="English" custom="readingOrder {index:18;}">
                    <Coords points="1546,2462 1635,2462 1635,2493 1546,2493"/>
                    <TextEquiv>
                        <Unicode>siècle,</Unicode>
                    </TextEquiv>
                    <TextStyle fontFamily="Arial" fontSize="7.5"/>
                </Word>
                <Word id="w_w2aab1b1b2c29b1b2c19" language="English" custom="readingOrder {index:19;}">
                    <Coords points="1648,2462 1661,2462 1661,2489 1648,2489"/>
                    <TextEquiv>
                        <Unicode>il</Unicode>
                    </TextEquiv>
                    <TextStyle fontFamily="Arial" fontSize="7.5"/>
                </Word>
                <Word id="w_w2aab1b1b2c29b1b2c25" language="English" custom="readingOrder {index:20;}">
                    <Coords points="1674,2468 1717,2468 1717,2489 1674,2489"/>
                    <TextEquiv>
                        <Unicode>est</Unicode>
                    </TextEquiv>
                    <TextStyle fontFamily="Arial" fontSize="7.5"/>
                </Word>
                <Word id="w_w2aab1b1b2c29b1b2c33" language="English" custom="readingOrder {index:21;}">
                    <Coords points="1729,2462 1885,2462 1885,2498 1729,2498"/>
                    <TextEquiv>
                        <Unicode>impossible</Unicode>
                    </TextEquiv>
                    <TextStyle fontFamily="Arial" fontSize="7.5"/>
                </Word>
                <Word id="w_w2aab1b1b2c29b1b2c55" language="English" custom="readingOrder {index:22;}">
                    <Coords points="1897,2462 1956,2462 1956,2498 1897,2498"/>
                    <TextEquiv>
                        <Unicode>qu’il</Unicode>
                    </TextEquiv>
                    <TextStyle fontFamily="Arial" fontSize="7.5"/>
                </Word>
                <Word id="w_w2aab1b1b2c29b1b2c67" language="English" custom="readingOrder {index:23;}">
                    <Coords points="1968,2465 2005,2465 2005,2490 1968,2490"/>
                    <TextEquiv>
                        <Unicode>ait</Unicode>
                    </TextEquiv>
                    <TextStyle fontFamily="Arial" fontSize="7.5"/>
                </Word>
                <Word id="w_w2aab1b1b2c29b1b2c75" language="English" custom="readingOrder {index:24;}">
                    <Coords points="2016,2462 2100,2462 2100,2489 2016,2489"/>
                    <TextEquiv>
                        <Unicode>dansé</Unicode>
                    </TextEquiv>
                    <TextStyle fontFamily="Arial" fontSize="7.5"/>
                </Word>
                <Word id="w_w2aab1b1b2c29b1b2c87" language="English" custom="readingOrder {index:25;}">
                    <Coords points="2112,2472 2164,2472 2164,2489 2112,2489"/>
                    <TextEquiv>
                        <Unicode>une</Unicode>
                    </TextEquiv>
                    <TextStyle fontFamily="Arial" fontSize="7.5"/>
                </Word>
                <Word id="w_w2aab1b1b2c29b1b2c95" language="English" custom="readingOrder {index:26;}">
                    <Coords points="2177,2471 2278,2471 2278,2498 2177,2498"/>
                    <TextEquiv>
                        <Unicode>pavane</Unicode>
                    </TextEquiv>
                    <TextStyle fontFamily="Arial" fontSize="7.5"/>
                </Word>
                <TextEquiv>
                    <Unicode>Il a fait des recherches sur la pavane : « si vous placez votre personnage au XVIIIe siècle, il est impossible qu’il ait dansé une pavane</Unicode>
                </TextEquiv>
            </TextLine>
            <TextLine id="tl_36" primaryLanguage="English" custom="readingOrder {index:1;}">
                <Coords points="309,2508 2278,2508 2278,2543 309,2543"/>
                <Baseline points="309,2535 399,2535 480,2535 524,2535 670,2539 729,2535 819,2535 918,2535 1000,2535 1075,2535 1205,2535 1253,2535 1424,2535 1470,2535 1728,2535 1778,2535 1833,2535 1861,2522 1895,2535 1925,2535 1994,2535 2015,2535 2230,2535 2278,2535"/>
                <Word id="w_w2aab1b1b2c29b3ab1" language="English" custom="readingOrder {index:0;}">
                    <Coords points="309,2510 399,2510 399,2535 309,2535"/>
                    <TextEquiv>
                        <Unicode>même</Unicode>
                    </TextEquiv>
                    <TextStyle fontFamily="Arial" fontSize="7.5"/>
                </Word>
                <Word id="w_w2aab1b1b2c29b3ac11" language="English" custom="readingOrder {index:1;}">
                    <Coords points="414,2508 480,2508 480,2535 414,2535"/>
                    <TextEquiv>
                        <Unicode>dans</Unicode>
                    </TextEquiv>
                    <TextStyle fontFamily="Arial" fontSize="7.5"/>
                </Word>
                <Word id="w_w2aab1b1b2c29b3ac21" language="English" custom="readingOrder {index:2;}">
                    <Coords points="495,2517 524,2517 524,2535 495,2535"/>
                    <TextEquiv>
                        <Unicode>sa</Unicode>
                    </TextEquiv>
                    <TextStyle fontFamily="Arial" fontSize="7.5"/>
                </Word>
                <Word id="w_w2aab1b1b2c29b3ac27" language="English" custom="readingOrder {index:3;}">
                    <Coords points="537,2511 670,2511 670,2543 537,2543"/>
                    <TextEquiv>
                        <Unicode>jeunesse,</Unicode>
                    </TextEquiv>
                    <TextStyle fontFamily="Arial" fontSize="7.5"/>
                </Word>
                <Word id="w_w2aab1b1b2c29b3ac47" language="English" custom="readingOrder {index:4;}">
                    <Coords points="685,2517 729,2517 729,2535 685,2535"/>
                    <TextEquiv>
                        <Unicode>car</Unicode>
                    </TextEquiv>
                    <TextStyle fontFamily="Arial" fontSize="7.5"/>
                </Word>
                <Word id="w_w2aab1b1b2c29b3ac55" language="English" custom="readingOrder {index:5;}">
                    <Coords points="743,2513 819,2513 819,2535 743,2535"/>
                    <TextEquiv>
                        <Unicode>cette</Unicode>
                    </TextEquiv>
                    <TextStyle fontFamily="Arial" fontSize="7.5"/>
                </Word>
                <Word id="w_w2aab1b1b2c29b3ac67" language="English" custom="readingOrder {index:6;}">
                    <Coords points="834,2508 918,2508 918,2535 834,2535"/>
                    <TextEquiv>
                        <Unicode>danse</Unicode>
                    </TextEquiv>
                    <TextStyle fontFamily="Arial" fontSize="7.5"/>
                </Word>
                <Word id="w_w2aab1b1b2c29b3ac79" language="English" custom="readingOrder {index:7;}">
                    <Coords points="933,2511 1000,2511 1000,2535 933,2535"/>
                    <TextEquiv>
                        <Unicode>était</Unicode>
                    </TextEquiv>
                    <TextStyle fontFamily="Arial" fontSize="7.5"/>
                </Word>
                <Word id="w_w2aab1b1b2c29b3ac91" language="English" custom="readingOrder {index:8;}">
                    <Coords points="1014,2508 1075,2508 1075,2543 1014,2543"/>
                    <TextEquiv>
                        <Unicode>déjà</Unicode>
                    </TextEquiv>
                    <TextStyle fontFamily="Arial" fontSize="7.5"/>
                </Word>
                <Word id="w_w2aab1b1b2c29b3ad101" language="English" custom="readingOrder {index:9;}">
                    <Coords points="1089,2508 1205,2508 1205,2535 1089,2535"/>
                    <TextEquiv>
                        <Unicode>tombée</Unicode>
                    </TextEquiv>
                    <TextStyle fontFamily="Arial" fontSize="7.5"/>
                </Word>
                <Word id="w_w2aab1b1b2c29b3ad115" language="English" custom="readingOrder {index:10;}">
                    <Coords points="1219,2517 1253,2517 1253,2535 1219,2535"/>
                    <TextEquiv>
                        <Unicode>en</Unicode>
                    </TextEquiv>
                    <TextStyle fontFamily="Arial" fontSize="7.5"/>
                </Word>
                <Word id="w_w2aab1b1b2c29b3ad121" language="English" custom="readingOrder {index:11;}">
                    <Coords points="1268,2508 1424,2508 1424,2535 1268,2535"/>
                    <TextEquiv>
                        <Unicode>désuétude</Unicode>
                    </TextEquiv>
                    <TextStyle fontFamily="Arial" fontSize="7.5"/>
                </Word>
                <Word id="w_w2aab1b1b2c29b3ad141" language="English" custom="readingOrder {index:12;}">
                    <Coords points="1438,2517 1470,2517 1470,2535 1438,2535"/>
                    <TextEquiv>
                        <Unicode>au</Unicode>
                    </TextEquiv>
                    <TextStyle fontFamily="Arial" fontSize="7.5"/>
                </Word>
                <Word id="w_w2aab1b1b2c29b3ad147" language="English" custom="readingOrder {index:13;}">
                    <Coords points="1486,2513 1728,2513 1728,2535 1486,2535"/>
                    <TextEquiv>
                        <Unicode>commencement</Unicode>
                    </TextEquiv>
                    <TextStyle fontFamily="Arial" fontSize="7.5"/>
                </Word>
                <Word id="w_w2aab1b1b2c29b3ad173" language="English" custom="readingOrder {index:14;}">
                    <Coords points="1742,2508 1778,2508 1778,2535 1742,2535"/>
                    <TextEquiv>
                        <Unicode>du</Unicode>
                    </TextEquiv>
                    <TextStyle fontFamily="Arial" fontSize="7.5"/>
                </Word>
                <Word id="w_w2aab1b1b2c29b3ad179" language="English" custom="readingOrder {index:15;}">
                    <Coords points="1793,2510 1848,2510 1848,2535 1793,2535"/>
                    <TextEquiv>
                        <Unicode>XVII</Unicode>
                    </TextEquiv>
                    <TextStyle fontFamily="Arial" fontSize="7.5"/>
                </Word>
                <Word id="w_w2aab1b1b2c29b3b1b1" language="English" custom="readingOrder {index:16;}">
                    <Coords points="1852,2512 1861,2512 1861,2522 1852,2522"/>
                    <TextEquiv>
                        <Unicode>e</Unicode>
                    </TextEquiv>
                    <TextStyle fontFamily="Arial" fontSize="7.5" superscript="true"/>
                </Word>
                <Word id="w_w2aab1b1b2c29b3b2b3" language="English" custom="readingOrder {index:17;}">
                    <Coords points="1875,2518 1895,2518 1895,2535 1875,2535"/>
                    <TextEquiv>
                        <Unicode>».</Unicode>
                    </TextEquiv>
                    <TextStyle fontFamily="Arial" fontSize="7.5"/>
                </Word>
                <Word id="w_w2aab1b1b2c29b3b2b9" language="English" custom="readingOrder {index:18;}">
                    <Coords points="1912,2508 1925,2508 1925,2535 1912,2535"/>
                    <TextEquiv>
                        <Unicode>Il</Unicode>
                    </TextEquiv>
                    <TextStyle fontFamily="Arial" fontSize="7.5"/>
                </Word>
                <Word id="w_w2aab1b1b2c29b3b2c15" language="English" custom="readingOrder {index:19;}">
                    <Coords points="1940,2511 1994,2511 1994,2535 1940,2535"/>
                    <TextEquiv>
                        <Unicode>cite</Unicode>
                    </TextEquiv>
                    <TextStyle fontFamily="Arial" fontSize="7.5"/>
                </Word>
                <Word id="w_w2aab1b1b2c29b3b2c25" language="English" custom="readingOrder {index:20;}">
                    <Coords points="2011,2508 2034,2508 2034,2535 2011,2535"/>
                    <TextEquiv>
                        <Unicode>le</Unicode>
                    </TextEquiv>
                    <TextStyle fontFamily="Arial" fontSize="7.5"/>
                </Word>
                <Word id="w_w2aab1b1b2c29b3b3b1" language="English" custom="readingOrder {index:21;}">
                    <Coords points="2049,2511 2230,2511 2230,2535 2049,2535"/>
                    <TextEquiv>
                        <Unicode>Dictionnaire</Unicode>
                    </TextEquiv>
                    <TextStyle fontFamily="Arial" fontSize="7.5" italic="true"/>
                </Word>
                <Word id="w_w2aab1b1b2c29b3b3c27" language="English" custom="readingOrder {index:22;}">
                    <Coords points="2244,2508 2278,2508 2278,2535 2244,2535"/>
                    <TextEquiv>
                        <Unicode>de</Unicode>
                    </TextEquiv>
                    <TextStyle fontFamily="Arial" fontSize="7.5" italic="true"/>
                </Word>
                <TextEquiv>
                    <Unicode>même dans sa jeunesse, car cette danse était déjà tombée en désuétude au commencement du XVIIe ». Il cite le Dictionnaire de</Unicode>
                </TextEquiv>
            </TextLine>
            <TextLine id="tl_37" primaryLanguage="English" custom="readingOrder {index:2;}">
                <Coords points="309,2553 2277,2553 2277,2589 309,2589"/>
                <Baseline points="309,2580 334,2580 375,2580 519,2580 677,2584 719,2580 858,2580 910,2581 1050,2580 1182,2580 1238,2580 1365,2580 1413,2580 1450,2580 1587,2580 1644,2580 1692,2581 1801,2580 1920,2580 2036,2581 2072,2580 2153,2580 2240,2583 2277,2580"/>
                <Word id="w_w2aab1b1b2c29b5ab1" language="English" custom="readingOrder {index:0;}">
                    <Coords points="309,2553 334,2553 334,2580 309,2580"/>
                    <TextEquiv>
                        <Unicode>la</Unicode>
                    </TextEquiv>
                    <TextStyle fontFamily="Arial" fontSize="7.5" italic="true"/>
                </Word>
                <Word id="w_w2aab1b1b2c29b5ab7" language="English" custom="readingOrder {index:1;}">
                    <Coords points="347,2556 471,2556 471,2589 347,2589"/>
                    <TextEquiv>
                        <Unicode>Musique</Unicode>
                    </TextEquiv>
                    <TextStyle fontFamily="Arial" fontSize="7.5" italic="true"/>
                </Word>
                <Word id="w_w2aab1b1b2c29b5b1b3" language="English" custom="readingOrder {index:2;}">
                    <Coords points="484,2553 519,2553 519,2580 484,2580"/>
                    <TextEquiv>
                        <Unicode>de</Unicode>
                    </TextEquiv>
                    <TextStyle fontFamily="Arial" fontSize="7.5"/>
                </Word>
                <Word id="w_w2aab1b1b2c29b5b1b9" language="English" custom="readingOrder {index:3;}">
                    <Coords points="534,2556 677,2556 677,2584 534,2584"/>
                    <TextEquiv>
                        <Unicode>Rousseau,</Unicode>
                    </TextEquiv>
                    <TextStyle fontFamily="Arial" fontSize="7.5"/>
                </Word>
                <Word id="w_w2aab1b1b2c29b5b1c29" language="English" custom="readingOrder {index:4;}">
                    <Coords points="690,2558 719,2558 719,2580 690,2580"/>
                    <TextEquiv>
                        <Unicode>et</Unicode>
                    </TextEquiv>
                    <TextStyle fontFamily="Arial" fontSize="7.5"/>
                </Word>
                <Word id="w_w2aab1b1b2c29b5b1c35" language="English" custom="readingOrder {index:5;}">
                    <Coords points="732,2553 858,2553 858,2589 732,2589"/>
                    <TextEquiv>
                        <Unicode>explique</Unicode>
                    </TextEquiv>
                    <TextStyle fontFamily="Arial" fontSize="7.5"/>
                </Word>
                <Word id="w_w2aab1b1b2c29b5b1c53" language="English" custom="readingOrder {index:6;}">
                    <Coords points="873,2553 910,2553 910,2581 873,2581"/>
                    <TextEquiv>
                        <Unicode>les</Unicode>
                    </TextEquiv>
                    <TextStyle fontFamily="Arial" fontSize="7.5"/>
                </Word>
                <Word id="w_w2aab1b1b2c29b5b1c61" language="English" custom="readingOrder {index:7;}">
                    <Coords points="923,2556 1050,2556 1050,2589 923,2589"/>
                    <TextEquiv>
                        <Unicode>opinions</Unicode>
                    </TextEquiv>
                    <TextStyle fontFamily="Arial" fontSize="7.5"/>
                </Word>
                <Word id="w_w2aab1b1b2c29b5b1c79" language="English" custom="readingOrder {index:8;}">
                    <Coords points="1064,2553 1182,2553 1182,2581 1064,2581"/>
                    <TextEquiv>
                        <Unicode>diverses</Unicode>
                    </TextEquiv>
                    <TextStyle fontFamily="Arial" fontSize="7.5"/>
                </Word>
                <Word id="w_w2aab1b1b2c29b5b1c97" language="English" custom="readingOrder {index:9;}">
                    <Coords points="1195,2562 1238,2562 1238,2581 1195,2581"/>
                    <TextEquiv>
                        <Unicode>sur</Unicode>
                    </TextEquiv>
                    <TextStyle fontFamily="Arial" fontSize="7.5"/>
                </Word>
                <Word id="w_w2aab1b1b2c29b5b1d105" language="English" custom="readingOrder {index:10;}">
                    <Coords points="1252,2553 1365,2553 1365,2589 1252,2589"/>
                    <TextEquiv>
                        <Unicode>l’origine</Unicode>
                    </TextEquiv>
                    <TextStyle fontFamily="Arial" fontSize="7.5"/>
                </Word>
                <Word id="w_w2aab1b1b2c29b5b1d125" language="English" custom="readingOrder {index:11;}">
                    <Coords points="1378,2553 1413,2553 1413,2580 1378,2580"/>
                    <TextEquiv>
                        <Unicode>de</Unicode>
                    </TextEquiv>
                    <TextStyle fontFamily="Arial" fontSize="7.5"/>
                </Word>
                <Word id="w_w2aab1b1b2c29b5b1d131" language="English" custom="readingOrder {index:12;}">
                    <Coords points="1428,2553 1450,2553 1450,2580 1428,2580"/>
                    <TextEquiv>
                        <Unicode>la</Unicode>
                    </TextEquiv>
                    <TextStyle fontFamily="Arial" fontSize="7.5"/>
                </Word>
                <Word id="w_w2aab1b1b2c29b5b1d137" language="English" custom="readingOrder {index:13;}">
                    <Coords points="1465,2562 1587,2562 1587,2589 1465,2589"/>
                    <TextEquiv>
                        <Unicode>pavane...</Unicode>
                    </TextEquiv>
                    <TextStyle fontFamily="Arial" fontSize="7.5"/>
                </Word>
                <Word id="w_w2aab1b1b2c29b5b1d157" language="English" custom="readingOrder {index:14;}">
                    <Coords points="1601,2556 1644,2556 1644,2581 1601,2581"/>
                    <TextEquiv>
                        <Unicode>On</Unicode>
                    </TextEquiv>
                    <TextStyle fontFamily="Arial" fontSize="7.5"/>
                </Word>
                <Word id="w_w2aab1b1b2c29b5b1d163" language="English" custom="readingOrder {index:15;}">
                    <Coords points="1659,2563 1692,2563 1692,2581 1659,2581"/>
                    <TextEquiv>
                        <Unicode>ne</Unicode>
                    </TextEquiv>
                    <TextStyle fontFamily="Arial" fontSize="7.5"/>
                </Word>
                <Word id="w_w2aab1b1b2c29b5b1d169" language="English" custom="readingOrder {index:16;}">
                    <Coords points="1705,2559 1801,2559 1801,2581 1705,2581"/>
                    <TextEquiv>
                        <Unicode>trouve</Unicode>
                    </TextEquiv>
                    <TextStyle fontFamily="Arial" fontSize="7.5"/>
                </Word>
                <Word id="w_w2aab1b1b2c29b5b1d183" language="English" custom="readingOrder {index:17;}">
                    <Coords points="1814,2562 1920,2562 1920,2581 1814,2581"/>
                    <TextEquiv>
                        <Unicode>aucune</Unicode>
                    </TextEquiv>
                    <TextStyle fontFamily="Arial" fontSize="7.5"/>
                </Word>
                <Word id="w_w2aab1b1b2c29b5b1d197" language="English" custom="readingOrder {index:18;}">
                    <Coords points="1934,2562 2036,2562 2036,2589 1934,2589"/>
                    <TextEquiv>
                        <Unicode>pavane</Unicode>
                    </TextEquiv>
                    <TextStyle fontFamily="Arial" fontSize="7.5"/>
                </Word>
                <Word id="w_w2aab1b1b2c29b5b1d211" language="English" custom="readingOrder {index:19;}">
                    <Coords points="2050,2556 2072,2556 2072,2580 2050,2580"/>
                    <TextEquiv>
                        <Unicode>ni</Unicode>
                    </TextEquiv>
                    <TextStyle fontFamily="Arial" fontSize="7.5"/>
                </Word>
                <Word id="w_w2aab1b1b2c29b5b1d217" language="English" custom="readingOrder {index:20;}">
                    <Coords points="2087,2553 2153,2553 2153,2580 2087,2580"/>
                    <TextEquiv>
                        <Unicode>dans</Unicode>
                    </TextEquiv>
                    <TextStyle fontFamily="Arial" fontSize="7.5"/>
                </Word>
                <Word id="w_w2aab1b1b2c29b5b1d227" language="English" custom="readingOrder {index:21;}">
                    <Coords points="2168,2553 2240,2553 2240,2589 2168,2589"/>
                    <TextEquiv>
                        <Unicode>Lully,</Unicode>
                    </TextEquiv>
                    <TextStyle fontFamily="Arial" fontSize="7.5"/>
                </Word>
                <Word id="w_w2aab1b1b2c29b5b1d241" language="English" custom="readingOrder {index:22;}">
                    <Coords points="2254,2556 2277,2556 2277,2580 2254,2580"/>
                    <TextEquiv>
                        <Unicode>ni</Unicode>
                    </TextEquiv>
                    <TextStyle fontFamily="Arial" fontSize="7.5"/>
                </Word>
                <TextEquiv>
                    <Unicode>la Musique de Rousseau, et explique les opinions diverses sur l’origine de la pavane... On ne trouve aucune pavane ni dans Lully, ni</Unicode>
                </TextEquiv>
            </TextLine>
            <TextLine id="tl_38" primaryLanguage="English" custom="readingOrder {index:3;}">
                <Coords points="309,2599 2278,2599 2278,2634 309,2634"/>
                <Baseline points="309,2626 375,2626 427,2626 673,2626 721,2626 847,2626 890,2626 1020,2630 1057,2625 1138,2626 1157,2626 1276,2626 1321,2626 1360,2626 1390,2626 1511,2626 1692,2626 1709,2628 1812,2634 1946,2626 1995,2626 2108,2626 2213,2626 2278,2626"/>
                <Word id="w_w2aab1b1b2c29b7ab1" language="English" custom="readingOrder {index:0;}">
                    <Coords points="309,2599 375,2599 375,2626 309,2626"/>
                    <TextEquiv>
                        <Unicode>dans</Unicode>
                    </TextEquiv>
                    <TextStyle fontFamily="Arial" fontSize="7.5"/>
                </Word>
                <Word id="w_w2aab1b1b2c29b7ac11" language="English" custom="readingOrder {index:1;}">
                    <Coords points="390,2599 427,2599 427,2626 390,2626"/>
                    <TextEquiv>
                        <Unicode>les</Unicode>
                    </TextEquiv>
                    <TextStyle fontFamily="Arial" fontSize="7.5"/>
                </Word>
                <Word id="w_w2aab1b1b2c29b7ac19" language="English" custom="readingOrder {index:2;}">
                    <Coords points="440,2599 673,2599 673,2626 440,2626"/>
                    <TextEquiv>
                        <Unicode>divertissements</Unicode>
                    </TextEquiv>
                    <TextStyle fontFamily="Arial" fontSize="7.5"/>
                </Word>
                <Word id="w_w2aab1b1b2c29b7ac51" language="English" custom="readingOrder {index:3;}">
                    <Coords points="686,2599 721,2599 721,2626 686,2626"/>
                    <TextEquiv>
                        <Unicode>de</Unicode>
                    </TextEquiv>
                    <TextStyle fontFamily="Arial" fontSize="7.5"/>
                </Word>
                <Word id="w_w2aab1b1b2c29b7ac57" language="English" custom="readingOrder {index:4;}">
                    <Coords points="734,2601 847,2601 847,2634 734,2634"/>
                    <TextEquiv>
                        <Unicode>Campra</Unicode>
                    </TextEquiv>
                    <TextStyle fontFamily="Arial" fontSize="7.5"/>
                </Word>
                <Word id="w_w2aab1b1b2c29b7ac71" language="English" custom="readingOrder {index:5;}">
                    <Coords points="860,2604 890,2604 890,2626 860,2626"/>
                    <TextEquiv>
                        <Unicode>et</Unicode>
                    </TextEquiv>
                    <TextStyle fontFamily="Arial" fontSize="7.5"/>
                </Word>
                <Word id="w_w2aab1b1b2c29b7ac77" language="English" custom="readingOrder {index:6;}">
                    <Coords points="902,2599 1020,2599 1020,2630 902,2630"/>
                    <TextEquiv>
                        <Unicode>Colasse,</Unicode>
                    </TextEquiv>
                    <TextStyle fontFamily="Arial" fontSize="7.5"/>
                </Word>
                <Word id="w_w2aab1b1b2c29b7ac95" language="English" custom="readingOrder {index:7;}">
                    <Coords points="1035,2602 1057,2602 1057,2626 1035,2626"/>
                    <TextEquiv>
                        <Unicode>ni</Unicode>
                    </TextEquiv>
                    <TextStyle fontFamily="Arial" fontSize="7.5"/>
                </Word>
                <Word id="w_w2aab1b1b2c29b7ad101" language="English" custom="readingOrder {index:8;}">
                    <Coords points="1072,2599 1138,2599 1138,2626 1072,2626"/>
                    <TextEquiv>
                        <Unicode>dans</Unicode>
                    </TextEquiv>
                    <TextStyle fontFamily="Arial" fontSize="7.5"/>
                </Word>
                <Word id="w_w2aab1b1b2c29b7ad111" language="English" custom="readingOrder {index:9;}">
                    <Coords points="1153,2599 1176,2599 1176,2626 1153,2626"/>
                    <TextEquiv>
                        <Unicode>le</Unicode>
                    </TextEquiv>
                    <TextStyle fontFamily="Arial" fontSize="7.5"/>
                </Word>
                <Word id="w_w2aab1b1b2c29b7b1b1" language="English" custom="readingOrder {index:10;}">
                    <Coords points="1189,2599 1276,2599 1276,2626 1189,2626"/>
                    <TextEquiv>
                        <Unicode>ballet</Unicode>
                    </TextEquiv>
                    <TextStyle fontFamily="Arial" fontSize="7.5" italic="true"/>
                </Word>
                <Word id="w_w2aab1b1b2c29b7b1c15" language="English" custom="readingOrder {index:11;}">
                    <Coords points="1287,2599 1321,2599 1321,2626 1287,2626"/>
                    <TextEquiv>
                        <Unicode>de</Unicode>
                    </TextEquiv>
                    <TextStyle fontFamily="Arial" fontSize="7.5" italic="true"/>
                </Word>
                <Word id="w_w2aab1b1b2c29b7b1c21" language="English" custom="readingOrder {index:12;}">
                    <Coords points="1335,2599 1360,2599 1360,2626 1335,2626"/>
                    <TextEquiv>
                        <Unicode>la</Unicode>
                    </TextEquiv>
                    <TextStyle fontFamily="Arial" fontSize="7.5" italic="true"/>
                </Word>
                <Word id="w_w2aab1b1b2c29b7b1c27" language="English" custom="readingOrder {index:13;}">
                    <Coords points="1372,2602 1463,2602 1463,2634 1372,2634"/>
                    <TextEquiv>
                        <Unicode>Royne</Unicode>
                    </TextEquiv>
                    <TextStyle fontFamily="Arial" fontSize="7.5" italic="true"/>
                </Word>
                <Word id="w_w2aab1b1b2c29b7b2b3" language="English" custom="readingOrder {index:14;}">
                    <Coords points="1476,2599 1511,2599 1511,2626 1476,2626"/>
                    <TextEquiv>
                        <Unicode>de</Unicode>
                    </TextEquiv>
                    <TextStyle fontFamily="Arial" fontSize="7.5"/>
                </Word>
                <Word id="w_w2aab1b1b2c29b7b2b9" language="English" custom="readingOrder {index:15;}">
                    <Coords points="1526,2602 1692,2602 1692,2634 1526,2634"/>
                    <TextEquiv>
                        <Unicode>Beaujoyeux</Unicode>
                    </TextEquiv>
                    <TextStyle fontFamily="Arial" fontSize="7.5"/>
                </Word>
                <Word id="w_w2aab1b1b2c29b7b2c31" language="English" custom="readingOrder {index:16;}">
                    <Coords points="1706,2608 1709,2608 1709,2628 1706,2628"/>
                    <TextEquiv>
                        <Unicode>;</Unicode>
                    </TextEquiv>
                    <TextStyle fontFamily="Arial" fontSize="7.5"/>
                </Word>
                <Word id="w_w2aab1b1b2c29b7b2c35" language="English" custom="readingOrder {index:17;}">
                    <Coords points="1723,2599 1812,2599 1812,2634 1723,2634"/>
                    <TextEquiv>
                        <Unicode>d’Indy</Unicode>
                    </TextEquiv>
                    <TextStyle fontFamily="Arial" fontSize="7.5"/>
                </Word>
                <Word id="w_w2aab1b1b2c29b7b2c49" language="English" custom="readingOrder {index:18;}">
                    <Coords points="1826,2608 1946,2608 1946,2634 1826,2634"/>
                    <TextEquiv>
                        <Unicode>propose</Unicode>
                    </TextEquiv>
                    <TextStyle fontFamily="Arial" fontSize="7.5"/>
                </Word>
                <Word id="w_w2aab1b1b2c29b7b2c65" language="English" custom="readingOrder {index:19;}">
                    <Coords points="1959,2599 1995,2599 1995,2626 1959,2626"/>
                    <TextEquiv>
                        <Unicode>de</Unicode>
                    </TextEquiv>
                    <TextStyle fontFamily="Arial" fontSize="7.5"/>
                </Word>
                <Word id="w_w2aab1b1b2c29b7b2c71" language="English" custom="readingOrder {index:20;}">
                    <Coords points="2007,2599 2108,2599 2108,2626 2007,2626"/>
                    <TextEquiv>
                        <Unicode>fournir</Unicode>
                    </TextEquiv>
                    <TextStyle fontFamily="Arial" fontSize="7.5"/>
                </Word>
                <Word id="w_w2aab1b1b2c29b7b2c87" language="English" custom="readingOrder {index:21;}">
                    <Coords points="2121,2599 2213,2599 2213,2634 2121,2634"/>
                    <TextEquiv>
                        <Unicode>plutôt</Unicode>
                    </TextEquiv>
                    <TextStyle fontFamily="Arial" fontSize="7.5"/>
                </Word>
                <Word id="w_w2aab1b1b2c29b7b2d101" language="English" custom="readingOrder {index:22;}">
                    <Coords points="2226,2608 2278,2608 2278,2626 2226,2626"/>
                    <TextEquiv>
                        <Unicode>une</Unicode>
                    </TextEquiv>
                    <TextStyle fontFamily="Arial" fontSize="7.5"/>
                </Word>
                <TextEquiv>
                    <Unicode>dans les divertissements de Campra et Colasse, ni dans le ballet de la Royne de Beaujoyeux ; d’Indy propose de fournir plutôt une</Unicode>
                </TextEquiv>
            </TextLine>
            <TextLine id="tl_39" primaryLanguage="English" custom="readingOrder {index:4;}">
                <Coords points="306,2644 2279,2644 2279,2680 306,2680"/>
                <Baseline points="306,2680 325,2680 580,2671 604,2672 638,2672 760,2671 806,2671 942,2675 967,2672 1063,2671 1168,2672 1213,2672 1278,2672 1453,2675 1477,2667 1531,2671 1580,2672 1737,2672 1916,2672 2057,2672 2102,2672 2279,2671"/>
                <Word id="w_w2aab1b1b2c29b9ab1" language="English" custom="readingOrder {index:0;}">
                    <Coords points="306,2644 475,2644 475,2680 306,2680"/>
                    <TextEquiv>
                        <Unicode>passacaille.</Unicode>
                    </TextEquiv>
                    <TextStyle fontFamily="Arial" fontSize="7.5" italic="true"/>
                </Word>
                <Word id="w_w2aab1b1b2c29b9b1b3" language="English" custom="readingOrder {index:1;}">
                    <Coords points="486,2647 580,2647 580,2676 486,2676"/>
                    <TextEquiv>
                        <Unicode>Quant</Unicode>
                    </TextEquiv>
                    <TextStyle fontFamily="Arial" fontSize="7.5"/>
                </Word>
                <Word id="w_w2aab1b1b2c29b9b1c15" language="English" custom="readingOrder {index:2;}">
                    <Coords points="590,2647 604,2647 604,2672 590,2672"/>
                    <TextEquiv>
                        <Unicode>à</Unicode>
                    </TextEquiv>
                    <TextStyle fontFamily="Arial" fontSize="7.5"/>
                </Word>
                <Word id="w_w2aab1b1b2c29b9b1c19" language="English" custom="readingOrder {index:3;}">
                    <Coords points="616,2644 638,2644 638,2672 616,2672"/>
                    <TextEquiv>
                        <Unicode>la</Unicode>
                    </TextEquiv>
                    <TextStyle fontFamily="Arial" fontSize="7.5"/>
                </Word>
                <Word id="w_w2aab1b1b2c29b9b1c25" language="English" custom="readingOrder {index:4;}">
                    <Coords points="650,2644 760,2644 760,2672 650,2672"/>
                    <TextEquiv>
                        <Unicode>Marche</Unicode>
                    </TextEquiv>
                    <TextStyle fontFamily="Arial" fontSize="7.5"/>
                </Word>
                <Word id="w_w2aab1b1b2c29b9b1c39" language="English" custom="readingOrder {index:5;}">
                    <Coords points="770,2644 806,2644 806,2672 770,2672"/>
                    <TextEquiv>
                        <Unicode>de</Unicode>
                    </TextEquiv>
                    <TextStyle fontFamily="Arial" fontSize="7.5"/>
                </Word>
                <Word id="w_w2aab1b1b2c29b9b1c45" language="English" custom="readingOrder {index:6;}">
                    <Coords points="815,2647 942,2647 942,2675 815,2675"/>
                    <TextEquiv>
                        <Unicode>Turenne,</Unicode>
                    </TextEquiv>
                    <TextStyle fontFamily="Arial" fontSize="7.5"/>
                </Word>
                <Word id="w_w2aab1b1b2c29b9b1c63" language="English" custom="readingOrder {index:7;}">
                    <Coords points="954,2644 967,2644 967,2672 954,2672"/>
                    <TextEquiv>
                        <Unicode>il</Unicode>
                    </TextEquiv>
                    <TextStyle fontFamily="Arial" fontSize="7.5"/>
                </Word>
                <Word id="w_w2aab1b1b2c29b9b1c69" language="English" custom="readingOrder {index:8;}">
                    <Coords points="979,2647 1063,2647 1063,2672 979,2672"/>
                    <TextEquiv>
                        <Unicode>craint</Unicode>
                    </TextEquiv>
                    <TextStyle fontFamily="Arial" fontSize="7.5"/>
                </Word>
                <Word id="w_w2aab1b1b2c29b9b1c83" language="English" custom="readingOrder {index:9;}">
                    <Coords points="1073,2644 1168,2644 1168,2680 1073,2680"/>
                    <TextEquiv>
                        <Unicode>qu’elle</Unicode>
                    </TextEquiv>
                    <TextStyle fontFamily="Arial" fontSize="7.5"/>
                </Word>
                <Word id="w_w2aab1b1b2c29b9b1c99" language="English" custom="readingOrder {index:10;}">
                    <Coords points="1179,2654 1213,2654 1213,2672 1179,2672"/>
                    <TextEquiv>
                        <Unicode>ne</Unicode>
                    </TextEquiv>
                    <TextStyle fontFamily="Arial" fontSize="7.5"/>
                </Word>
                <Word id="w_w2aab1b1b2c29b9b1d105" language="English" custom="readingOrder {index:11;}">
                    <Coords points="1224,2647 1278,2647 1278,2672 1224,2672"/>
                    <TextEquiv>
                        <Unicode>soit</Unicode>
                    </TextEquiv>
                    <TextStyle fontFamily="Arial" fontSize="7.5"/>
                </Word>
                <Word id="w_w2aab1b1b2c29b9b1d115" language="English" custom="readingOrder {index:12;}">
                    <Coords points="1288,2644 1453,2644 1453,2680 1288,2680"/>
                    <TextEquiv>
                        <Unicode>apocryphe,</Unicode>
                    </TextEquiv>
                    <TextStyle fontFamily="Arial" fontSize="7.5"/>
                </Word>
                <Word id="w_w2aab1b1b2c29b9b1d137" language="English" custom="readingOrder {index:13;}">
                    <Coords points="1463,2655 1477,2655 1477,2667 1463,2667"/>
                    <TextEquiv>
                        <Unicode>«</Unicode>
                    </TextEquiv>
                    <TextStyle fontFamily="Arial" fontSize="7.5"/>
                </Word>
                <Word id="w_w2aab1b1b2c29b9b1d141" language="English" custom="readingOrder {index:14;}">
                    <Coords points="1488,2654 1531,2654 1531,2672 1488,2672"/>
                    <TextEquiv>
                        <Unicode>car</Unicode>
                    </TextEquiv>
                    <TextStyle fontFamily="Arial" fontSize="7.5"/>
                </Word>
                <Word id="w_w2aab1b1b2c29b9b1d149" language="English" custom="readingOrder {index:15;}">
                    <Coords points="1543,2644 1580,2644 1580,2672 1543,2672"/>
                    <TextEquiv>
                        <Unicode>les</Unicode>
                    </TextEquiv>
                    <TextStyle fontFamily="Arial" fontSize="7.5"/>
                </Word>
                <Word id="w_w2aab1b1b2c29b9b1d157" language="English" custom="readingOrder {index:16;}">
                    <Coords points="1593,2647 1737,2647 1737,2680 1593,2680"/>
                    <TextEquiv>
                        <Unicode>régiments</Unicode>
                    </TextEquiv>
                    <TextStyle fontFamily="Arial" fontSize="7.5"/>
                </Word>
                <Word id="w_w2aab1b1b2c29b9b1d177" language="English" custom="readingOrder {index:17;}">
                    <Coords points="1748,2644 1916,2644 1916,2672 1748,2672"/>
                    <TextEquiv>
                        <Unicode>d’infanterie</Unicode>
                    </TextEquiv>
                    <TextStyle fontFamily="Arial" fontSize="7.5"/>
                </Word>
                <Word id="w_w2aab1b1b2c29b9b1d203" language="English" custom="readingOrder {index:18;}">
                    <Coords points="1926,2644 2057,2644 2057,2678 1926,2678"/>
                    <TextEquiv>
                        <Unicode>française</Unicode>
                    </TextEquiv>
                    <TextStyle fontFamily="Arial" fontSize="7.5"/>
                </Word>
                <Word id="w_w2aab1b1b2c29b9b1d223" language="English" custom="readingOrder {index:19;}">
                    <Coords points="2069,2654 2102,2654 2102,2672 2069,2672"/>
                    <TextEquiv>
                        <Unicode>ne</Unicode>
                    </TextEquiv>
                    <TextStyle fontFamily="Arial" fontSize="7.5"/>
                </Word>
                <Word id="w_w2aab1b1b2c29b9b1d229" language="English" custom="readingOrder {index:20;}">
                    <Coords points="2114,2644 2279,2644 2279,2672 2114,2672"/>
                    <TextEquiv>
                        <Unicode>marchaient</Unicode>
                    </TextEquiv>
                    <TextStyle fontFamily="Arial" fontSize="7.5"/>
                </Word>
                <TextEquiv>
                    <Unicode>passacaille. Quant à la Marche de Turenne, il craint qu’elle ne soit apocryphe, « car les régiments d’infanterie française ne marchaient</Unicode>
                </TextEquiv>
            </TextLine>
            <TextLine id="tl_40" primaryLanguage="English" custom="readingOrder {index:5;}">
                <Coords points="309,2690 1938,2690 1938,2725 309,2725"/>
                <Baseline points="309,2725 383,2717 453,2717 494,2717 537,2717 676,2717 730,2717 793,2717 928,2717 995,2717 1059,2717 1159,2717 1217,2719 1236,2717 1305,2717 1577,2717 1694,2717 1754,2717 1893,2717 1938,2717"/>
                <Word id="w_w2aab1b1b2c29c11ab1" language="English" custom="readingOrder {index:0;}">
                    <Coords points="309,2690 383,2690 383,2725 309,2725"/>
                    <TextEquiv>
                        <Unicode>qu’au</Unicode>
                    </TextEquiv>
                    <TextStyle fontFamily="Arial" fontSize="7.5"/>
                </Word>
                <Word id="w_w2aab1b1b2c29c11ac13" language="English" custom="readingOrder {index:1;}">
                    <Coords points="395,2690 453,2690 453,2717 395,2717"/>
                    <TextEquiv>
                        <Unicode>fifre</Unicode>
                    </TextEquiv>
                    <TextStyle fontFamily="Arial" fontSize="7.5"/>
                </Word>
                <Word id="w_w2aab1b1b2c29c11ac25" language="English" custom="readingOrder {index:2;}">
                    <Coords points="465,2695 494,2695 494,2717 465,2717"/>
                    <TextEquiv>
                        <Unicode>et</Unicode>
                    </TextEquiv>
                    <TextStyle fontFamily="Arial" fontSize="7.5"/>
                </Word>
                <Word id="w_w2aab1b1b2c29c11ac31" language="English" custom="readingOrder {index:3;}">
                    <Coords points="505,2699 537,2699 537,2717 505,2717"/>
                    <TextEquiv>
                        <Unicode>au</Unicode>
                    </TextEquiv>
                    <TextStyle fontFamily="Arial" fontSize="7.5"/>
                </Word>
                <Word id="w_w2aab1b1b2c29c11ac37" language="English" custom="readingOrder {index:4;}">
                    <Coords points="548,2690 676,2690 676,2717 548,2717"/>
                    <TextEquiv>
                        <Unicode>tambour</Unicode>
                    </TextEquiv>
                    <TextStyle fontFamily="Arial" fontSize="7.5"/>
                </Word>
                <Word id="w_w2aab1b1b2c29c11ac53" language="English" custom="readingOrder {index:5;}">
                    <Coords points="687,2699 730,2699 730,2717 687,2717"/>
                    <TextEquiv>
                        <Unicode>sur</Unicode>
                    </TextEquiv>
                    <TextStyle fontFamily="Arial" fontSize="7.5"/>
                </Word>
                <Word id="w_w2aab1b1b2c29c11ac61" language="English" custom="readingOrder {index:6;}">
                    <Coords points="741,2699 793,2699 793,2717 741,2717"/>
                    <TextEquiv>
                        <Unicode>une</Unicode>
                    </TextEquiv>
                    <TextStyle fontFamily="Arial" fontSize="7.5"/>
                </Word>
                <Word id="w_w2aab1b1b2c29c11ac69" language="English" custom="readingOrder {index:7;}">
                    <Coords points="806,2693 928,2693 928,2725 806,2725"/>
                    <TextEquiv>
                        <Unicode>musique</Unicode>
                    </TextEquiv>
                    <TextStyle fontFamily="Arial" fontSize="7.5"/>
                </Word>
                <Word id="w_w2aab1b1b2c29c11ac85" language="English" custom="readingOrder {index:8;}">
                    <Coords points="939,2690 995,2690 995,2717 939,2717"/>
                    <TextEquiv>
                        <Unicode>fort</Unicode>
                    </TextEquiv>
                    <TextStyle fontFamily="Arial" fontSize="7.5"/>
                </Word>
                <Word id="w_w2aab1b1b2c29c11ac95" language="English" custom="readingOrder {index:9;}">
                    <Coords points="1007,2699 1059,2699 1059,2725 1007,2725"/>
                    <TextEquiv>
                        <Unicode>peu</Unicode>
                    </TextEquiv>
                    <TextStyle fontFamily="Arial" fontSize="7.5"/>
                </Word>
                <Word id="w_w2aab1b1b2c29c11ad103" language="English" custom="readingOrder {index:10;}">
                    <Coords points="1072,2693 1159,2693 1159,2717 1072,2717"/>
                    <TextEquiv>
                        <Unicode>variée</Unicode>
                    </TextEquiv>
                    <TextStyle fontFamily="Arial" fontSize="7.5"/>
                </Word>
                <Word id="w_w2aab1b1b2c29c11ad117" language="English" custom="readingOrder {index:11;}">
                    <Coords points="1171,2690 1217,2690 1217,2725 1171,2725"/>
                    <TextEquiv>
                        <Unicode>[...],</Unicode>
                    </TextEquiv>
                    <TextStyle fontFamily="Arial" fontSize="7.5"/>
                </Word>
                <Word id="w_w2aab1b1b2c29c11ad131" language="English" custom="readingOrder {index:12;}">
                    <Coords points="1231,2690 1268,2690 1268,2717 1231,2717"/>
                    <TextEquiv>
                        <Unicode>les</Unicode>
                    </TextEquiv>
                    <TextStyle fontFamily="Arial" fontSize="7.5"/>
                </Word>
                <Word id="w_w2aab1b1b2c29c11b1b1" language="English" custom="readingOrder {index:13;}">
                    <Coords points="1279,2693 1495,2693 1495,2725 1279,2725"/>
                    <TextEquiv>
                        <Unicode>mousquetaires</Unicode>
                    </TextEquiv>
                    <TextStyle fontFamily="Arial" fontSize="7.5" italic="true"/>
                </Word>
                <Word id="w_w2aab1b1b2c29c11b2b3" language="English" custom="readingOrder {index:14;}">
                    <Coords points="1506,2690 1577,2690 1577,2717 1506,2717"/>
                    <TextEquiv>
                        <Unicode>seuls</Unicode>
                    </TextEquiv>
                    <TextStyle fontFamily="Arial" fontSize="7.5"/>
                </Word>
                <Word id="w_w2aab1b1b2c29c11b2c15" language="English" custom="readingOrder {index:15;}">
                    <Coords points="1589,2693 1694,2693 1694,2717 1589,2717"/>
                    <TextEquiv>
                        <Unicode>avaient</Unicode>
                    </TextEquiv>
                    <TextStyle fontFamily="Arial" fontSize="7.5"/>
                </Word>
                <Word id="w_w2aab1b1b2c29c11b2c31" language="English" custom="readingOrder {index:16;}">
                    <Coords points="1705,2690 1754,2690 1754,2717 1705,2717"/>
                    <TextEquiv>
                        <Unicode>des</Unicode>
                    </TextEquiv>
                    <TextStyle fontFamily="Arial" fontSize="7.5"/>
                </Word>
                <Word id="w_w2aab1b1b2c29c11b2c39" language="English" custom="readingOrder {index:17;}">
                    <Coords points="1767,2690 1893,2690 1893,2717 1767,2717"/>
                    <TextEquiv>
                        <Unicode>hautbois</Unicode>
                    </TextEquiv>
                    <TextStyle fontFamily="Arial" fontSize="7.5"/>
                </Word>
                <Word id="w_w2aab1b1b2c29c11b2c57" language="English" custom="readingOrder {index:18;}">
                    <Coords points="1904,2700 1938,2700 1938,2717 1904,2717"/>
                    <TextEquiv>
                        <Unicode>»...</Unicode>
                    </TextEquiv>
                    <TextStyle fontFamily="Arial" fontSize="7.5"/>
                </Word>
                <TextEquiv>
                    <Unicode>qu’au fifre et au tambour sur une musique fort peu variée [...], les mousquetaires seuls avaient des hautbois »...</Unicode>
                </TextEquiv>
            </TextLine>
            <TextEquiv>
                <Unicode>Il a fait des recherches sur la pavane : « si vous placez votre personnage au XVIIIe siècle, il est impossible qu’il ait dansé une pavane
même dans sa jeunesse, car cette danse était déjà tombée en désuétude au commencement du XVIIe ». Il cite le Dictionnaire de
la Musique de Rousseau, et explique les opinions diverses sur l’origine de la pavane... On ne trouve aucune pavane ni dans Lully, ni
dans les divertissements de Campra et Colasse, ni dans le ballet de la Royne de Beaujoyeux ; d’Indy propose de fournir plutôt une
passacaille. Quant à la Marche de Turenne, il craint qu’elle ne soit apocryphe, « car les régiments d’infanterie française ne marchaient
qu’au fifre et au tambour sur une musique fort peu variée [...], les mousquetaires seuls avaient des hautbois »...</Unicode>
            </TextEquiv>
        </TextRegion>
        <TextRegion type="paragraph" id="r_2_1" custom="readingOrder {index:15;}">
            <Coords points="2321,3078 2349,3078 2349,3105 2321,3105"/>
            <TextLine id="tl_41" primaryLanguage="English" custom="readingOrder {index:0;}">
                <Coords points="2322,3079 2348,3079 2348,3104 2322,3104"/>
                <Baseline points="2322,3103 2348,3104"/>
                <Word id="w_w2aab1b3b2b1b1ab1" language="English" custom="readingOrder {index:0;}">
                    <Coords points="2322,3079 2348,3079 2348,3104 2322,3104"/>
                    <TextEquiv>
                        <Unicode>15</Unicode>
                    </TextEquiv>
                    <TextStyle fontFamily="Arial" fontSize="8.0"/>
                </Word>
                <TextEquiv>
                    <Unicode>15</Unicode>
                </TextEquiv>
                <TextStyle fontFamily="Arial" fontSize="8.0"/>
            </TextLine>
            <TextEquiv>
                <Unicode>15</Unicode>
            </TextEquiv>
        </TextRegion>
    </Page>
</PcGts>
