2480 3188
308 238 420 266 couleur
432 238 578 265 admirable
590 241 624 265 »...
637 238 774 266 Francfort
783 241 818 265 28
826 241 935 273 janvier,
950 238 963 265 il
976 238 1117 274 s’inquiète
1130 238 1165 265 de
1179 238 1201 265 la
1213 241 1292 266 santé
1304 238 1339 265 de
1352 248 1401 265 son
1415 241 1491 268 amie,
1504 244 1533 265 et
1545 244 1588 265 est
1600 238 1713 265 satisfait
1725 238 1774 265 des
1788 241 2025 274 représentations.
2037 248 2051 261 «
2064 241 2105 265 Ne
2118 248 2218 274 pensez
2232 247 2278 274 pas

309 286 323 311 à
334 293 366 311 ce
379 286 497 319 portrait.
509 283 631 311 Faites-le
644 285 648 311 !
660 286 694 311 »...
706 283 788 311 Berlin
798 284 841 319 [10
852 284 936 318 mars]
946 293 949 311 :
960 294 975 306 «
987 283 1149 319 L'Empereur
1160 289 1203 311 est
1214 283 1311 319 obligé,
1324 283 1444 319 paraît-il,
1456 283 1491 311 de
1503 286 1604 319 quitter
1616 284 1697 311 Berlin
1709 293 1741 311 ce
1753 286 1809 314 soir,
1821 289 1856 314 et,
1868 286 1950 311 arrivé
1962 283 2044 311 d’hier
2055 286 2112 315 soir,
2125 283 2138 311 il
2151 293 2181 311 va
2192 283 2279 311 falloir

307 331 385 364 jouer
396 331 506 364 Cyrano,
519 332 533 356 à
544 329 608 356 midi
621 330 633 364 II
645 338 716 364 pour
728 329 762 356 lui
772 329 830 356 seul
841 339 875 356 »...
886 329 966 364 [Paris
977 331 990 356 3
1003 329 1069 364 mai]
1080 338 1084 356 :
1096 339 1110 351 «
1121 331 1192 356 Vous
1204 332 1287 356 seriez
1299 329 1409 364 gentille
1421 329 1457 356 de
1470 329 1619 364 m’envoyer
1633 329 1670 356 les
1682 329 1786 356 dessins
1799 329 1834 356 de
1848 329 1870 356 la
1883 329 2063 364 Boulangerie.
2077 331 2104 356 Et
2116 338 2182 356 vous
2195 332 2278 356 seriez

308 374 418 409 gentille
431 377 506 403 aussi,
519 374 555 401 de
568 383 612 401 me
625 374 736 409 peindre
750 383 783 401 un
797 383 857 409 peu,
870 374 1072 405 discrètement,
1087 374 1260 409 légèrement,
1275 374 1297 401 la
1311 374 1372 401 lune
1385 374 1420 401 de
1434 374 1456 401 la
1470 374 1600 401 Roulotte
1612 374 1646 409 »...
1657 374 1687 409 [8
1699 374 1770 409 mai],
1784 374 1798 401 il
1811 383 1825 401 a
1839 383 1900 408 reçu
1915 374 1952 401 les
1965 374 2069 401 dessins
2082 379 2111 401 et
2123 377 2230 409 croquis
2243 374 2278 401 de

310 419 331 446 la
346 419 519 455 Boulangerie
533 428 537 446 :
549 429 564 442 «
577 419 647 446 C’est
661 428 694 446 un
709 419 832 446 bonheur
846 428 914 454 pour
928 422 981 446 moi
996 419 1092 446 d’avoir
1104 419 1163 446 cela
1176 420 1210 454 »...
1222 420 1332 454 [Anvers
1343 421 1377 446 24
1390 420 1457 454 mai]
1469 429 1473 446 :
1485 429 1500 442 «
1514 419 1536 446 la
1551 422 1629 455 pièce
1642 419 1677 446 de
1692 424 1770 446 notre
1783 422 1967 455 compatriote
1982 419 2093 446 Dubout
2106 428 2148 446 sur
2163 419 2278 454 laquelle

309 474 377 492 nous
389 467 547 500 comptions
558 470 622 492 tous
634 474 665 492 va
677 474 721 492 me
733 467 829 492 coûter
842 464 884 492 bel
897 470 926 492 et
938 464 998 492 bien
1012 474 1064 491 une
1076 467 1266 500 cinquantaine
1278 464 1313 492 de
1326 464 1397 492 mille
1408 464 1502 492 francs.
1515 464 1584 492 C’est
1596 464 1774 492 décidément
1786 474 1838 492 une
1850 464 1936 492 chose
1947 464 2055 492 terrible
2067 470 2096 492 et
2107 464 2278 500 dégoûtante

308 519 362 545 que
376 509 400 537 le
412 510 520 537 théâtre
533 512 567 537 »...
579 509 768 537 Aix-les-Bains
780 510 806 545 [3
818 510 984 545 septembre]
996 519 999 537 :
1015 509 1037 537 la
1049 520 1063 532 «
1077 512 1182 537 Maison
1197 519 1279 545 rouge
1292 520 1306 532 »
1318 515 1362 537 est
1374 520 1388 532 «
1401 510 1569 545 magnifique,
1584 512 1648 537 mais
1663 509 1824 545 magnifique
1839 510 1842 537 !
1857 512 1891 537 »...
1904 512 1971 537 Paris
1982 510 2021 545 [15
2033 510 2199 545 septembre]
2211 519 2214 537 :
2227 520 2241 532 «
2253 512 2278 545 je

310 558 435 582 renverrai
448 558 463 582 à
475 555 581 582 l’atelier
592 555 627 582 de
640 555 662 582 la
675 564 720 582 rue
731 555 766 582 du
780 555 878 590 Regard
892 555 929 582 les
942 564 1081 590 panneaux
1093 555 1128 582 de
1141 558 1243 582 Détaillé
1254 560 1283 582 et
1294 564 1330 582 on
1342 564 1414 582 verra
1425 558 1439 582 à
1451 560 1527 582 votre
1540 560 1630 582 retour
1642 564 1710 590 pour
1723 555 1760 582 les
1771 555 1904 590 quelques
1916 564 2002 590 coups
2014 555 2049 582 de
2062 555 2154 582 brosse
2166 555 2225 590 qu’il
2237 565 2252 590 y
2264 564 2278 582 a

308 603 322 627 à
333 610 349 635 y
361 600 496 627 redonner
506 600 540 635 »...
550 600 629 635 [Paris
640 603 655 635 5
662 603 766 635 janvier
778 601 856 635 1903],
870 600 883 627 il
897 606 956 636 part
966 610 980 623 «
991 600 1058 627 chez
1070 603 1180 636 Rostand
1193 609 1261 636 pour
1272 600 1378 627 affaires
1389 603 1522 627 sérieuses
1534 615 1553 618 -
1563 600 1674 636 j'espère
1686 615 1705 618 -
1717 609 1764 631 car,
1776 609 1840 627 avec
1854 600 1893 630 lui,
1905 600 1969 627 c’est
1981 609 2014 627 un
2028 609 2080 636 peu
2092 609 2202 627 comme
2214 609 2278 627 avec

308 645 358 673 des
371 648 456 676 Cazin,
470 655 506 673 on
520 655 553 673 ne
566 648 617 673 sait
627 648 720 681 jamais
734 646 738 672 !
751 646 778 680 »..
790 645 917 680 [Londres
931 648 947 672 9
954 648 1010 681 juin
1025 646 1107 680 1906],
1120 655 1163 673 sur
1176 645 1199 673 la
1211 655 1280 672 vente
1293 655 1319 672 de
1331 655 1357 673 sa
1369 655 1511 673 collection
1524 655 1551 672 de
1562 655 1672 673 tableaux
1685 655 1689 672 :
1702 655 1734 673 ce
1748 645 1813 673 n’est
1826 655 1872 681 pas
1886 645 1921 673 de
1933 648 2023 681 gaieté
2036 645 2071 673 de
2084 655 2163 673 cœur
2176 645 2235 681 qu'il
2249 655 2278 673 se

308 694 404 726 sépare
415 691 450 718 de
462 700 505 718 ses
516 691 641 718 tableaux
653 691 689 718 de
700 693 786 722 Cazin,
799 693 880 718 Friant
891 700 927 718 ou
941 693 1055 726 Dagnan.
1066 693 1080 718 «
1093 693 1153 718 Petit
1164 700 1207 718 me
1219 691 1258 718 dit
1269 700 1322 726 que
1335 693 1421 718 Route
1434 693 1508 718 Louis
1520 693 1560 718 XV
1571 691 1608 718 n’a
1620 700 1667 726 pas
1678 693 1725 718 été
1737 691 1898 720 demandée,
1910 696 1939 718 et
1950 700 2004 726 que
2017 690 2039 718 la
2051 693 2121 718 Fuite
2132 700 2166 718 en
2179 686 2278 726 Égypte

309 745 342 763 ne
353 736 409 763 fera
421 745 468 771 pas
480 736 632 771 beaucoup.
643 738 666 763 Si
678 745 714 763 on
728 736 750 763 la
762 736 831 763 vend
843 738 877 763 30
888 738 953 767 000,
965 741 994 763 et
1004 736 1052 771 j’en
1064 736 1158 767 doute,
1170 745 1202 763 ce
1214 745 1247 763 ne
1259 745 1316 763 sera
1328 745 1375 771 pas
1387 736 1422 763 de
1433 738 1505 771 gaîté
1516 736 1551 763 de
1563 745 1642 763 cœur
1654 745 1708 763 non
1721 736 1779 771 plus
1791 745 1844 771 que
1854 739 1880 771 je
1892 736 1993 771 perdrai
2005 745 2106 763 encore
2118 736 2153 763 de
2166 736 2277 771 l’argent.

309 784 336 808 Et
347 784 366 808 si
377 784 403 816 je
416 790 449 808 ne
462 781 538 808 laisse
551 790 598 816 pas
611 784 690 817 partir
701 781 898 817 quelques-uns
910 781 945 808 de
957 790 1023 808 ceux
1035 784 1078 816 qui
1091 781 1230 808 devraient
1240 781 1304 808 faire
1316 781 1352 808 de
1363 790 1423 817 gros
1436 784 1489 817 prix
1502 781 1524 808 la
1536 786 1617 808 vente
1630 790 1663 808 ne
1676 790 1719 808 me
1731 781 1852 808 donnera
1865 790 1911 817 pas
1923 790 1955 808 ce
1967 781 2037 808 dont
2047 781 2083 816 j’ai
2097 781 2192 808 besoin
2204 796 2223 798 -
2236 790 2278 808 ma

309 826 430 857 maladie,
442 836 483 854 ma
494 829 583 854 saison
593 831 657 853 tout
667 826 713 853 m’a
723 829 807 854 coûté
817 829 872 854 très
882 826 946 853 cher
956 831 985 853 et
994 826 1059 854 c’est
1068 835 1111 854 sur
1121 836 1185 853 mon
1197 826 1283 862 plaisir
1292 836 1345 862 que
1354 829 1380 862 je
1390 835 1434 854 me
1444 826 1554 854 sacrifie.
1561 826 1612 858 J’en
1622 829 1675 854 suis
1686 829 1764 854 navré
1774 826 1845 853 mille
1855 826 1907 853 fois
1918 826 1977 862 plus
1987 835 2040 862 que
2050 836 2117 854 vous
2128 836 2162 853 ne
2173 835 2278 862 pouvez

310 871 333 899 le
345 881 483 907 supposer.
496 874 562 899 Mais
574 874 592 899 si
605 881 672 899 vous
684 874 770 899 saviez
782 874 849 899 aussi
862 881 972 899 comme
982 874 1008 907 je
1020 874 1072 899 suis
1084 871 1238 907 découragé
1250 872 1285 899 de
1296 877 1365 902 tout,
1378 877 1406 899 et
1417 881 1527 899 comme
1538 874 1563 907 je
1576 881 1609 899 ne
1620 881 1706 907 songe
1717 872 1776 907 qu’à
1789 881 1832 899 me
1845 874 1934 899 retirer
1944 882 1978 899 »...

344 919 387 944 On
397 919 462 947 joint
473 919 487 944 5
499 919 576 944 L.A.S.
588 920 602 944 à
614 917 697 944 Clélie
710 920 833 948 Héseltine,
845 926 921 944 sœur
932 917 967 944 de
980 920 1054 944 Mme
1065 919 1151 947 Cazin,
1163 922 1192 944 et
1203 919 1218 944 2
1229 920 1243 944 à
1255 917 1364 944 Charles
1375 919 1448 948 Cazin
1460 926 1464 948 ;
1477 917 1535 952 plus
1547 919 1561 944 2
1574 919 1650 944 L.A.S.
1663 917 1698 944 de
1710 919 1834 947 Coquelin
1845 919 1925 944 Cadet
1935 926 1983 944 aux
1996 919 2081 944 Cazin.

1158 986 1357 1021 Reproduction
1367 995 1438 1021 page
1448 988 1464 1012 2

309 1128 450 1153 Constant
461 1128 634 1158 COQUELIN
646 1127 716 1153 aîné.
728 1128 754 1152 17
766 1128 850 1156 L.A.S.,
863 1126 1012 1160 [1901-1908
1024 1131 1053 1153 et
1064 1125 1127 1160 s.d.],
1139 1128 1153 1153 à
1164 1128 1283 1161 Auguste
1295 1128 1400 1157 Chabert
1410 1135 1414 1157 ;
1426 1128 1536 1153 environ
1548 1128 1578 1153 35
1591 1135 1672 1161 pages
1683 1125 1796 1153 formats
1808 1125 1901 1156 divers,
1913 1135 1963 1161 qqs
1974 1125 2104 1153 adresses.
2146 1128 2278 1153 500/700

344 1190 563 1215 Correspondance
572 1192 586 1214 à
595 1197 643 1214 son
653 1190 774 1214 assistant.
785 1187 864 1214 Lundi
873 1190 958 1214 matin
967 1187 1085 1222 [Cambo
1098 1190 1124 1215 18
1129 1187 1218 1222 juillet
1228 1188 1310 1222 1904],
1322 1190 1431 1214 Rostand
1440 1187 1557 1215 travaille
1568 1188 1621 1222 [sur
1631 1188 1790 1222 Chantecler]
1801 1197 1805 1214 :
1815 1197 1829 1210 «
1840 1190 1871 1214 Le
1881 1187 1949 1214 Chat
1959 1197 1973 1214 a
1983 1197 2084 1214 encore
2095 1187 2153 1223 plus
2163 1187 2199 1214 de
2208 1190 2278 1214 1000

310 1232 392 1268 lignes
403 1235 467 1260 mais
478 1233 536 1260 cela
546 1242 560 1260 a
571 1232 606 1260 de
618 1232 640 1260 la
649 1232 726 1260 force
736 1238 765 1260 et
775 1232 810 1260 de
822 1232 905 1260 l’effet
914 1233 948 1268 »...
957 1233 1005 1268 [20
1011 1232 1111 1268 juillet]
1120 1242 1123 1260 :
1133 1243 1147 1255 «
1157 1232 1255 1260 C’était
1266 1232 1357 1260 inutile
1367 1232 1403 1260 de
1414 1232 1563 1268 m’envoyer
1575 1232 1598 1260 le
1609 1235 1684 1260 Paon.
1696 1233 1735 1267 [...]
1743 1235 1771 1264 Je
1782 1242 1825 1260 me
1836 1232 1935 1260 décide
1945 1232 1980 1260 de
1992 1232 2050 1268 plus
2060 1242 2093 1260 en
2106 1232 2164 1268 plus
2175 1242 2243 1268 pour
2255 1232 2278 1260 le

308 1278 377 1305 Chat
387 1283 416 1305 et
425 1278 537 1313 j'espère
548 1287 601 1313 que
613 1278 722 1305 bientôt
731 1281 756 1313 je
769 1280 871 1313 pourrai
884 1287 1022 1305 annoncer
1034 1278 1057 1305 le
1067 1281 1130 1305 titre
1141 1278 1176 1305 de
1189 1278 1211 1305 la
1223 1280 1301 1313 pièce
1312 1278 1347 1305 de
1360 1278 1485 1305 Rostand.
1497 1280 1534 1305 Ce
1545 1283 1609 1305 sont
1620 1278 1669 1305 des
1681 1287 1728 1313 pas
1740 1277 1849 1305 décisifs
1860 1287 1893 1305 en
1906 1283 1989 1305 avant.
2003 1278 2016 1305 Il
2028 1287 2042 1305 a
2053 1278 2278 1305 admirablement

307 1323 424 1350 travaillé
436 1323 490 1350 hier
500 1325 534 1350 »...
544 1325 575 1350 23
582 1323 671 1358 juillet
681 1332 685 1350 :
695 1333 709 1345 «
717 1326 745 1354 Je
755 1328 784 1350 te
796 1326 851 1359 prie
862 1323 897 1350 de
908 1323 1037 1350 chercher
1048 1323 1115 1350 chez
1126 1326 1180 1350 moi
1193 1332 1256 1350 mon
1269 1323 1326 1350 rôle
1337 1323 1372 1350 du
1383 1332 1459 1358 grave
1470 1323 1560 1358 digger
1571 1323 1711 1354 d’Hamlet,
1723 1325 1804 1358 copié
1816 1332 1861 1358 par
1873 1326 1934 1350 moi.
1944 1323 2033 1350 Tâche
2044 1323 2079 1350 de
2089 1328 2198 1350 trouver
2209 1326 2276 1350 aussi

309 1368 331 1395 la
343 1371 466 1403 musique
477 1368 600 1404 anglaise,
611 1371 654 1404 qui
666 1373 709 1395 est
721 1371 860 1404 imprimée
872 1368 917 1403 [...].
930 1371 1005 1395 Nous
1017 1377 1114 1395 aurons
1125 1368 1198 1395 donc
1211 1368 1233 1395 la
1246 1371 1422 1395 Renaissance
1433 1371 1497 1395 avec
1508 1369 1596 1395 Guitry
1608 1369 1611 1395 !
1624 1368 1694 1400 Quel
1706 1371 1842 1404 voisinage
1855 1369 1867 1395 II
1881 1369 1919 1403 [...]
1928 1371 1956 1400 Je
1966 1368 2083 1395 travaille
2095 1377 2158 1395 mon
2170 1371 2233 1396 curé
2244 1378 2278 1395 »...

307 1413 504 1449 27septembre
517 1423 520 1441 :
532 1424 546 1436 «
559 1413 679 1441 Edmond
693 1423 707 1441 a
718 1419 782 1441 tout
794 1413 829 1441 de
842 1416 932 1441 même
946 1413 1006 1441 bien
1018 1413 1141 1441 travaillé.
1156 1413 1169 1441 Il
1182 1423 1196 1441 a
1208 1413 1257 1441 fait
1269 1423 1302 1441 un
1315 1419 1558 1441 commencement
1569 1413 1605 1441 de
1617 1413 1721 1441 second
1734 1419 1796 1441 acte
1810 1414 1848 1449 [...]
1862 1413 2036 1441 absolument
2049 1414 2204 1449 prodigieux
2216 1424 2250 1441 »...
2264 1413 2278 1441 Il

310 1459 382 1494 parle
394 1459 429 1486 de
440 1468 483 1486 ses
494 1459 620 1486 tableaux
632 1459 667 1486 de
680 1461 705 1486 Le
715 1461 813 1486 Sidaner
824 1464 853 1486 et
865 1459 981 1494 Philippe
994 1461 1136 1486 Rousseau...
1147 1459 1227 1486 Lundi
1238 1461 1330 1490 matin,
1343 1459 1356 1486 il
1368 1459 1426 1486 faut
1436 1459 1501 1486 faire
1511 1459 1576 1486 faire
1589 1459 1626 1486 les
1637 1464 1726 1486 cartes
1738 1459 1860 1494 postales
1871 1459 1907 1486 de
1919 1461 2168 1486 Pont-aux-Dames.
2179 1469 2193 1481 «
2201 1459 2240 1490 J’ai
2254 1459 2277 1486 lu

310 1504 332 1531 la
345 1507 423 1539 pièce
435 1504 470 1531 de
484 1507 601 1531 Maurice
615 1504 751 1534 Pottecher,
764 1504 799 1531 du
811 1504 925 1531 Théâtre
937 1504 972 1531 du
986 1504 1093 1539 peuple.
1106 1504 1176 1531 C’est
1188 1504 1323 1531 excellent
1335 1513 1339 1531 :
1350 1507 1376 1539 je
1388 1507 1457 1531 crois
1469 1513 1522 1540 que
1536 1504 1687 1531 Labussière
1700 1513 1743 1531 me
1757 1504 1892 1531 reviendra
1905 1504 1965 1531 bien
1978 1506 2012 1531 »...
2024 1504 2132 1531 Samedi
2144 1513 2148 1531 :
2159 1514 2173 1526 «
2187 1504 2200 1531 Il
2215 1504 2279 1531 n’est

310 1558 356 1585 pas
366 1552 494 1585 question
505 1549 540 1576 de
551 1552 667 1576 mauvais
677 1552 744 1585 goût
754 1559 757 1576 :
769 1558 837 1576 nous
848 1558 881 1576 ne
891 1549 1038 1576 voudrions
1049 1552 1071 1576 ni
1084 1552 1193 1576 Rostand
1203 1552 1226 1576 ni
1238 1552 1291 1576 moi
1303 1558 1356 1585 que
1366 1554 1442 1576 cette
1453 1549 1543 1585 photo
1554 1552 1631 1585 parût
1640 1549 1707 1576 dans
1718 1549 1742 1576 le
1753 1549 1811 1585 plus
1822 1549 1890 1576 beau
1901 1554 1930 1576 et
1941 1549 1964 1576 le
1973 1552 1981 1576 1
1984 1553 2001 1564 er
2008 1549 2111 1584 journal
2122 1549 2157 1576 du
2169 1549 2278 1576 monde.

309 1597 360 1622 Ces
371 1594 509 1622 choses-là
521 1604 554 1622 ne
565 1600 629 1622 sont
641 1604 687 1630 pas
699 1604 768 1630 pour
779 1594 803 1622 le
815 1594 904 1630 public
915 1597 948 1622 »...
959 1594 1107 1622 Dimanche
1118 1603 1122 1622 :
1132 1605 1146 1617 «
1158 1597 1196 1625 Ici,
1207 1594 1265 1622 cela
1277 1594 1384 1622 marche
1394 1594 1662 1622 merveilleusement.
1675 1597 1706 1621 Le
1718 1597 1829 1622 nommé
1841 1597 1951 1622 Rostand
1961 1600 2004 1622 est
2015 1597 2105 1622 même
2116 1600 2232 1622 content
2243 1595 2278 1622 de

310 1640 349 1667 lui.
361 1640 431 1667 C’est
443 1649 495 1667 une
506 1639 591 1667 féerie
602 1643 617 1667 à
629 1640 722 1667 rendre
733 1639 781 1667 fou
793 1650 827 1667 »...
839 1642 1034 1667 Commissions
1046 1642 1143 1675 auprès
1154 1639 1189 1667 de
1201 1642 1323 1675 Georges
1335 1642 1401 1671 Petit,
1414 1642 1516 1671 Lalique,
1529 1642 1609 1671 Binet,
1620 1642 1723 1671 Tessier,
1736 1642 1825 1667 Renée
1838 1642 1920 1675 Bussy,
1934 1639 1956 1667 la
1968 1639 2122 1675 préfecture
2134 1640 2169 1667 de
2182 1640 2278 1675 police,

308 1685 357 1712 des
369 1688 503 1720 épiciers...
517 1685 530 1712 Il
543 1690 586 1712 est
597 1688 664 1712 aussi
677 1688 805 1720 question
817 1685 853 1712 de
864 1694 914 1712 son
925 1685 966 1712 fils
975 1688 1044 1716 Jean,
1057 1694 1106 1712 son
1117 1685 1187 1712 frère
1199 1685 1293 1716 Cadet,
1306 1685 1424 1720 Féraudy,
1437 1688 1563 1720 Bergerat,
1576 1688 1650 1712 Mme
1662 1687 1747 1715 Cazin,
1760 1685 1864 1715 Polaire,
1876 1690 1928 1712 etc.

344 1732 387 1757 On
397 1732 462 1760 joint
472 1732 506 1757 30
519 1732 595 1757 L.A.S.
607 1730 643 1757 de
654 1739 704 1757 son
716 1730 785 1757 frère
797 1732 921 1761 Gustave,
934 1732 949 1757 8
961 1730 1062 1757 d’Edith
1075 1730 1207 1765 Coquelin
1219 1730 1330 1765 (femme
1342 1730 1377 1757 de
1389 1731 1523 1765 Gustave),
1535 1735 1564 1757 et
1574 1733 1592 1757 11
1606 1730 1641 1757 de
1653 1739 1702 1757 son
1714 1730 1754 1757 fils
1763 1733 1825 1761 Jean
1838 1733 1852 1757 à
1863 1730 1988 1757 Chabert.

309 1870 462 1905 [Constant
472 1872 645 1902 COQUELIN
656 1870 738 1905 aîné].
751 1873 920 1897 Documents
933 1875 1082 1905 provenant
1093 1870 1129 1897 de
1140 1879 1183 1897 ses
1195 1870 1320 1897 archives.
2103 1872 2278 1897 1.000/1.200

343 1934 361 1959 11
375 1941 462 1959 dessins
473 1941 509 1959 ou
521 1932 677 1967 aquarelles,
689 1937 863 1959 notamment
874 1932 923 1959 des
936 1937 1091 1967 maquettes
1103 1932 1138 1959 de
1150 1937 1291 1959 costumes
1303 1941 1371 1967 pour
1383 1932 1522 1967 Coquelin,
1534 1934 1694 1959 évocations
1706 1932 1741 1959 de
1753 1934 1857 1967 Cyrano
1869 1932 1903 1959 de
1914 1934 2046 1967 Bergerac,
2058 1937 2110 1959 etc.

345 1980 453 2004 Environ
470 1979 507 2004 40
524 1986 651 2012 gravures,
669 1980 803 2004 certaines
820 1980 926 2013 signées
944 1986 980 2004 ou
998 1977 1163 2004 dédicacées
1181 1980 1195 2004 à
1213 1977 1345 2012 Coquelin
1364 1986 1410 2012 par
1427 1979 1448 2004 L.
1467 1977 1588 2012 Flameng
1606 1977 1728 2012 (portrait
1745 1977 1781 2004 de
1799 1977 1928 2012 Molière),
1947 1980 1964 2004 F.
1983 1980 2101 2012 Dupont,
2116 1979 2163 2008 J.G.
2181 1977 2278 2008 Vibert,

308 2022 457 2058 Cappiello,

343 2070 375 2095 43
390 2068 574 2095 photographies
588 2068 624 2095 de
639 2067 771 2103 Coquelin
787 2067 853 2095 dans
868 2077 911 2095 ses
927 2070 1080 2103 principaux
1096 2068 1173 2099 rôles,
1189 2068 1203 2095 à
1219 2068 1241 2095 la
1256 2067 1323 2099 ville,
1338 2068 1352 2095 à
1369 2067 1567 2103 l’inauguration
1583 2067 1618 2095 de
1635 2067 1657 2095 la
1673 2070 1775 2095 maison
1791 2067 1826 2095 de
1842 2067 2210 2103 Couilly-Pont-aux-Dames,
2226 2073 2278 2095 etc.

308 2113 430 2148 (formats
442 2113 544 2148 divers).

345 2158 496 2185 Manuscrits
505 2158 540 2185 de
549 2161 630 2193 copie
637 2158 771 2185 théâtrale
780 2158 881 2185 utilisés
891 2167 937 2193 par
945 2158 1077 2193 Coquelin
1087 2167 1155 2193 pour
1162 2158 1291 2185 travailler
1299 2167 1342 2185 ses
1352 2158 1422 2185 rôles
1431 2167 1467 2185 ou
1477 2161 1602 2194 préparer
1610 2167 1653 2185 ses
1663 2161 1742 2185 mises
1751 2167 1784 2185 en
1794 2161 1883 2188 scène,
1892 2161 2007 2185 certains
2016 2167 2081 2185 avec
2089 2161 2265 2185 annotations
2274 2167 2278 2185 :

308 2206 340 2230 Le
351 2203 454 2230 Dédale
465 2206 495 2230 et
505 2206 537 2230 Le
548 2203 634 2230 Réveil
646 2203 672 2238 (P.
686 2203 814 2238 Hervieu),
826 2206 857 2230 Le
868 2206 980 2230 Premier
991 2203 1084 2230 Glaive
1095 2213 1099 2233 ;
1112 2203 1170 2239 plus
1183 2203 1207 2230 le
1219 2206 1363 2230 manuscrit
1376 2203 1526 2239 incomplet
1537 2203 1616 2230 d’une
1628 2206 1706 2239 pièce
1717 2212 1760 2230 sur
1772 2203 1894 2230 l’Arétin...

345 2248 485 2284 Plaquette
496 2251 499 2276 :
509 2251 639 2276 Souvenir
648 2251 664 2276 à
675 2251 708 2275 M.
715 2248 786 2280 Jules
797 2248 912 2276 Claretie
923 2248 1011 2283 (1905),
1022 2248 1221 2284 spécialement
1232 2251 1301 2284 impr.
1314 2258 1382 2284 pour
1392 2248 1524 2284 Coquelin
1535 2258 1539 2280 ;
1552 2248 1686 2276 livraisons
1697 2248 1732 2276 de
1744 2258 1837 2276 revues
1848 2251 1851 2275 :
1862 2251 1894 2276 Le
1905 2251 2035 2276 Costume
2044 2258 2080 2276 au
2091 2248 2203 2279 théâtre,
2214 2248 2280 2275 LArt

308 2294 344 2321 du
355 2296 586 2321 travestissement
597 2294 632 2321 de
645 2296 714 2321 Léon
727 2294 806 2321 Sault.

1157 2362 1356 2398 Reproduction
1366 2372 1438 2398 page
1450 2365 1466 2390 9

309 2505 406 2529 Ernest
416 2504 589 2534 COQUELIN
601 2502 693 2537 Cadet
704 2503 873 2537 (1848-1909).
885 2505 928 2530 138
940 2505 1024 2533 L.A.S.,
1035 2505 1185 2533 1869-1905,
1197 2505 1211 2529 à
1222 2512 1269 2530 son
1281 2507 1342 2529 frère
1353 2504 1477 2532 Coquelin
1488 2506 1539 2534 aîné
1549 2512 1553 2534 ;
1565 2505 1615 2529 398
1627 2505 1709 2538 pages
1722 2505 1776 2529 in-8
1788 2512 1824 2529 ou
1837 2504 1909 2533 in-12,
1921 2512 1970 2538 qqs
1982 2505 2104 2529 en-têtes
2116 2507 2145 2529 et
2156 2502 2278 2530 adresses

309 2548 366 2583 (qqs
380 2547 391 2575 I.
403 2557 435 2575 au
448 2548 560 2583 crayon).
2095 2549 2278 2575 1.800/2.000

343 2612 399 2637 Très
412 2619 471 2636 belle
484 2619 508 2636 et
520 2619 661 2637 importante
673 2619 892 2640 correspondance,
906 2619 976 2636 pleine
988 2619 1015 2636 de
1028 2614 1099 2637 récits
1111 2614 1195 2637 animés
1209 2619 1235 2636 de
1247 2619 1273 2637 sa
1286 2614 1388 2637 carrière
1399 2614 1529 2640 théâtrale,
1543 2619 1567 2636 et
1580 2619 1677 2637 parlant
1690 2619 1716 2636 de
1728 2619 1776 2637 son
1788 2619 1936 2637 affectueuse
1949 2614 2040 2636 rivalité
2053 2619 2200 2640 fraternelle,
2214 2619 2241 2636 de
2253 2619 2279 2636 la

308 2657 417 2682 Comédie
428 2657 557 2687 Française,
568 2664 595 2682 de
605 2664 669 2682 leurs
678 2664 881 2686 contemporains,
892 2664 931 2682 des
941 2659 1014 2685 rôles,
1024 2659 1141 2682 tournées
1151 2664 1175 2682 et
1185 2657 1307 2682 recettes...
1320 2657 1395 2682 Nous
1407 2664 1440 2682 ne
1452 2664 1577 2690 pouvons
1588 2664 1621 2682 en
1632 2655 1738 2682 donner
1748 2655 1826 2690 qu’un
1838 2655 1929 2690 rapide
1940 2664 2046 2690 aperçu,
2057 2664 2090 2682 en
2103 2657 2239 2682 résumant
2250 2660 2279 2682 et

308 2703 393 2727 citant
404 2700 619 2735 quelques-unes
631 2700 666 2727 de
678 2709 723 2727 ces
737 2700 837 2731 lettres,
849 2705 966 2727 souvent
978 2700 1097 2735 longues.

345 2747 367 2772 13
377 2748 432 2772 mai
443 2747 509 2772 1869
511 2768 514 2775 ,
526 2748 591 2772 récit
601 2745 680 2772 d’une
690 2748 778 2772 soirée
788 2748 898 2780 étrange
909 2748 923 2772 à
935 2745 956 2772 la
967 2745 1100 2772 Comédie
1112 2748 1251 2779 Française,
1262 2747 1298 2772 où
1308 2747 1406 2775 Séveste,
1418 2748 1529 2772 Boucher
1538 2748 1567 2772 et
1578 2745 1706 2776 Prud’hon,
1717 2748 1795 2781 après
1805 2748 1876 2772 avoir
1887 2745 2025 2780 banqueté
2034 2750 2115 2772 toute
2127 2745 2149 2772 la
2158 2748 2278 2780 journée,

307 2793 434 2826 jouèrent
446 2800 461 2813 «
474 2790 616 2826 guillerets,
631 2806 650 2808 -
665 2793 729 2817 mais
744 2790 795 2817 mal
809 2801 829 2822 »,
844 2793 858 2818 à
874 2790 1072 2818 l'étonnement
1085 2790 1134 2818 des
1149 2795 1319 2826 spectateurs
1334 2795 1363 2817 et
1376 2790 1412 2818 de
1424 2793 1526 2821 Thierry,
1540 2795 1569 2817 et
1583 2800 1615 2817 au
1630 2790 1772 2826 désespoir
1786 2790 1835 2817 des
1849 2796 1938 2818 autres
1952 2796 2066 2821 acteurs,
2079 2800 2093 2813 «
2108 2793 2161 2817 moi
2176 2796 2240 2818 tout
2255 2790 2278 2818 le

309 2839 423 2871 premier
436 2846 470 2863 »...
482 2838 515 2863 25
529 2838 583 2863 mai
599 2838 656 2863 1871
659 2859 663 2867 ,
677 2845 720 2863 sur
735 2835 757 2863 la
771 2838 924 2863 Commune
938 2845 942 2862 :
955 2846 969 2858 «
983 2845 1019 2863 on
1034 2835 1147 2863 s'attend
1162 2835 1198 2863 de
1210 2839 1270 2871 jour
1283 2845 1316 2863 en
1330 2839 1389 2871 jour
1402 2839 1417 2863 à
1432 2835 1540 2863 l’entrée
1554 2836 1603 2863 des
1617 2835 1775 2863 Versailleux
1790 2836 1856 2863 dans
1872 2835 1894 2863 la
1908 2836 1968 2863 ville
1982 2845 1986 2866 ;
2001 2841 2030 2863 et
2043 2845 2075 2863 ce
2089 2839 2169 2863 serait
2183 2839 2279 2863 mentir

309 2890 362 2916 que
377 2881 432 2908 dire
446 2890 500 2916 que
516 2881 553 2908 les
568 2883 619 2908 3/4
634 2881 669 2908 de
685 2881 707 2908 la
723 2881 884 2916 population
900 2890 933 2908 ne
950 2881 973 2908 le
988 2881 1107 2908 désirent
1122 2890 1169 2916 pas
1184 2881 1360 2908 ardemment.
1376 2896 1394 2898 -
1409 2881 1550 2908 Seront-ils
1565 2890 1640 2908 assez
1654 2881 1727 2908 fêtés
1743 2882 1747 2908 !
1763 2896 1782 2898 -
1798 2884 1829 2908 En
1844 2881 1989 2908 attendant
2005 2881 2027 2908 la
2042 2881 2167 2908 Colonne
2181 2881 2279 2908 tombe

309 2926 472 2961 aujourd’hui
489 2927 510 2953 II!
525 2941 544 2944 -
557 2926 630 2953 Voilà
644 2928 754 2953 Courbet
768 2926 942 2953 immortalisé
957 2927 961 2953 !
976 2929 1041 2953 mais
1055 2926 1114 2962 qu’il
1130 2935 1230 2962 prenne
1244 2926 1324 2961 garde
1338 2929 1352 2953 à
1366 2935 1394 2953 sa
1407 2927 1467 2953 tête
1482 2927 1507 2953 !...
1522 2929 1552 2953 La
1566 2929 1669 2953 maison
1684 2926 1719 2953 de
1734 2929 1767 2953 M.
1780 2929 1859 2953 Thiers
1873 2931 1916 2953 est
1930 2929 2011 2957 rasée,
2025 2931 2054 2953 et
2069 2926 2091 2953 la
2104 2926 2229 2961 chapelle
2243 2926 2278 2953 de

130 3079 159 3103 10
