2480 3188
236 205 258 230 8.
309 203 554 237 François-Adrien
567 205 735 230 BOIELDIEU
748 203 901 238 (1775-1834)
912 206 1104 238 compositeur.
1116 205 1131 230 2
1143 205 1220 230 L.A.S.
1232 212 1236 234 ;
1247 205 1255 230 1
1269 212 1337 238 page
1348 208 1377 230 et
1388 205 1395 229 1
1409 212 1477 238 page
1489 208 1517 230 et
1529 203 1619 230 demie
1632 205 1693 234 in-8,
1705 203 1835 230 adresses.

345 267 368 292 13
375 265 529 300 septembre
539 265 609 300 [1813,
619 265 633 292 à
644 265 765 292 l'éditeur
773 265 808 292 du
818 265 1005 292 Chansonnier
1011 265 1059 292 des
1065 265 1177 300 grâces],
1189 265 1351 292 l’autorisant
1360 268 1374 292 à
1384 268 1517 300 imprimer
1525 265 1592 292 dans
1603 265 1626 292 le
1636 265 1822 292 Chansonnier
1829 265 1876 292 des
1882 267 1977 300 grâces
1986 265 2086 292 de!814
2095 275 2108 287 «
2119 265 2141 292 la
2151 274 2278 292 romance

308 310 343 338 du
356 310 525 338 troubadour
537 310 572 342 de
579 313 645 342 Jean
658 310 692 337 de
704 313 777 341 Paris,
790 316 819 338 et
831 310 900 338 celle
913 310 948 338 du
961 313 1095 338 Nouveau
1106 313 1233 346 Seigneur
1244 321 1277 338 »...
1290 310 1426 341 Mercredi,
1439 313 1453 338 à
1466 320 1515 338 son
1528 310 1593 338 cher
1606 313 1767 338 Nadermann.
1781 310 1794 337 Il
1808 316 1851 338 est
1864 310 2021 346 impossible
2033 310 2198 346 d’employer
2211 320 2279 346 pour

309 365 337 383 sa
349 359 436 391 petite
447 359 530 383 scène
541 356 659 383 chantée
672 356 695 383 le
707 358 797 383 même
809 355 879 383 effet
890 356 1053 383 d’orchestre
1064 365 1068 383 :
1081 356 1094 383 il
1106 356 1164 383 faut
1175 356 1226 383 s’en
1237 359 1306 383 tenir
1317 359 1331 383 à
1341 366 1355 378 «
1367 365 1400 383 un
1412 356 1551 383 orchestre
1563 356 1598 383 de
1610 356 1692 391 harpe
1703 361 1732 383 et
1743 356 1931 383 d’instrumens
1942 359 1957 383 à
1968 361 2032 383 vent
2043 365 2085 383 sur
2097 356 2121 383 le
2131 356 2238 383 théâtre
2249 361 2278 383 et

308 404 414 429 ensuite
424 404 438 428 à
449 410 501 429 une
511 410 594 429 scene
604 401 722 428 chantée
732 411 797 428 avec
807 407 1072 437 accompagnement
1082 401 1245 429 d'orchestre
1255 401 1386 429 ordinaire
1396 401 1508 437 disposé
1518 411 1628 428 comme
1638 411 1674 428 on
1685 411 1719 428 en
1729 407 1772 428 est
1782 411 1906 429 convenu
1917 401 2017 429 devant
2028 401 2052 428 le
2061 401 2175 429 théâtre.
2185 404 2278 433 Quant

308 449 322 474 à
335 449 428 482 Lafont
437 449 462 482 je
474 450 553 474 verrai
566 449 584 474 si
596 450 621 482 je
634 450 691 482 puis
704 446 857 482 l’employer
868 447 935 474 dans
947 452 1025 474 notre
1037 447 1177 474 orchestre
1189 450 1207 474 si
1221 456 1275 474 non
1285 450 1311 482 je
1324 447 1347 474 le
1360 449 1486 474 renverrai
1499 449 1513 474 à
1525 456 1591 474 vous
1603 449 1639 474 ou
1652 449 1666 474 à
1678 450 1709 474 Le
1721 449 1804 474 Sueur
1814 457 1848 474 »...

344 494 387 519 On
398 495 467 527 joint
477 494 492 519 2
504 494 553 523 P.S.,
566 495 710 519 mémoires
722 501 790 528 pour
801 497 882 519 vente
894 492 929 519 de
941 495 1077 528 musiques
1089 495 1102 519 à
1115 495 1135 519 L.
1147 495 1259 519 Zammit
1270 492 1410 519 d’Orléans
1422 492 1568 527 (1807,1811)
1579 502 1583 522 ;
1595 497 1624 519 et
1634 494 1649 519 2
1660 494 1675 519 2
1687 494 1764 519 L.A.S.
1776 492 1811 519 de
1823 501 1872 519 son
1883 492 1924 519 fils
1935 492 2123 519 Adrien-Louis
2136 495 2253 519 Boieldieu
2264 495 2278 519 à

310 537 431 565 l’éditeur
442 537 590 565 Choudens
602 543 631 565 et
643 540 677 564 M.
689 537 724 565 de
737 537 917 565 Beauchesne.

238 644 258 669 9.
309 642 370 669 Karl
380 645 489 678 August
500 638 664 669 BÔTTIGER
674 642 828 677 (1760-1835)
838 642 1022 677 archéologue
1033 642 1175 669 allemand.
1187 644 1271 672 L.A.S.,
1283 642 1384 669 Dresde
1394 644 1407 669 3
1419 645 1468 669 mai
1479 644 1547 673 1825,
1559 651 1591 669 au
1603 642 1712 669 librairie
1722 645 1844 669 viennois
1856 645 1884 669 Fr.
1895 645 1971 669 Volke
1981 651 1985 672 ;
1996 642 2153 677 demi-page
2165 645 2219 669 in-4
2230 651 2233 672 ;
2244 651 2277 669 en

308 687 450 715 allemand.
2159 689 2278 715 100/150

346 749 359 777 Il
373 750 396 777 le
409 752 464 785 prie
475 750 621 777 d’adresser
632 750 674 777 dix
687 752 813 777 numéros
824 750 860 777 du
870 750 973 785 journal
984 749 1188 785 Abendzeitung
1199 753 1213 777 à
1225 752 1259 776 M.
1271 750 1364 777 Acerbi
1377 752 1391 777 à
1403 750 1491 777 Milan.

222 856 258 881 10.
309 856 389 881 Louis
401 856 605 881 BOULANGER
616 854 776 889 (1806-1867)
789 857 900 889 peintre.
913 856 997 885 L.A.S.,
1009 854 1086 889 [août
1097 863 1133 881 ou
1145 854 1302 889 septembre
1313 856 1379 881 1840
1390 855 1409 885 ?,
1421 857 1435 881 à
1447 857 1521 881 Mme
1532 857 1623 881 Victor
1635 854 1720 889 Hugo]
1732 863 1736 885 ;
1748 856 1763 881 2
1775 863 1856 889 pages
1870 856 1930 881 in-8.
2153 856 2278 881 150/200

346 916 359 943 Il
373 916 483 943 tâchera
498 916 533 943 de
548 916 659 952 profiter
673 916 708 943 de
723 925 772 943 son
789 919 927 943 invitation
943 919 1008 943 mais
1023 916 1037 943 il
1052 925 1066 943 a
1081 916 1141 943 bien
1157 916 1206 943 des
1220 916 1320 943 choses
1335 919 1349 943 à
1362 916 1419 943 finir
1433 916 1542 943 d’abord
1557 925 1561 943 :
1575 927 1589 938 «
1600 919 1628 948 Je
1642 916 1758 943 travaille
1773 916 1846 943 donc
1862 925 1930 952 pour
1944 916 2007 943 aller
2021 925 2088 943 vous
2104 916 2235 951 rejoindre
2249 921 2279 943 et

309 962 430 997 regarder
443 971 476 989 un
491 971 543 997 peu
557 967 633 989 cette
647 962 738 989 bonne
752 967 851 991 nature,
864 971 910 989 ces
923 961 1008 989 beaux
1021 962 1109 989 arbres
1122 965 1165 997 qui
1180 971 1213 989 ne
1226 971 1293 989 vous
1306 967 1431 989 amusent
1444 971 1491 997 pas
1505 962 1650 997 beaucoup
1662 964 1725 989 ainsi
1739 971 1792 997 que
1805 971 1872 989 vous
1886 971 1929 989 me
1943 962 2019 989 l’avez
2031 961 2077 989 dit.
2090 961 2154 989 Cela
2166 961 2277 997 dépend

308 1012 426 1034 souvent
438 1007 473 1034 de
488 1007 510 1034 la
523 1007 686 1042 disposition
699 1010 735 1034 où
751 1007 798 1034 l’on
812 1012 855 1034 est
867 1016 900 1034 en
914 1007 1105 1043 contemplant
1119 1007 1156 1034 les
1170 1012 1280 1042 aspects
1293 1007 1328 1034 de
1343 1007 1365 1034 la
1378 1010 1498 1034 création
1512 1012 1541 1034 et
1555 1007 1583 1034 ils
1596 1007 1732 1042 changent
1744 1012 1862 1034 souvent
1874 1007 1951 1034 selon
1967 1007 1989 1034 la
2002 1010 2140 1034 sensation
2153 1010 2168 1034 à
2180 1012 2278 1034 travers

310 1052 425 1088 laquelle
438 1052 466 1080 ils
478 1062 546 1080 nous
558 1055 678 1080 arrivent.
691 1055 755 1080 Pour
767 1055 820 1080 moi
833 1055 875 1088 qui
888 1062 955 1080 vous
967 1055 1036 1080 aime
1048 1053 1083 1080 de
1094 1058 1158 1080 tout
1169 1062 1248 1080 coeur
1258 1055 1283 1088 je
1295 1052 1418 1080 voudrais
1430 1062 1483 1088 que
1496 1052 1518 1080 la
1531 1058 1623 1080 nature
1634 1062 1701 1080 vous
1714 1055 1791 1088 parût
1801 1055 1925 1088 toujours
1938 1055 2021 1080 riante
2032 1062 2066 1080 »...

231 1159 258 1184 11.
309 1159 392 1184 Henri
405 1159 536 1184 BOUTET
546 1157 691 1192 (1851-1919)
703 1160 814 1192 peintre.
826 1159 841 1184 2
853 1159 930 1184 L.A.S.
942 1160 956 1184 à
968 1166 1002 1184 un
1014 1160 1064 1184 ami
1077 1166 1081 1188 ;
1092 1159 1099 1184 1
1114 1166 1181 1192 page
1194 1159 1259 1184 in-12
1270 1160 1284 1184 à
1296 1166 1345 1184 son
1358 1157 1459 1188 chiffre,
1472 1162 1501 1184 et
1511 1159 1518 1184 1
1533 1166 1600 1192 page
1613 1159 1668 1184 in-8
1681 1157 1805 1184 illustrée.
2184 1159 2278 1184 70/80

345 1222 374 1246 La
387 1222 517 1254 première
530 1219 609 1246 lettre
620 1224 664 1246 est
675 1222 758 1246 écrite
770 1219 913 1246 au-dessus
925 1219 1004 1246 d’une
1015 1219 1154 1246 eau-forte
1165 1219 1200 1246 de
1213 1219 1319 1246 l’artiste
1331 1222 1519 1255 représentant
1531 1228 1583 1246 une
1594 1219 1697 1246 femme
1708 1228 1742 1246 en
1754 1219 1878 1254 capeline
1890 1224 1919 1246 et
1930 1219 2073 1249 manchon,
2085 1222 2167 1246 assise
2178 1219 2279 1246 devant

309 1274 361 1292 une
372 1264 523 1292 cheminée.
536 1264 745 1292 Rendez-vous...

224 1371 258 1396 12.
309 1371 442 1396 BRASSAI
455 1369 615 1404 (1899-1984)
628 1369 825 1405 photographe.
838 1371 922 1400 L.A.S.,
936 1372 999 1396 Paris
1010 1371 1044 1396 26
1055 1369 1151 1396 février
1161 1371 1230 1399 1954,
1243 1369 1267 1404 [à
1280 1372 1366 1404 Henry
1378 1369 1413 1396 de
1426 1369 1617 1404 Montherlant]
1630 1378 1633 1400 ;
1645 1371 1652 1396 1
1666 1378 1734 1404 page
1747 1372 1801 1396 in-4
1812 1372 1826 1396 à
1838 1378 1888 1396 son
1900 1372 2015 1396 en-tête.
2153 1371 2278 1396 150/200

343 1441 357 1454 «
373 1431 488 1458 Veuillez
503 1436 612 1458 trouver
628 1434 734 1466 ci-joint
750 1436 827 1458 votre
844 1434 957 1466 portrait
972 1434 1035 1458 ainsi
1053 1440 1106 1467 que
1124 1431 1146 1458 la
1163 1440 1242 1458 revue
1259 1434 1420 1458 américaine
1436 1431 1555 1466 Harper’s
1571 1434 1654 1458 Bazar
1669 1434 1712 1467 qui
1731 1431 1758 1458 l’a
1775 1431 1913 1466 reproduit
1930 1434 2099 1458 récemment
2114 1441 2148 1458 »...
2165 1434 2203 1458 Au
2220 1431 2278 1461 dos,

308 1476 442 1512 fragment
453 1476 621 1512 autographe
633 1477 668 1504 de
680 1479 862 1504 Montherlant
874 1482 1006 1510 retraçant
1019 1476 1041 1504 la
1052 1476 1213 1512 généalogie
1224 1476 1273 1504 des
1286 1476 1416 1504 branches
1429 1476 1522 1504 Millon
1534 1476 1570 1504 de
1581 1486 1610 1504 sa
1620 1476 1721 1504 famille
1733 1477 1788 1511 (XVI
1792 1480 1801 1491 e
1803 1479 1869 1503 -XVII
1873 1480 1882 1491 e
1893 1476 1991 1511 siècle).

207 1580 222 1608 f
227 1583 258 1608 13.
309 1582 452 1616 Benjamin
464 1584 599 1608 BRITTEN
612 1581 765 1616 (1913-1976).
778 1583 830 1612 L.S.,
841 1581 993 1616 Aldeburgh
1006 1583 1038 1608 24
1050 1581 1197 1608 novembre
1208 1583 1277 1612 1954,
1289 1584 1303 1608 à
1314 1590 1364 1608 son
1376 1581 1440 1608 cher
1451 1581 1522 1608 Gerd
1535 1591 1539 1612 ;
1550 1583 1557 1608 1
1572 1590 1639 1616 page
1652 1584 1706 1608 in-4
1718 1591 1721 1612 ;
1734 1590 1767 1608 en
1779 1581 1884 1616 anglais.
2153 1583 2278 1608 150/200

346 1643 359 1670 Il
373 1643 396 1670 le
409 1646 536 1670 remercie
547 1643 583 1670 de
594 1652 644 1670 son
656 1643 760 1670 cadeau
772 1643 972 1670 d’anniversaire
984 1652 987 1670 :
999 1643 1064 1670 c’est
1075 1652 1109 1670 un
1122 1643 1190 1670 beau
1204 1643 1271 1674 livre,
1283 1646 1312 1670 et
1322 1646 1373 1670 Van
1385 1645 1462 1670 Gogh
1474 1648 1517 1670 est
1528 1652 1561 1670 un
1574 1643 1609 1670 de
1621 1652 1663 1670 ses
1676 1646 1794 1678 peintres
1806 1643 1933 1678 préférés.
1947 1643 1960 1670 Il
1973 1648 2090 1679 regrette
2101 1643 2136 1670 de
2149 1652 2182 1670 ne
2195 1643 2279 1670 l’avoir

309 1698 356 1724 pas
370 1698 402 1716 vu
417 1698 450 1716 en
464 1688 620 1724 Angleterre
633 1694 679 1716 cet
692 1691 739 1716 été
753 1698 757 1718 ;
772 1689 803 1716 lui
818 1691 886 1716 aussi
901 1691 975 1716 vient
988 1688 1076 1716 d’aller
1089 1698 1123 1716 en
1137 1688 1226 1716 Suède
1240 1689 1304 1723 (non
1319 1698 1366 1724 pas
1380 1691 1394 1716 à
1409 1688 1562 1724 bicyclette,
1576 1688 1749 1724 cependant),
1763 1694 1792 1716 et
1806 1688 1819 1716 il
1834 1691 1962 1724 apprécie
1975 1698 2018 1716 ses
2033 1698 2185 1724 remarques
2199 1698 2241 1716 sur
2256 1688 2278 1716 la

309 1734 409 1761 beauté
421 1734 456 1761 du
470 1743 539 1769 pays,
552 1734 575 1761 la
586 1734 742 1769 gentillesse
753 1734 788 1761 du
802 1734 909 1769 peuple,
921 1739 950 1761 et
963 1734 985 1761 la
997 1734 1130 1761 difficulté
1142 1734 1177 1761 de
1191 1734 1213 1761 la
1226 1734 1327 1769 langue.
1341 1734 1354 1761 Il
1367 1737 1463 1769 espère
1475 1743 1528 1769 que
1542 1734 1579 1761 les
1591 1743 1718 1761 examens
1731 1737 1800 1761 iront
1813 1734 1880 1764 bien,
1892 1739 1921 1761 et
1933 1743 1986 1769 que
1998 1734 2068 1761 Gerd
2080 1737 2223 1761 terminera
2235 1743 2278 1761 ses

308 1779 407 1807 études
421 1789 452 1815 au
464 1782 633 1815 gymnasium
647 1784 761 1807 couvert
773 1779 809 1807 de
824 1779 935 1807 lauriers.
951 1779 964 1807 Il
978 1784 1021 1807 est
1033 1785 1150 1807 content
1162 1779 1221 1815 qu’il
1236 1782 1366 1807 continue
1379 1789 1408 1807 sa
1422 1782 1544 1815 musique
1557 1789 1561 1806 :
1574 1789 1603 1807 sa
1616 1779 1782 1807 conférence
1795 1789 1809 1807 a
1824 1779 1872 1806 l’air
1886 1782 2070 1807 intéressante.
2085 1782 2183 1806 Britten
2198 1782 2231 1807 ira
2244 1789 2277 1807 en

308 1825 464 1860 Allemagne
476 1830 552 1852 entre
566 1825 589 1852 le
600 1827 627 1852 19
639 1830 668 1852 et
681 1825 704 1852 le
716 1827 748 1852 29
761 1834 849 1852 mars...

224 1932 258 1956 14.
307 1931 434 1956 Antonio
445 1932 587 1957 CANOVA
598 1929 750 1964 (1757-1822)
762 1929 904 1965 sculpteur.
917 1932 969 1956 L.A.
981 1932 995 1956 à
1007 1932 1041 1956 M.
1054 1932 1162 1960 Missirini
1174 1938 1178 1960 ;
1190 1929 1347 1965 demi-page
1360 1932 1420 1960 in-4,
1432 1929 1541 1956 adresse
1553 1939 1557 1960 ;
1569 1939 1602 1956 en
1616 1929 1711 1957 italien.
2145 1931 2278 1957 200/300

345 1991 359 2019 Il
374 1991 482 2019 l’avertit
495 2001 548 2027 que
562 1991 586 2019 le
599 1994 620 2019 S.
633 1991 771 2019 Tambroni
786 2001 819 2019 ne
833 2001 929 2027 pourra
942 1994 1013 2019 venir
1025 1991 1154 2019 travailler
1167 2001 1231 2019 avec
1245 1994 1372 2022 Missirini,
1385 2001 1495 2019 comme
1508 1991 1566 2019 cela
1579 1994 1647 2019 avait
1660 1994 1706 2019 été
1720 1994 1809 2027 prévu.
1824 1991 1837 2018 Il
1853 1991 1972 2027 rappelle
1985 1994 1999 2019 à
2013 1994 2131 2019 Missirini
2146 1991 2205 2027 qu’il
2219 1991 2279 2019 doit

310 2037 405 2064 l’aimer
416 2046 526 2064 comme
539 2037 570 2064 lui
585 2037 667 2064 l’aime
679 2046 683 2064 :
693 2047 708 2060 «
720 2037 857 2064 Ricordovi
872 2040 982 2064 insieme
995 2037 1099 2072 l’obligo
1111 2042 1204 2064 vostro
1216 2037 1240 2064 di
1253 2040 1368 2068 amarmi,
1380 2040 1436 2064 cosi
1448 2037 1618 2064 fortemente
1629 2046 1739 2064 comme
1752 2040 1778 2064 io
1789 2046 1853 2064 amo
1864 2040 1906 2064 voi
1919 2047 1952 2064 »...

211 2144 258 2168 PI5.
306 2143 518 2176 Jean-Baptiste
529 2144 703 2168 CARPEAUX
714 2141 868 2176 (1827-1875)
880 2141 1022 2177 sculpteur.
1035 2144 1119 2172 L.A.S.,
1130 2144 1157 2168 14
1167 2144 1267 2176 janvier
1277 2144 1341 2168 1866
1353 2151 1357 2173 ;
1368 2144 1376 2168 1
1390 2151 1458 2177 page
1471 2144 1532 2168 in-8.
2153 2143 2278 2169 150/200

343 2214 357 2226 «
365 2206 393 2235 Je
405 2206 479 2231 viens
491 2213 535 2231 me
547 2208 646 2231 mettre
658 2206 672 2231 à
683 2209 760 2231 votre
772 2203 935 2239 disposition
948 2213 1016 2239 pour
1028 2203 1134 2231 rétablir
1146 2203 1168 2231 la
1180 2203 1337 2231 charmante
1349 2208 1483 2231 statuette
1495 2203 1530 2231 du
1543 2206 1630 2231 Prince
1643 2203 1760 2239 Impérial
1773 2214 1807 2231 »...

344 2251 387 2276 On
397 2258 462 2279 joint
473 2258 525 2276 une
538 2251 615 2276 L.A.S.
627 2249 662 2276 du
674 2254 768 2276 comte
780 2249 815 2276 de
828 2252 929 2276 Bastard
940 2248 1053 2276 d’Estang
1065 2258 1096 2276 au
1110 2252 1223 2284 marquis
1235 2249 1270 2276 de
1283 2251 1468 2276 Dreux-Brézé.

224 2356 258 2380 16.
308 2353 535 2381 Charles-Simon
550 2356 647 2380 CATEL
661 2353 815 2388 (1773-1830)
829 2356 1021 2389 compositeur.
1037 2356 1121 2384 L.A.S.,
1135 2356 1167 2380 22
1180 2353 1266 2389 juillet
1278 2356 1352 2383 1808,
1366 2356 1381 2381 à
1396 2356 1582 2381 Louis-Benoît
1597 2356 1679 2380 Picard
1692 2363 1706 2376 «
1720 2353 1854 2381 directeur
1868 2353 1903 2380 de
1919 2353 2077 2381 l’Académie
2093 2353 2229 2389 impériale
2243 2353 2278 2380 de

309 2402 432 2434 musique
443 2409 457 2421 »
468 2408 471 2428 ;
483 2401 490 2425 1
505 2408 572 2434 page
585 2402 654 2434 petit
667 2401 727 2429 in-4,
739 2399 854 2426 adresse.
2147 2401 2278 2426 200/250

346 2461 359 2488 Il
373 2470 387 2488 a
399 2464 514 2488 terminé
528 2461 551 2488 la
564 2464 687 2496 musique
700 2461 749 2488 des
762 2461 918 2496 Bayadères,
930 2471 944 2483 «
957 2466 986 2488 et
997 2464 1022 2496 je
1036 2470 1103 2488 vous
1117 2464 1172 2496 prie
1185 2461 1220 2488 de
1233 2461 1338 2488 vouloir
1351 2461 1411 2488 bien
1425 2461 1531 2488 donner
1545 2461 1582 2488 les
1595 2461 1687 2488 ordres
1701 2464 1866 2488 nécessaires
1880 2470 1948 2496 pour
1960 2470 2013 2496 que
2027 2470 2069 2488 ma
2083 2464 2210 2496 partition
2224 2464 2278 2488 soit

308 2509 432 2542 envoyée
443 2509 457 2534 à
470 2506 491 2534 la
502 2509 590 2542 copie.
602 2509 741 2534 Monsieur
753 2506 776 2534 le
787 2506 978 2534 Surintendant
989 2506 1099 2542 m’ayant
1111 2506 1304 2534 recommandé
1315 2506 1350 2533 de
1361 2506 1425 2533 faire
1437 2511 1643 2542 promptement
1653 2511 1699 2533 cet
1709 2516 1833 2542 ouvrage,
1842 2506 1925 2542 j’aurai
1939 2506 2077 2533 l’honneur
2088 2506 2123 2533 de
2136 2506 2278 2534 l’informer

308 2561 361 2587 que
370 2552 406 2587 j’ai
419 2552 510 2587 rempli
522 2561 565 2579 ses
577 2554 724 2579 intentions
734 2552 767 2587 »...
778 2552 828 2587 [Les
837 2554 969 2583 Bayadères,
980 2555 1064 2587 opéra
1074 2561 1116 2579 sur
1127 2561 1160 2579 un
1173 2552 1247 2579 livret
1257 2552 1292 2579 de
1299 2555 1370 2587 Jouy,
1380 2551 1422 2579 fut
1432 2554 1495 2579 créé
1505 2552 1519 2579 à
1531 2552 1636 2587 l’Opéra
1648 2552 1671 2579 le
1682 2554 1698 2579 8
1708 2554 1775 2579 août
1784 2554 1843 2579 1810
1854 2561 1858 2583 ;
1868 2557 1945 2579 cette
1954 2552 2162 2587 tragi-comédie
2173 2554 2187 2587 à
2197 2552 2277 2587 grand

308 2597 449 2633 spectacle
460 2597 503 2624 fut
514 2607 547 2624 un
560 2597 609 2624 des
622 2597 680 2633 plus
691 2597 786 2633 grands
798 2600 894 2624 succès
907 2597 1020 2633 lyriques
1031 2597 1067 2624 de
1080 2597 1213 2633 l’Empire.]

1141 2770 1160 2789 *
1186 2770 1205 2789 *
1230 2770 1250 2789 *
1275 2770 1294 2789 *
1320 2770 1339 2789 *

136 3079 152 3103 4
