<?xml version="1.0" encoding="UTF-8" standalone="yes"?>
<PcGts xmlns="http://schema.primaresearch.org/PAGE/gts/pagecontent/2013-07-15" xmlns:xsi="http://www.w3.org/2001/XMLSchema-instance" xsi:schemaLocation="http://schema.primaresearch.org/PAGE/gts/pagecontent/2013-07-15 http://schema.primaresearch.org/PAGE/gts/pagecontent/2013-07-15/pagecontent.xsd">
    <Metadata>
        <Creator>Transkribus</Creator>
        <Created>2020-01-07T13:49:49.777+01:00</Created>
        <LastChange>2020-03-29T00:53:47.732+01:00</LastChange>
        <Comments>
                Measurement unit: pixel
                PrimaryLanguage: English
                Language: FrenchStandard
                Producer: Transkribus
            </Comments>
        <TranskribusMetadata docId="304353" pageId="12089778" pageNr="16" tsid="26607693" status="DONE" userId="10612" imgUrl="https://files.transkribus.eu/Get?id=GYNWQWPGJHYDKRCBTZFHEUUX&amp;fileType=view" xmlUrl="https://files.transkribus.eu/Get?id=IVSDBAIOPSXXOVCJESSWQVLW" imageId="8432870"/>
    </Metadata>
    <Page imageFilename="2009_12_04_bodin-0016.jpg" imageWidth="2480" imageHeight="3188">
        <PrintSpace>
            <Coords points="124,469 2285,469 2285,3109 124,3109"/>
        </PrintSpace>
        <ReadingOrder>
            <OrderedGroup id="ro_1604141544754" caption="Regions reading order">
                <RegionRefIndexed index="0" regionRef="r_1_1"/>
                <RegionRefIndexed index="1" regionRef="r_2_1"/>
                <RegionRefIndexed index="2" regionRef="r_2_2"/>
                <RegionRefIndexed index="3" regionRef="r_2_3"/>
                <RegionRefIndexed index="4" regionRef="r_2_4"/>
                <RegionRefIndexed index="5" regionRef="r_2_5"/>
                <RegionRefIndexed index="6" regionRef="r_2_6"/>
                <RegionRefIndexed index="7" regionRef="r_2_7"/>
                <RegionRefIndexed index="8" regionRef="r_2_8"/>
                <RegionRefIndexed index="9" regionRef="r_2_9"/>
                <RegionRefIndexed index="10" regionRef="r_2_10"/>
                <RegionRefIndexed index="11" regionRef="r_2_11"/>
                <RegionRefIndexed index="12" regionRef="r_2_12"/>
                <RegionRefIndexed index="13" regionRef="r_2_13"/>
                <RegionRefIndexed index="14" regionRef="r_3_1"/>
            </OrderedGroup>
        </ReadingOrder>
        <TextRegion type="paragraph" id="r_1_1" custom="readingOrder {index:0;}">
            <Coords points="2152,481 2279,481 2279,509 2152,509"/>
            <TextLine id="tl_1" primaryLanguage="English" custom="readingOrder {index:0;}">
                <Coords points="2153,482 2278,482 2278,508 2153,508"/>
                <Baseline points="2153,507 2278,508"/>
                <Word id="w_w2aab1b1b2b1b1ab1" language="English" custom="readingOrder {index:0;}">
                    <Coords points="2153,482 2278,482 2278,508 2153,508"/>
                    <TextEquiv>
                        <Unicode>150/200</Unicode>
                    </TextEquiv>
                    <TextStyle fontFamily="Arial" fontSize="7.5"/>
                </Word>
                <TextEquiv>
                    <Unicode>150/200</Unicode>
                </TextEquiv>
                <TextStyle fontFamily="Arial" fontSize="7.5"/>
            </TextLine>
            <TextEquiv>
                <Unicode>150/200</Unicode>
            </TextEquiv>
        </TextRegion>
        <TextRegion type="paragraph" id="r_2_1" custom="readingOrder {index:1;}">
            <Coords points="201,474 1831,474 1831,517 201,517"/>
            <TextLine id="tl_2" primaryLanguage="English" custom="readingOrder {index:0;}">
                <Coords points="202,475 1830,475 1830,516 202,516"/>
                <Baseline points="202,507 216,507 237,507 436,508 464,507 706,508 803,511 887,507 926,507 996,508 1091,511 1117,508 1162,508 1278,507 1338,512 1356,507 1439,508 1479,508 1581,508 1655,511 1830,508"/>
                <Word id="w_w2aab1b3b2b1b1ab1" language="English" custom="readingOrder {index:0;}">
                    <Coords points="202,480 216,480 216,507 202,507"/>
                    <TextEquiv>
                        <Unicode>f</Unicode>
                    </TextEquiv>
                    <TextStyle fontFamily="Arial" fontSize="8.5" italic="true"/>
                </Word>
                <Word id="w_w2aab1b3b2b1b1b1b3" language="English" custom="readingOrder {index:1;}">
                    <Coords points="222,475 263,475 263,508 222,508"/>
                    <TextEquiv>
                        <Unicode>70.</Unicode>
                    </TextEquiv>
                    <TextStyle fontFamily="Arial" fontSize="7.5"/>
                </Word>
                <Word id="w_w2aab1b3b2b1b1b2b1" language="English" custom="readingOrder {index:2;}">
                    <Coords points="309,475 436,475 436,508 309,508"/>
                    <TextEquiv>
                        <Unicode>Édouard</Unicode>
                    </TextEquiv>
                    <TextStyle fontFamily="Arial" fontSize="7.5" bold="true"/>
                </Word>
                <Word id="w_w2aab1b3b2b1b1b2c17" language="English" custom="readingOrder {index:3;}">
                    <Coords points="449,481 532,481 532,515 449,515"/>
                    <TextEquiv>
                        <Unicode>LALO</Unicode>
                    </TextEquiv>
                    <TextStyle fontFamily="Arial" fontSize="7.5" bold="true"/>
                </Word>
                <Word id="w_w2aab1b3b2b1b1b3b1" language="English" custom="readingOrder {index:4;}">
                    <Coords points="544,481 706,481 706,516 544,516"/>
                    <TextEquiv>
                        <Unicode>(1823-1892).</Unicode>
                    </TextEquiv>
                    <TextStyle fontFamily="Arial" fontSize="7.5"/>
                </Word>
                <Word id="w_w2aab1b3b2b1b1b3c27" language="English" custom="readingOrder {index:5;}">
                    <Coords points="719,483 803,483 803,511 719,511"/>
                    <TextEquiv>
                        <Unicode>L.A.S.,</Unicode>
                    </TextEquiv>
                    <TextStyle fontFamily="Arial" fontSize="7.5"/>
                </Word>
                <Word id="w_w2aab1b3b2b1b1b3c43" language="English" custom="readingOrder {index:6;}">
                    <Coords points="817,480 887,480 887,508 817,508"/>
                    <TextEquiv>
                        <Unicode>lundi</Unicode>
                    </TextEquiv>
                    <TextStyle fontFamily="Arial" fontSize="7.5"/>
                </Word>
                <Word id="w_w2aab1b3b2b1b1b3c55" language="English" custom="readingOrder {index:7;}">
                    <Coords points="900,481 926,481 926,516 900,516"/>
                    <TextEquiv>
                        <Unicode>[7</Unicode>
                    </TextEquiv>
                    <TextStyle fontFamily="Arial" fontSize="7.5"/>
                </Word>
                <Word id="w_w2aab1b3b2b1b1b3c61" language="English" custom="readingOrder {index:8;}">
                    <Coords points="937,480 996,480 996,508 937,508"/>
                    <TextEquiv>
                        <Unicode>avril</Unicode>
                    </TextEquiv>
                    <TextStyle fontFamily="Arial" fontSize="7.5"/>
                </Word>
                <Word id="w_w2aab1b3b2b1b1b3c73" language="English" custom="readingOrder {index:9;}">
                    <Coords points="1008,481 1091,481 1091,515 1008,515"/>
                    <TextEquiv>
                        <Unicode>1890],</Unicode>
                    </TextEquiv>
                    <TextStyle fontFamily="Arial" fontSize="7.5"/>
                </Word>
                <Word id="w_w2aab1b3b2b1b1b3c87" language="English" custom="readingOrder {index:10;}">
                    <Coords points="1103,483 1117,483 1117,508 1103,508"/>
                    <TextEquiv>
                        <Unicode>à</Unicode>
                    </TextEquiv>
                    <TextStyle fontFamily="Arial" fontSize="7.5"/>
                </Word>
                <Word id="w_w2aab1b3b2b1b1b3c91" language="English" custom="readingOrder {index:11;}">
                    <Coords points="1130,476 1249,476 1249,508 1130,508"/>
                    <TextEquiv>
                        <Unicode>Édouard</Unicode>
                    </TextEquiv>
                    <TextStyle fontFamily="Arial" fontSize="7.5"/>
                </Word>
                <Word id="w_w2aab1b3b2b1b1b4b1" language="English" custom="readingOrder {index:12;}">
                    <Coords points="1263,483 1322,483 1322,512 1263,512"/>
                    <TextEquiv>
                        <Unicode>Blau</Unicode>
                    </TextEquiv>
                    <TextStyle fontFamily="Arial" fontSize="6.5"/>
                </Word>
                <Word id="w_w2aab1b3b2b1b1b5b1" language="English" custom="readingOrder {index:13;}">
                    <Coords points="1334,490 1338,490 1338,512 1334,512"/>
                    <TextEquiv>
                        <Unicode>;</Unicode>
                    </TextEquiv>
                    <TextStyle fontFamily="Arial" fontSize="7.5"/>
                </Word>
                <Word id="w_w2aab1b3b2b1b1b5b5" language="English" custom="readingOrder {index:14;}">
                    <Coords points="1349,483 1356,483 1356,507 1349,507"/>
                    <TextEquiv>
                        <Unicode>1</Unicode>
                    </TextEquiv>
                    <TextStyle fontFamily="Arial" fontSize="7.5"/>
                </Word>
                <Word id="w_w2aab1b3b2b1b1b5b9" language="English" custom="readingOrder {index:15;}">
                    <Coords points="1371,490 1439,490 1439,516 1371,516"/>
                    <TextEquiv>
                        <Unicode>page</Unicode>
                    </TextEquiv>
                    <TextStyle fontFamily="Arial" fontSize="7.5"/>
                </Word>
                <Word id="w_w2aab1b3b2b1b1b5c19" language="English" custom="readingOrder {index:16;}">
                    <Coords points="1450,486 1479,486 1479,508 1450,508"/>
                    <TextEquiv>
                        <Unicode>et</Unicode>
                    </TextEquiv>
                    <TextStyle fontFamily="Arial" fontSize="7.5"/>
                </Word>
                <Word id="w_w2aab1b3b2b1b1b5c25" language="English" custom="readingOrder {index:17;}">
                    <Coords points="1490,480 1581,480 1581,508 1490,508"/>
                    <TextEquiv>
                        <Unicode>demie</Unicode>
                    </TextEquiv>
                    <TextStyle fontFamily="Arial" fontSize="7.5"/>
                </Word>
                <Word id="w_w2aab1b3b2b1b1b5c37" language="English" custom="readingOrder {index:18;}">
                    <Coords points="1594,483 1655,483 1655,511 1594,511"/>
                    <TextEquiv>
                        <Unicode>in-8,</Unicode>
                    </TextEquiv>
                    <TextStyle fontFamily="Arial" fontSize="7.5"/>
                </Word>
                <Word id="w_w2aab1b3b2b1b1b5c49" language="English" custom="readingOrder {index:19;}">
                    <Coords points="1667,480 1830,480 1830,516 1667,516"/>
                    <TextEquiv>
                        <Unicode>enveloppe.</Unicode>
                    </TextEquiv>
                    <TextStyle fontFamily="Arial" fontSize="7.5"/>
                </Word>
                <TextEquiv>
                    <Unicode>f 70. Édouard LALO (1823-1892). L.A.S., lundi [7 avril 1890], à Édouard BLAU ; 1 page et demie in-8, enveloppe.</Unicode>
                </TextEquiv>
            </TextLine>
            <TextEquiv>
                <Unicode>f 70. Édouard LALO (1823-1892). L.A.S., lundi [7 avril 1890], à Édouard BLAU ; 1 page et demie in-8, enveloppe.</Unicode>
            </TextEquiv>
        </TextRegion>
        <TextRegion type="paragraph" id="r_2_2" custom="readingOrder {index:2;}">
            <Coords points="307,536 2280,536 2280,849 307,849"/>
            <TextLine id="tl_3" primaryLanguage="English" custom="readingOrder {index:0;}">
                <Coords points="344,537 2278,537 2278,578 344,578"/>
                <Baseline points="344,569 364,569 462,569 488,569 541,569 653,569 755,569 802,569 977,569 1042,569 1080,569 1206,569 1280,569 1327,569 1385,569 1480,569 1543,573 1634,569 1695,569 1799,573 1854,569 1968,569 2027,569 2134,569 2278,572"/>
                <Word id="w_w2aab1b3b4b1b1ab1" language="English" custom="readingOrder {index:0;}">
                    <Coords points="344,537 364,537 364,569 344,569"/>
                    <TextEquiv>
                        <Unicode>À</Unicode>
                    </TextEquiv>
                    <TextStyle fontFamily="Arial" fontSize="6.0"/>
                </Word>
                <Word id="w_w2aab1b3b4b1b1ab5" language="English" custom="readingOrder {index:1;}">
                    <Coords points="376,552 462,552 462,569 376,569"/>
                    <TextEquiv>
                        <Unicode>propos</Unicode>
                    </TextEquiv>
                    <TextStyle fontFamily="Arial" fontSize="6.0"/>
                </Word>
                <Word id="w_w2aab1b3b4b1b1ac19" language="English" custom="readingOrder {index:2;}">
                    <Coords points="474,545 501,545 501,569 474,569"/>
                    <TextEquiv>
                        <Unicode>de</Unicode>
                    </TextEquiv>
                    <TextStyle fontFamily="Arial" fontSize="6.0"/>
                </Word>
                <Word id="w_w2aab1b3b4b1b1b1b1" language="English" custom="readingOrder {index:3;}">
                    <Coords points="511,545 541,545 541,569 511,569"/>
                    <TextEquiv>
                        <Unicode>La</Unicode>
                    </TextEquiv>
                    <TextStyle fontFamily="Arial" fontSize="6.0" italic="true"/>
                </Word>
                <Word id="w_w2aab1b3b4b1b1b1b7" language="English" custom="readingOrder {index:4;}">
                    <Coords points="548,545 673,545 673,574 548,574"/>
                    <TextEquiv>
                        <Unicode>Jacquerie</Unicode>
                    </TextEquiv>
                    <TextStyle fontFamily="Arial" fontSize="6.0" italic="true"/>
                </Word>
                <Word id="w_w2aab1b3b4b1b1b3b1" language="English" custom="readingOrder {index:5;}">
                    <Coords points="684,542 755,542 755,577 684,577"/>
                    <TextEquiv>
                        <Unicode>[Lalo</Unicode>
                    </TextEquiv>
                    <TextStyle fontFamily="Arial" fontSize="8.0"/>
                </Word>
                <Word id="w_w2aab1b3b4b1b1b3c13" language="English" custom="readingOrder {index:6;}">
                    <Coords points="768,551 802,551 802,569 768,569"/>
                    <TextEquiv>
                        <Unicode>ne</Unicode>
                    </TextEquiv>
                    <TextStyle fontFamily="Arial" fontSize="8.0"/>
                </Word>
                <Word id="w_w2aab1b3b4b1b1b3c19" language="English" custom="readingOrder {index:7;}">
                    <Coords points="814,551 977,551 977,578 814,578"/>
                    <TextEquiv>
                        <Unicode>composera</Unicode>
                    </TextEquiv>
                    <TextStyle fontFamily="Arial" fontSize="8.0"/>
                </Word>
                <Word id="w_w2aab1b3b4b1b1b3c39" language="English" custom="readingOrder {index:8;}">
                    <Coords points="989,551 1042,551 1042,578 989,578"/>
                    <TextEquiv>
                        <Unicode>que</Unicode>
                    </TextEquiv>
                    <TextStyle fontFamily="Arial" fontSize="8.0"/>
                </Word>
                <Word id="w_w2aab1b3b4b1b1b3c47" language="English" custom="readingOrder {index:9;}">
                    <Coords points="1056,542 1080,542 1080,569 1056,569"/>
                    <TextEquiv>
                        <Unicode>le</Unicode>
                    </TextEquiv>
                    <TextStyle fontFamily="Arial" fontSize="8.0"/>
                </Word>
                <Word id="w_w2aab1b3b4b1b1b3c53" language="English" custom="readingOrder {index:10;}">
                    <Coords points="1093,545 1206,545 1206,578 1093,578"/>
                    <TextEquiv>
                        <Unicode>premier</Unicode>
                    </TextEquiv>
                    <TextStyle fontFamily="Arial" fontSize="8.0"/>
                </Word>
                <Word id="w_w2aab1b3b4b1b1b3c69" language="English" custom="readingOrder {index:11;}">
                    <Coords points="1218,547 1280,547 1280,569 1218,569"/>
                    <TextEquiv>
                        <Unicode>acte</Unicode>
                    </TextEquiv>
                    <TextStyle fontFamily="Arial" fontSize="8.0"/>
                </Word>
                <Word id="w_w2aab1b3b4b1b1b3c79" language="English" custom="readingOrder {index:12;}">
                    <Coords points="1292,542 1327,542 1327,569 1292,569"/>
                    <TextEquiv>
                        <Unicode>de</Unicode>
                    </TextEquiv>
                    <TextStyle fontFamily="Arial" fontSize="8.0"/>
                </Word>
                <Word id="w_w2aab1b3b4b1b1b3c85" language="English" custom="readingOrder {index:13;}">
                    <Coords points="1340,547 1385,547 1385,569 1340,569"/>
                    <TextEquiv>
                        <Unicode>cet</Unicode>
                    </TextEquiv>
                    <TextStyle fontFamily="Arial" fontSize="8.0"/>
                </Word>
                <Word id="w_w2aab1b3b4b1b1b3c93" language="English" custom="readingOrder {index:14;}">
                    <Coords points="1397,545 1480,545 1480,578 1397,578"/>
                    <TextEquiv>
                        <Unicode>opéra</Unicode>
                    </TextEquiv>
                    <TextStyle fontFamily="Arial" fontSize="8.0"/>
                </Word>
                <Word id="w_w2aab1b3b4b1b1b3d105" language="English" custom="readingOrder {index:15;}">
                    <Coords points="1493,545 1543,545 1543,578 1493,578"/>
                    <TextEquiv>
                        <Unicode>qui,</Unicode>
                    </TextEquiv>
                    <TextStyle fontFamily="Arial" fontSize="8.0"/>
                </Word>
                <Word id="w_w2aab1b3b4b1b1b3d115" language="English" custom="readingOrder {index:16;}">
                    <Coords points="1556,545 1634,545 1634,578 1556,578"/>
                    <TextEquiv>
                        <Unicode>après</Unicode>
                    </TextEquiv>
                    <TextStyle fontFamily="Arial" fontSize="8.0"/>
                </Word>
                <Word id="w_w2aab1b3b4b1b1b3d127" language="English" custom="readingOrder {index:17;}">
                    <Coords points="1646,551 1695,551 1695,569 1646,569"/>
                    <TextEquiv>
                        <Unicode>son</Unicode>
                    </TextEquiv>
                    <TextStyle fontFamily="Arial" fontSize="8.0"/>
                </Word>
                <Word id="w_w2aab1b3b4b1b1b3d135" language="English" custom="readingOrder {index:18;}">
                    <Coords points="1708,542 1799,542 1799,573 1708,573"/>
                    <TextEquiv>
                        <Unicode>décès,</Unicode>
                    </TextEquiv>
                    <TextStyle fontFamily="Arial" fontSize="8.0"/>
                </Word>
                <Word id="w_w2aab1b3b4b1b1b3d149" language="English" custom="readingOrder {index:19;}">
                    <Coords points="1812,542 1854,542 1854,569 1812,569"/>
                    <TextEquiv>
                        <Unicode>fut</Unicode>
                    </TextEquiv>
                    <TextStyle fontFamily="Arial" fontSize="8.0"/>
                </Word>
                <Word id="w_w2aab1b3b4b1b1b3d157" language="English" custom="readingOrder {index:20;}">
                    <Coords points="1865,542 1968,542 1968,569 1865,569"/>
                    <TextEquiv>
                        <Unicode>achevé</Unicode>
                    </TextEquiv>
                    <TextStyle fontFamily="Arial" fontSize="8.0"/>
                </Word>
                <Word id="w_w2aab1b3b4b1b1b3d171" language="English" custom="readingOrder {index:21;}">
                    <Coords points="1982,551 2027,551 2027,578 1982,578"/>
                    <TextEquiv>
                        <Unicode>par</Unicode>
                    </TextEquiv>
                    <TextStyle fontFamily="Arial" fontSize="8.0"/>
                </Word>
                <Word id="w_w2aab1b3b4b1b1b3d179" language="English" custom="readingOrder {index:22;}">
                    <Coords points="2039,542 2134,542 2134,569 2039,569"/>
                    <TextEquiv>
                        <Unicode>Arthur</Unicode>
                    </TextEquiv>
                    <TextStyle fontFamily="Arial" fontSize="8.0"/>
                </Word>
                <Word id="w_w2aab1b3b4b1b1b3d193" language="English" custom="readingOrder {index:23;}">
                    <Coords points="2146,542 2278,542 2278,577 2146,577"/>
                    <TextEquiv>
                        <Unicode>Coquard,</Unicode>
                    </TextEquiv>
                    <TextStyle fontFamily="Arial" fontSize="8.0"/>
                </Word>
                <TextEquiv>
                    <Unicode>À PROPOS DE LA JACQUERIE [Lalo ne composera que le premier acte de cet opéra qui, après son décès, fut achevé par Arthur Coquard,</Unicode>
                </TextEquiv>
            </TextLine>
            <TextLine id="tl_4" primaryLanguage="English" custom="readingOrder {index:1;}">
                <Coords points="309,587 2279,587 2279,623 309,623"/>
                <Baseline points="309,614 338,614 413,614 451,614 479,614 561,614 635,614 662,614 774,614 882,614 956,614 1124,614 1180,614 1231,614 1380,614 1443,614 1583,614 1610,614 1679,614 1806,614 1832,609 1915,614 2033,614 2183,614 2231,614 2279,614"/>
                <Word id="w_w2aab1b3b4b1b3ab1" language="English" custom="readingOrder {index:0;}">
                    <Coords points="309,592 338,592 338,614 309,614"/>
                    <TextEquiv>
                        <Unicode>et</Unicode>
                    </TextEquiv>
                    <TextStyle fontFamily="Arial" fontSize="8.0"/>
                </Word>
                <Word id="w_w2aab1b3b4b1b3ab7" language="English" custom="readingOrder {index:1;}">
                    <Coords points="350,590 413,590 413,614 350,614"/>
                    <TextEquiv>
                        <Unicode>créé</Unicode>
                    </TextEquiv>
                    <TextStyle fontFamily="Arial" fontSize="8.0"/>
                </Word>
                <Word id="w_w2aab1b3b4b1b3ac17" language="English" custom="readingOrder {index:2;}">
                    <Coords points="427,587 451,587 451,614 427,614"/>
                    <TextEquiv>
                        <Unicode>le</Unicode>
                    </TextEquiv>
                    <TextStyle fontFamily="Arial" fontSize="8.0"/>
                </Word>
                <Word id="w_w2aab1b3b4b1b3ac23" language="English" custom="readingOrder {index:3;}">
                    <Coords points="464,589 479,589 479,614 464,614"/>
                    <TextEquiv>
                        <Unicode>9</Unicode>
                    </TextEquiv>
                    <TextStyle fontFamily="Arial" fontSize="8.0"/>
                </Word>
                <Word id="w_w2aab1b3b4b1b3ac27" language="English" custom="readingOrder {index:4;}">
                    <Coords points="493,596 561,596 561,614 493,614"/>
                    <TextEquiv>
                        <Unicode>mars</Unicode>
                    </TextEquiv>
                    <TextStyle fontFamily="Arial" fontSize="8.0"/>
                </Word>
                <Word id="w_w2aab1b3b4b1b3ac37" language="English" custom="readingOrder {index:5;}">
                    <Coords points="573,589 635,589 635,614 573,614"/>
                    <TextEquiv>
                        <Unicode>1895</Unicode>
                    </TextEquiv>
                    <TextStyle fontFamily="Arial" fontSize="8.0"/>
                </Word>
                <Word id="w_w2aab1b3b4b1b3ac47" language="English" custom="readingOrder {index:6;}">
                    <Coords points="649,590 662,590 662,614 649,614"/>
                    <TextEquiv>
                        <Unicode>à</Unicode>
                    </TextEquiv>
                    <TextStyle fontFamily="Arial" fontSize="8.0"/>
                </Word>
                <Word id="w_w2aab1b3b4b1b3ac51" language="English" custom="readingOrder {index:7;}">
                    <Coords points="676,590 774,590 774,614 676,614"/>
                    <TextEquiv>
                        <Unicode>Monte</Unicode>
                    </TextEquiv>
                    <TextStyle fontFamily="Arial" fontSize="8.0"/>
                </Word>
                <Word id="w_w2aab1b3b4b1b3ac63" language="English" custom="readingOrder {index:8;}">
                    <Coords points="787,587 882,587 882,622 787,622"/>
                    <TextEquiv>
                        <Unicode>Carlo],</Unicode>
                    </TextEquiv>
                    <TextStyle fontFamily="Arial" fontSize="8.0"/>
                </Word>
                <Word id="w_w2aab1b3b4b1b3ac79" language="English" custom="readingOrder {index:9;}">
                    <Coords points="897,587 956,587 956,614 897,614"/>
                    <TextEquiv>
                        <Unicode>Lalo</Unicode>
                    </TextEquiv>
                    <TextStyle fontFamily="Arial" fontSize="8.0"/>
                </Word>
                <Word id="w_w2aab1b3b4b1b3ac89" language="English" custom="readingOrder {index:10;}">
                    <Coords points="969,587 1124,587 1124,623 969,623"/>
                    <TextEquiv>
                        <Unicode>s’interroge</Unicode>
                    </TextEquiv>
                    <TextStyle fontFamily="Arial" fontSize="8.0"/>
                </Word>
                <Word id="w_w2aab1b3b4b1b3ad113" language="English" custom="readingOrder {index:11;}">
                    <Coords points="1137,596 1180,596 1180,614 1137,614"/>
                    <TextEquiv>
                        <Unicode>sur</Unicode>
                    </TextEquiv>
                    <TextStyle fontFamily="Arial" fontSize="8.0"/>
                </Word>
                <Word id="w_w2aab1b3b4b1b3ad121" language="English" custom="readingOrder {index:12;}">
                    <Coords points="1193,587 1231,587 1231,614 1193,614"/>
                    <TextEquiv>
                        <Unicode>les</Unicode>
                    </TextEquiv>
                    <TextStyle fontFamily="Arial" fontSize="8.0"/>
                </Word>
                <Word id="w_w2aab1b3b4b1b3ad129" language="English" custom="readingOrder {index:13;}">
                    <Coords points="1245,592 1380,592 1380,614 1245,614"/>
                    <TextEquiv>
                        <Unicode>racontars</Unicode>
                    </TextEquiv>
                    <TextStyle fontFamily="Arial" fontSize="8.0"/>
                </Word>
                <Word id="w_w2aab1b3b4b1b3ad149" language="English" custom="readingOrder {index:14;}">
                    <Coords points="1393,587 1443,587 1443,614 1393,614"/>
                    <TextEquiv>
                        <Unicode>des</Unicode>
                    </TextEquiv>
                    <TextStyle fontFamily="Arial" fontSize="8.0"/>
                </Word>
                <Word id="w_w2aab1b3b4b1b3ad157" language="English" custom="readingOrder {index:15;}">
                    <Coords points="1454,590 1583,590 1583,622 1454,622"/>
                    <TextEquiv>
                        <Unicode>journaux</Unicode>
                    </TextEquiv>
                    <TextStyle fontFamily="Arial" fontSize="8.0"/>
                </Word>
                <Word id="w_w2aab1b3b4b1b3ad175" language="English" custom="readingOrder {index:16;}">
                    <Coords points="1596,590 1610,590 1610,614 1596,614"/>
                    <TextEquiv>
                        <Unicode>à</Unicode>
                    </TextEquiv>
                    <TextStyle fontFamily="Arial" fontSize="8.0"/>
                </Word>
                <Word id="w_w2aab1b3b4b1b3ad179" language="English" custom="readingOrder {index:17;}">
                    <Coords points="1625,587 1679,587 1679,614 1625,614"/>
                    <TextEquiv>
                        <Unicode>leur</Unicode>
                    </TextEquiv>
                    <TextStyle fontFamily="Arial" fontSize="8.0"/>
                </Word>
                <Word id="w_w2aab1b3b4b1b3ad189" language="English" custom="readingOrder {index:18;}">
                    <Coords points="1692,587 1806,587 1806,614 1692,614"/>
                    <TextEquiv>
                        <Unicode>endroit.</Unicode>
                    </TextEquiv>
                    <TextStyle fontFamily="Arial" fontSize="8.0"/>
                </Word>
                <Word id="w_w2aab1b3b4b1b3ad207" language="English" custom="readingOrder {index:19;}">
                    <Coords points="1818,597 1832,597 1832,609 1818,609"/>
                    <TextEquiv>
                        <Unicode>«</Unicode>
                    </TextEquiv>
                    <TextStyle fontFamily="Arial" fontSize="8.0"/>
                </Word>
                <Word id="w_w2aab1b3b4b1b3ad211" language="English" custom="readingOrder {index:20;}">
                    <Coords points="1845,590 1915,590 1915,614 1845,614"/>
                    <TextEquiv>
                        <Unicode>Vous</Unicode>
                    </TextEquiv>
                    <TextStyle fontFamily="Arial" fontSize="8.0"/>
                </Word>
                <Word id="w_w2aab1b3b4b1b3ad221" language="English" custom="readingOrder {index:21;}">
                    <Coords points="1929,587 2033,587 2033,614 1929,614"/>
                    <TextEquiv>
                        <Unicode>m’aviez</Unicode>
                    </TextEquiv>
                    <TextStyle fontFamily="Arial" fontSize="8.0"/>
                </Word>
                <Word id="w_w2aab1b3b4b1b3ad237" language="English" custom="readingOrder {index:22;}">
                    <Coords points="2046,587 2183,587 2183,614 2046,614"/>
                    <TextEquiv>
                        <Unicode>demandé</Unicode>
                    </TextEquiv>
                    <TextStyle fontFamily="Arial" fontSize="8.0"/>
                </Word>
                <Word id="w_w2aab1b3b4b1b3ad253" language="English" custom="readingOrder {index:23;}">
                    <Coords points="2196,587 2231,587 2231,614 2196,614"/>
                    <TextEquiv>
                        <Unicode>de</Unicode>
                    </TextEquiv>
                    <TextStyle fontFamily="Arial" fontSize="8.0"/>
                </Word>
                <Word id="w_w2aab1b3b4b1b3ad259" language="English" custom="readingOrder {index:24;}">
                    <Coords points="2245,596 2279,596 2279,614 2245,614"/>
                    <TextEquiv>
                        <Unicode>ne</Unicode>
                    </TextEquiv>
                    <TextStyle fontFamily="Arial" fontSize="8.0"/>
                </Word>
                <TextEquiv>
                    <Unicode>et créé le 9 mars 1895 à Monte Carlo], Lalo s’interroge sur les racontars des journaux à leur endroit. « Vous m’aviez demandé de ne</Unicode>
                </TextEquiv>
                <TextStyle fontFamily="Arial" fontSize="8.0"/>
            </TextLine>
            <TextLine id="tl_5" primaryLanguage="English" custom="readingOrder {index:2;}">
                <Coords points="310,632 2279,632 2279,668 310,668"/>
                <Baseline points="310,668 363,659 421,659 570,659 618,659 646,659 730,663 905,659 1000,659 1187,659 1235,659 1324,659 1396,662 1535,659 1606,659 1635,659 1700,659 1843,659 1942,659 1972,659 2142,659 2279,659"/>
                <Word id="w_w2aab1b3b4b1b5ab1" language="English" custom="readingOrder {index:0;}">
                    <Coords points="310,632 395,632 395,668 310,668"/>
                    <TextEquiv>
                        <Unicode>parler</Unicode>
                    </TextEquiv>
                    <TextStyle fontFamily="Arial" fontSize="8.0"/>
                </Word>
                <Word id="w_w2aab1b3b4b1b5b1b1" language="English" custom="readingOrder {index:1;}">
                    <Coords points="407,635 421,635 421,668 407,668"/>
                    <TextEquiv>
                        <Unicode>à</Unicode>
                    </TextEquiv>
                    <TextStyle fontFamily="Arial" fontSize="6.0"/>
                </Word>
                <Word id="w_w2aab1b3b4b1b5b2b1" language="English" custom="readingOrder {index:2;}">
                    <Coords points="434,641 570,641 570,668 434,668"/>
                    <TextEquiv>
                        <Unicode>personne</Unicode>
                    </TextEquiv>
                    <TextStyle fontFamily="Arial" fontSize="8.0"/>
                </Word>
                <Word id="w_w2aab1b3b4b1b5b2c19" language="English" custom="readingOrder {index:3;}">
                    <Coords points="583,632 618,632 618,659 583,659"/>
                    <TextEquiv>
                        <Unicode>de</Unicode>
                    </TextEquiv>
                    <TextStyle fontFamily="Arial" fontSize="8.0"/>
                </Word>
                <Word id="w_w2aab1b3b4b1b5b2c25" language="English" custom="readingOrder {index:4;}">
                    <Coords points="632,635 710,635 710,663 632,663"/>
                    <TextEquiv>
                        <Unicode>notre</Unicode>
                    </TextEquiv>
                    <TextStyle fontFamily="Arial" fontSize="8.0"/>
                </Word>
                <Word id="w_w2aab1b3b4b1b5b3b1" language="English" custom="readingOrder {index:5;}">
                    <Coords points="717,635 863,635 863,668 717,668"/>
                    <TextEquiv>
                        <Unicode>Jacquerie,</Unicode>
                    </TextEquiv>
                    <TextStyle fontFamily="Arial" fontSize="8.0" italic="true"/>
                </Word>
                <Word id="w_w2aab1b3b4b1b5b4b3" language="English" custom="readingOrder {index:6;}">
                    <Coords points="875,638 905,638 905,659 875,659"/>
                    <TextEquiv>
                        <Unicode>et</Unicode>
                    </TextEquiv>
                    <TextStyle fontFamily="Arial" fontSize="8.0"/>
                </Word>
                <Word id="w_w2aab1b3b4b1b5b4b9" language="English" custom="readingOrder {index:7;}">
                    <Coords points="915,632 1000,632 1000,667 915,667"/>
                    <TextEquiv>
                        <Unicode>j'étais</Unicode>
                    </TextEquiv>
                    <TextStyle fontFamily="Arial" fontSize="8.0"/>
                </Word>
                <Word id="w_w2aab1b3b4b1b5b4c25" language="English" custom="readingOrder {index:8;}">
                    <Coords points="1013,632 1187,632 1187,659 1013,659"/>
                    <TextEquiv>
                        <Unicode>absolument</Unicode>
                    </TextEquiv>
                    <TextStyle fontFamily="Arial" fontSize="8.0"/>
                </Word>
                <Word id="w_w2aab1b3b4b1b5b4c47" language="English" custom="readingOrder {index:9;}">
                    <Coords points="1199,632 1235,632 1235,659 1199,659"/>
                    <TextEquiv>
                        <Unicode>de</Unicode>
                    </TextEquiv>
                    <TextStyle fontFamily="Arial" fontSize="8.0"/>
                </Word>
                <Word id="w_w2aab1b3b4b1b5b4c53" language="English" custom="readingOrder {index:10;}">
                    <Coords points="1247,637 1324,637 1324,659 1247,659"/>
                    <TextEquiv>
                        <Unicode>votre</Unicode>
                    </TextEquiv>
                    <TextStyle fontFamily="Arial" fontSize="8.0"/>
                </Word>
                <Word id="w_w2aab1b3b4b1b5b4c65" language="English" custom="readingOrder {index:11;}">
                    <Coords points="1337,635 1396,635 1396,662 1337,662"/>
                    <TextEquiv>
                        <Unicode>avis,</Unicode>
                    </TextEquiv>
                    <TextStyle fontFamily="Arial" fontSize="8.0"/>
                </Word>
                <Word id="w_w2aab1b3b4b1b5b4c77" language="English" custom="readingOrder {index:12;}">
                    <Coords points="1408,637 1535,637 1535,659 1408,659"/>
                    <TextEquiv>
                        <Unicode>trouvant</Unicode>
                    </TextEquiv>
                    <TextStyle fontFamily="Arial" fontSize="8.0"/>
                </Word>
                <Word id="w_w2aab1b3b4b1b5b4c95" language="English" custom="readingOrder {index:13;}">
                    <Coords points="1547,632 1606,632 1606,668 1547,668"/>
                    <TextEquiv>
                        <Unicode>qu’il</Unicode>
                    </TextEquiv>
                    <TextStyle fontFamily="Arial" fontSize="8.0"/>
                </Word>
                <Word id="w_w2aab1b3b4b1b5b4d107" language="English" custom="readingOrder {index:14;}">
                    <Coords points="1620,637 1663,637 1663,659 1620,659"/>
                    <TextEquiv>
                        <Unicode>est</Unicode>
                    </TextEquiv>
                    <TextStyle fontFamily="Arial" fontSize="8.0"/>
                </Word>
                <Word id="w_w2aab1b3b4b1b5b5b1" language="English" custom="readingOrder {index:15;}">
                    <Coords points="1674,635 1795,635 1795,659 1674,659"/>
                    <TextEquiv>
                        <Unicode>mauvais</Unicode>
                    </TextEquiv>
                    <TextStyle fontFamily="Arial" fontSize="8.0" italic="true"/>
                </Word>
                <Word id="w_w2aab1b3b4b1b5b6b3" language="English" custom="readingOrder {index:16;}">
                    <Coords points="1808,632 1843,632 1843,659 1808,659"/>
                    <TextEquiv>
                        <Unicode>de</Unicode>
                    </TextEquiv>
                    <TextStyle fontFamily="Arial" fontSize="8.0"/>
                </Word>
                <Word id="w_w2aab1b3b4b1b5b6b9" language="English" custom="readingOrder {index:17;}">
                    <Coords points="1857,632 1942,632 1942,668 1857,668"/>
                    <TextEquiv>
                        <Unicode>parler</Unicode>
                    </TextEquiv>
                    <TextStyle fontFamily="Arial" fontSize="8.0"/>
                </Word>
                <Word id="w_w2aab1b3b4b1b5b6c23" language="English" custom="readingOrder {index:18;}">
                    <Coords points="1954,635 1972,635 1972,659 1954,659"/>
                    <TextEquiv>
                        <Unicode>si</Unicode>
                    </TextEquiv>
                    <TextStyle fontFamily="Arial" fontSize="8.0"/>
                </Word>
                <Word id="w_w2aab1b3b4b1b5b6c29" language="English" custom="readingOrder {index:19;}">
                    <Coords points="1988,632 2142,632 2142,668 1988,668"/>
                    <TextEquiv>
                        <Unicode>longtemps</Unicode>
                    </TextEquiv>
                    <TextStyle fontFamily="Arial" fontSize="8.0"/>
                </Word>
                <Word id="w_w2aab1b3b4b1b5b6c49" language="English" custom="readingOrder {index:20;}">
                    <Coords points="2155,632 2279,632 2279,659 2155,659"/>
                    <TextEquiv>
                        <Unicode>d’avance</Unicode>
                    </TextEquiv>
                    <TextStyle fontFamily="Arial" fontSize="8.0"/>
                </Word>
                <TextEquiv>
                    <Unicode>parler à personne de notre Jacquerie, et j'étais absolument de votre avis, trouvant qu’il est mauvais de parler si longtemps d’avance</Unicode>
                </TextEquiv>
            </TextLine>
            <TextLine id="tl_6" primaryLanguage="English" custom="readingOrder {index:3;}">
                <Coords points="309,677 2277,677 2277,713 309,713"/>
                <Baseline points="309,704 369,704 462,704 522,704 614,704 795,704 832,704 887,704 973,704 1037,704 1089,704 1113,704 1134,704 1254,708 1398,704 1474,704 1563,704 1741,704 1795,704 1921,708 1967,704 2143,704 2277,704"/>
                <Word id="w_w2aab1b3b4b1b7ab1" language="English" custom="readingOrder {index:0;}">
                    <Coords points="309,677 369,677 369,704 309,704"/>
                    <TextEquiv>
                        <Unicode>d’un</Unicode>
                    </TextEquiv>
                    <TextStyle fontFamily="Arial" fontSize="8.0"/>
                </Word>
                <Word id="w_w2aab1b3b4b1b7ac11" language="English" custom="readingOrder {index:1;}">
                    <Coords points="380,680 497,680 497,713 380,713"/>
                    <TextEquiv>
                        <Unicode>ouvrage</Unicode>
                    </TextEquiv>
                    <TextStyle fontFamily="Arial" fontSize="8.0"/>
                </Word>
                <Word id="w_w2aab1b3b4b1b7b1b1" language="English" custom="readingOrder {index:2;}">
                    <Coords points="508,680 522,680 522,713 508,713"/>
                    <TextEquiv>
                        <Unicode>à</Unicode>
                    </TextEquiv>
                    <TextStyle fontFamily="Arial" fontSize="6.0"/>
                </Word>
                <Word id="w_w2aab1b3b4b1b7b2b1" language="English" custom="readingOrder {index:3;}">
                    <Coords points="534,680 614,680 614,713 534,713"/>
                    <TextEquiv>
                        <Unicode>peine</Unicode>
                    </TextEquiv>
                    <TextStyle fontFamily="Arial" fontSize="8.0"/>
                </Word>
                <Word id="w_w2aab1b3b4b1b7b2c13" language="English" custom="readingOrder {index:4;}">
                    <Coords points="625,680 795,680 795,704 625,704"/>
                    <TextEquiv>
                        <Unicode>commencé.</Unicode>
                    </TextEquiv>
                    <TextStyle fontFamily="Arial" fontSize="8.0"/>
                </Word>
                <Word id="w_w2aab1b3b4b1b7b2c33" language="English" custom="readingOrder {index:5;}">
                    <Coords points="804,680 832,680 832,708 804,708"/>
                    <TextEquiv>
                        <Unicode>Je</Unicode>
                    </TextEquiv>
                    <TextStyle fontFamily="Arial" fontSize="8.0"/>
                </Word>
                <Word id="w_w2aab1b3b4b1b7b2c39" language="English" custom="readingOrder {index:6;}">
                    <Coords points="843,677 887,677 887,704 843,704"/>
                    <TextEquiv>
                        <Unicode>n’ai</Unicode>
                    </TextEquiv>
                    <TextStyle fontFamily="Arial" fontSize="8.0"/>
                </Word>
                <Word id="w_w2aab1b3b4b1b7b2c49" language="English" custom="readingOrder {index:7;}">
                    <Coords points="899,677 973,677 973,704 899,704"/>
                    <TextEquiv>
                        <Unicode>donc</Unicode>
                    </TextEquiv>
                    <TextStyle fontFamily="Arial" fontSize="8.0"/>
                </Word>
                <Word id="w_w2aab1b3b4b1b7b2c59" language="English" custom="readingOrder {index:8;}">
                    <Coords points="985,680 1037,680 1037,704 985,704"/>
                    <TextEquiv>
                        <Unicode>rien</Unicode>
                    </TextEquiv>
                    <TextStyle fontFamily="Arial" fontSize="8.0"/>
                </Word>
                <Word id="w_w2aab1b3b4b1b7b2c69" language="English" custom="readingOrder {index:9;}">
                    <Coords points="1049,677 1089,677 1089,704 1049,704"/>
                    <TextEquiv>
                        <Unicode>dit</Unicode>
                    </TextEquiv>
                    <TextStyle fontFamily="Arial" fontSize="8.0"/>
                </Word>
                <Word id="w_w2aab1b3b4b1b7b2c77" language="English" custom="readingOrder {index:10;}">
                    <Coords points="1099,680 1113,680 1113,704 1099,704"/>
                    <TextEquiv>
                        <Unicode>à</Unicode>
                    </TextEquiv>
                    <TextStyle fontFamily="Arial" fontSize="8.0"/>
                </Word>
                <Word id="w_w2aab1b3b4b1b7b3b1" language="English" custom="readingOrder {index:11;}">
                    <Coords points="1124,687 1240,687 1240,708 1124,708"/>
                    <TextEquiv>
                        <Unicode>personne</Unicode>
                    </TextEquiv>
                    <TextStyle fontFamily="Arial" fontSize="6.0"/>
                </Word>
                <Word id="w_w2aab1b3b4b1b7b4b1" language="English" custom="readingOrder {index:12;}">
                    <Coords points="1250,687 1254,687 1254,708 1250,708"/>
                    <TextEquiv>
                        <Unicode>;</Unicode>
                    </TextEquiv>
                    <TextStyle fontFamily="Arial" fontSize="8.0"/>
                </Word>
                <Word id="w_w2aab1b3b4b1b7b4b5" language="English" custom="readingOrder {index:13;}">
                    <Coords points="1265,677 1398,677 1398,713 1265,713"/>
                    <TextEquiv>
                        <Unicode>quelques</Unicode>
                    </TextEquiv>
                    <TextStyle fontFamily="Arial" fontSize="8.0"/>
                </Word>
                <Word id="w_w2aab1b3b4b1b7b4c23" language="English" custom="readingOrder {index:14;}">
                    <Coords points="1409,680 1474,680 1474,704 1409,704"/>
                    <TextEquiv>
                        <Unicode>amis</Unicode>
                    </TextEquiv>
                    <TextStyle fontFamily="Arial" fontSize="8.0"/>
                </Word>
                <Word id="w_w2aab1b3b4b1b7b4c33" language="English" custom="readingOrder {index:15;}">
                    <Coords points="1485,683 1563,683 1563,713 1485,713"/>
                    <TextEquiv>
                        <Unicode>ayant</Unicode>
                    </TextEquiv>
                    <TextStyle fontFamily="Arial" fontSize="8.0"/>
                </Word>
                <Word id="w_w2aab1b3b4b1b7b4c45" language="English" custom="readingOrder {index:16;}">
                    <Coords points="1573,677 1741,677 1741,713 1573,713"/>
                    <TextEquiv>
                        <Unicode>gourmandé</Unicode>
                    </TextEquiv>
                    <TextStyle fontFamily="Arial" fontSize="8.0"/>
                </Word>
                <Word id="w_w2aab1b3b4b1b7b4c65" language="English" custom="readingOrder {index:17;}">
                    <Coords points="1753,686 1795,686 1795,704 1753,704"/>
                    <TextEquiv>
                        <Unicode>ma</Unicode>
                    </TextEquiv>
                    <TextStyle fontFamily="Arial" fontSize="8.0"/>
                </Word>
                <Word id="w_w2aab1b3b4b1b7b4c71" language="English" custom="readingOrder {index:18;}">
                    <Coords points="1807,686 1921,686 1921,713 1807,713"/>
                    <TextEquiv>
                        <Unicode>paresse,</Unicode>
                    </TextEquiv>
                    <TextStyle fontFamily="Arial" fontSize="8.0"/>
                </Word>
                <Word id="w_w2aab1b3b4b1b7b4c89" language="English" custom="readingOrder {index:19;}">
                    <Coords points="1931,677 1967,677 1967,712 1931,712"/>
                    <TextEquiv>
                        <Unicode>j’ai</Unicode>
                    </TextEquiv>
                    <TextStyle fontFamily="Arial" fontSize="8.0"/>
                </Word>
                <Word id="w_w2aab1b3b4b1b7b4c99" language="English" custom="readingOrder {index:20;}">
                    <Coords points="1979,682 2143,682 2143,713 1979,713"/>
                    <TextEquiv>
                        <Unicode>vaguement</Unicode>
                    </TextEquiv>
                    <TextStyle fontFamily="Arial" fontSize="8.0"/>
                </Word>
                <Word id="w_w2aab1b3b4b1b7b4d119" language="English" custom="readingOrder {index:21;}">
                    <Coords points="2154,677 2277,677 2277,712 2154,712"/>
                    <TextEquiv>
                        <Unicode>répondu</Unicode>
                    </TextEquiv>
                    <TextStyle fontFamily="Arial" fontSize="8.0"/>
                </Word>
                <TextEquiv>
                    <Unicode>d’un ouvrage à peine commencé. Je n’ai donc rien dit à PERSONNE ; quelques amis ayant gourmandé ma paresse, j’ai vaguement répondu</Unicode>
                </TextEquiv>
            </TextLine>
            <TextLine id="tl_7" primaryLanguage="English" custom="readingOrder {index:4;}">
                <Coords points="309,722 2279,722 2279,758 309,758"/>
                <Baseline points="309,757 362,749 459,749 647,749 692,749 804,749 907,752 1039,749 1275,749 1344,749 1412,749 1449,749 1528,749 1582,753 1691,749 1836,749 1919,749 1969,749 2109,749 2279,749"/>
                <Word id="w_w2aab1b3b4b1b9ab1" language="English" custom="readingOrder {index:0;}">
                    <Coords points="309,731 362,731 362,757 309,757"/>
                    <TextEquiv>
                        <Unicode>que</Unicode>
                    </TextEquiv>
                    <TextStyle fontFamily="Arial" fontSize="8.0"/>
                </Word>
                <Word id="w_w2aab1b3b4b1b9ab9" language="English" custom="readingOrder {index:1;}">
                    <Coords points="372,722 459,722 459,757 372,757"/>
                    <TextEquiv>
                        <Unicode>j’allais</Unicode>
                    </TextEquiv>
                    <TextStyle fontFamily="Arial" fontSize="8.0"/>
                </Word>
                <Word id="w_w2aab1b3b4b1b9ac27" language="English" custom="readingOrder {index:2;}">
                    <Coords points="471,731 647,731 647,749 471,749"/>
                    <TextEquiv>
                        <Unicode>commencer</Unicode>
                    </TextEquiv>
                    <TextStyle fontFamily="Arial" fontSize="8.0"/>
                </Word>
                <Word id="w_w2aab1b3b4b1b9ac47" language="English" custom="readingOrder {index:3;}">
                    <Coords points="659,731 692,731 692,749 659,749"/>
                    <TextEquiv>
                        <Unicode>un</Unicode>
                    </TextEquiv>
                    <TextStyle fontFamily="Arial" fontSize="8.0"/>
                </Word>
                <Word id="w_w2aab1b3b4b1b9ac53" language="English" custom="readingOrder {index:4;}">
                    <Coords points="706,722 804,722 804,749 706,749"/>
                    <TextEquiv>
                        <Unicode>nouvel</Unicode>
                    </TextEquiv>
                    <TextStyle fontFamily="Arial" fontSize="8.0"/>
                </Word>
                <Word id="w_w2aab1b3b4b1b9ac67" language="English" custom="readingOrder {index:5;}">
                    <Coords points="816,725 907,725 907,758 816,758"/>
                    <TextEquiv>
                        <Unicode>opéra,</Unicode>
                    </TextEquiv>
                    <TextStyle fontFamily="Arial" fontSize="8.0"/>
                </Word>
                <Word id="w_w2aab1b3b4b1b9ac81" language="English" custom="readingOrder {index:6;}">
                    <Coords points="920,722 1039,722 1039,749 920,749"/>
                    <TextEquiv>
                        <Unicode>refusant</Unicode>
                    </TextEquiv>
                    <TextStyle fontFamily="Arial" fontSize="8.0"/>
                </Word>
                <Word id="w_w2aab1b3b4b1b9ac99" language="English" custom="readingOrder {index:7;}">
                    <Coords points="1051,725 1275,725 1275,758 1051,758"/>
                    <TextEquiv>
                        <Unicode>énergiquement</Unicode>
                    </TextEquiv>
                    <TextStyle fontFamily="Arial" fontSize="8.0"/>
                </Word>
                <Word id="w_w2aab1b3b4b1b9ad127" language="English" custom="readingOrder {index:8;}">
                    <Coords points="1286,722 1344,722 1344,749 1286,749"/>
                    <TextEquiv>
                        <Unicode>d’en</Unicode>
                    </TextEquiv>
                    <TextStyle fontFamily="Arial" fontSize="8.0"/>
                </Word>
                <Word id="w_w2aab1b3b4b1b9ad137" language="English" custom="readingOrder {index:9;}">
                    <Coords points="1357,722 1412,722 1412,749 1357,749"/>
                    <TextEquiv>
                        <Unicode>dire</Unicode>
                    </TextEquiv>
                    <TextStyle fontFamily="Arial" fontSize="8.0"/>
                </Word>
                <Word id="w_w2aab1b3b4b1b9ad147" language="English" custom="readingOrder {index:10;}">
                    <Coords points="1425,722 1449,722 1449,749 1425,749"/>
                    <TextEquiv>
                        <Unicode>le</Unicode>
                    </TextEquiv>
                    <TextStyle fontFamily="Arial" fontSize="8.0"/>
                </Word>
                <Word id="w_w2aab1b3b4b1b9ad153" language="English" custom="readingOrder {index:11;}">
                    <Coords points="1460,725 1528,725 1528,749 1460,749"/>
                    <TextEquiv>
                        <Unicode>titre.</Unicode>
                    </TextEquiv>
                    <TextStyle fontFamily="Arial" fontSize="8.0"/>
                </Word>
                <Word id="w_w2aab1b3b4b1b9ad167" language="English" custom="readingOrder {index:12;}">
                    <Coords points="1541,725 1582,725 1582,753 1541,753"/>
                    <TextEquiv>
                        <Unicode>Or,</Unicode>
                    </TextEquiv>
                    <TextStyle fontFamily="Arial" fontSize="8.0"/>
                </Word>
                <Word id="w_w2aab1b3b4b1b9ad175" language="English" custom="readingOrder {index:13;}">
                    <Coords points="1595,722 1691,722 1691,757 1595,757"/>
                    <TextEquiv>
                        <Unicode>depuis</Unicode>
                    </TextEquiv>
                    <TextStyle fontFamily="Arial" fontSize="8.0"/>
                </Word>
                <Word id="w_w2aab1b3b4b1b9ad189" language="English" custom="readingOrder {index:14;}">
                    <Coords points="1703,722 1836,722 1836,758 1703,758"/>
                    <TextEquiv>
                        <Unicode>quelques</Unicode>
                    </TextEquiv>
                    <TextStyle fontFamily="Arial" fontSize="8.0"/>
                </Word>
                <Word id="w_w2aab1b3b4b1b9ad207" language="English" custom="readingOrder {index:15;}">
                    <Coords points="1846,725 1919,725 1919,758 1846,758"/>
                    <TextEquiv>
                        <Unicode>jours</Unicode>
                    </TextEquiv>
                    <TextStyle fontFamily="Arial" fontSize="8.0"/>
                </Word>
                <Word id="w_w2aab1b3b4b1b9ad219" language="English" custom="readingOrder {index:16;}">
                    <Coords points="1932,722 1969,722 1969,749 1932,749"/>
                    <TextEquiv>
                        <Unicode>les</Unicode>
                    </TextEquiv>
                    <TextStyle fontFamily="Arial" fontSize="8.0"/>
                </Word>
                <Word id="w_w2aab1b3b4b1b9ad227" language="English" custom="readingOrder {index:17;}">
                    <Coords points="1980,725 2109,725 2109,757 1980,757"/>
                    <TextEquiv>
                        <Unicode>journaux</Unicode>
                    </TextEquiv>
                    <TextStyle fontFamily="Arial" fontSize="8.0"/>
                </Word>
                <Word id="w_w2aab1b3b4b1b9ad245" language="English" custom="readingOrder {index:18;}">
                    <Coords points="2121,727 2279,727 2279,749 2121,749"/>
                    <TextEquiv>
                        <Unicode>annoncent</Unicode>
                    </TextEquiv>
                    <TextStyle fontFamily="Arial" fontSize="8.0"/>
                </Word>
                <TextEquiv>
                    <Unicode>que j’allais commencer un nouvel opéra, refusant énergiquement d’en dire le titre. Or, depuis quelques jours les journaux annoncent</Unicode>
                </TextEquiv>
                <TextStyle fontFamily="Arial" fontSize="8.0"/>
            </TextLine>
            <TextLine id="tl_8" primaryLanguage="English" custom="readingOrder {index:5;}">
                <Coords points="308,767 2278,767 2278,803 308,803"/>
                <Baseline points="308,802 324,802 397,795 477,794 514,794 645,794 682,794 754,794 800,794 929,794 945,794 1090,794 1109,798 1287,802 1323,794 1402,794 1517,794 1582,794 1629,794 1688,794 1782,798 1838,794 1912,794 1955,794 2036,794 2122,794 2278,797"/>
                <Word id="w_w2aab1b3b4b1c11ab1" language="English" custom="readingOrder {index:0;}">
                    <Coords points="308,770 362,770 362,803 308,803"/>
                    <TextEquiv>
                        <Unicode>que</Unicode>
                    </TextEquiv>
                    <TextStyle fontFamily="Arial" fontSize="8.0"/>
                </Word>
                <Word id="w_w2aab1b3b4b1c11b1b1" language="English" custom="readingOrder {index:1;}">
                    <Coords points="368,770 397,770 397,803 368,803"/>
                    <TextEquiv>
                        <Unicode>je</Unicode>
                    </TextEquiv>
                    <TextStyle fontFamily="Arial" fontSize="8.0" italic="true"/>
                </Word>
                <Word id="w_w2aab1b3b4b1c11b1b7" language="English" custom="readingOrder {index:2;}">
                    <Coords points="407,772 477,772 477,794 407,794"/>
                    <TextEquiv>
                        <Unicode>mets</Unicode>
                    </TextEquiv>
                    <TextStyle fontFamily="Arial" fontSize="8.0" italic="true"/>
                </Word>
                <Word id="w_w2aab1b3b4b1c11b1c17" language="English" custom="readingOrder {index:3;}">
                    <Coords points="489,767 514,767 514,794 489,794"/>
                    <TextEquiv>
                        <Unicode>la</Unicode>
                    </TextEquiv>
                    <TextStyle fontFamily="Arial" fontSize="8.0" italic="true"/>
                </Word>
                <Word id="w_w2aab1b3b4b1c11b1c23" language="English" custom="readingOrder {index:4;}">
                    <Coords points="525,767 645,767 645,794 525,794"/>
                    <TextEquiv>
                        <Unicode>dernière</Unicode>
                    </TextEquiv>
                    <TextStyle fontFamily="Arial" fontSize="8.0" italic="true"/>
                </Word>
                <Word id="w_w2aab1b3b4b1c11b1c41" language="English" custom="readingOrder {index:5;}">
                    <Coords points="656,770 728,770 728,794 656,794"/>
                    <TextEquiv>
                        <Unicode>main</Unicode>
                    </TextEquiv>
                    <TextStyle fontFamily="Arial" fontSize="8.0" italic="true"/>
                </Word>
                <Word id="w_w2aab1b3b4b1c11b2b3" language="English" custom="readingOrder {index:6;}">
                    <Coords points="740,770 754,770 754,794 740,794"/>
                    <TextEquiv>
                        <Unicode>à</Unicode>
                    </TextEquiv>
                    <TextStyle fontFamily="Arial" fontSize="8.0"/>
                </Word>
                <Word id="w_w2aab1b3b4b1c11b2b7" language="English" custom="readingOrder {index:7;}">
                    <Coords points="767,776 800,776 800,794 767,794"/>
                    <TextEquiv>
                        <Unicode>un</Unicode>
                    </TextEquiv>
                    <TextStyle fontFamily="Arial" fontSize="8.0"/>
                </Word>
                <Word id="w_w2aab1b3b4b1c11b2c13" language="English" custom="readingOrder {index:8;}">
                    <Coords points="812,776 929,776 929,803 812,803"/>
                    <TextEquiv>
                        <Unicode>ouvrage</Unicode>
                    </TextEquiv>
                    <TextStyle fontFamily="Arial" fontSize="8.0"/>
                </Word>
                <Word id="w_w2aab1b3b4b1c11b2c29" language="English" custom="readingOrder {index:9;}">
                    <Coords points="942,767 1046,767 1046,794 942,794"/>
                    <TextEquiv>
                        <Unicode>intitulé</Unicode>
                    </TextEquiv>
                    <TextStyle fontFamily="Arial" fontSize="8.0"/>
                </Word>
                <Word id="w_w2aab1b3b4b1c11b3b1" language="English" custom="readingOrder {index:10;}">
                    <Coords points="1057,770 1090,770 1090,794 1057,794"/>
                    <TextEquiv>
                        <Unicode>La</Unicode>
                    </TextEquiv>
                    <TextStyle fontFamily="Arial" fontSize="8.0" italic="true"/>
                </Word>
                <Word id="w_w2aab1b3b4b1c11b3b7" language="English" custom="readingOrder {index:11;}">
                    <Coords points="1097,770 1236,770 1236,803 1097,803"/>
                    <TextEquiv>
                        <Unicode>Jacquerie</Unicode>
                    </TextEquiv>
                    <TextStyle fontFamily="Arial" fontSize="8.0" italic="true"/>
                </Word>
                <Word id="w_w2aab1b3b4b1c11b4b3" language="English" custom="readingOrder {index:12;}">
                    <Coords points="1248,767 1287,767 1287,802 1248,802"/>
                    <TextEquiv>
                        <Unicode>[...]</Unicode>
                    </TextEquiv>
                    <TextStyle fontFamily="Arial" fontSize="8.0"/>
                </Word>
                <Word id="w_w2aab1b3b4b1c11b4c15" language="English" custom="readingOrder {index:13;}">
                    <Coords points="1298,770 1323,770 1323,802 1298,802"/>
                    <TextEquiv>
                        <Unicode>je</Unicode>
                    </TextEquiv>
                    <TextStyle fontFamily="Arial" fontSize="8.0"/>
                </Word>
                <Word id="w_w2aab1b3b4b1c11b4c21" language="English" custom="readingOrder {index:14;}">
                    <Coords points="1335,776 1402,776 1402,794 1335,794"/>
                    <TextEquiv>
                        <Unicode>vous</Unicode>
                    </TextEquiv>
                    <TextStyle fontFamily="Arial" fontSize="8.0"/>
                </Word>
                <Word id="w_w2aab1b3b4b1c11b4c31" language="English" custom="readingOrder {index:15;}">
                    <Coords points="1414,767 1517,767 1517,794 1414,794"/>
                    <TextEquiv>
                        <Unicode>affirme</Unicode>
                    </TextEquiv>
                    <TextStyle fontFamily="Arial" fontSize="8.0"/>
                </Word>
                <Word id="w_w2aab1b3b4b1c11b4c47" language="English" custom="readingOrder {index:16;}">
                    <Coords points="1529,776 1582,776 1582,803 1529,803"/>
                    <TextEquiv>
                        <Unicode>que</Unicode>
                    </TextEquiv>
                    <TextStyle fontFamily="Arial" fontSize="8.0"/>
                </Word>
                <Word id="w_w2aab1b3b4b1c11b4c55" language="English" custom="readingOrder {index:17;}">
                    <Coords points="1592,767 1629,767 1629,802 1592,802"/>
                    <TextEquiv>
                        <Unicode>j’ai</Unicode>
                    </TextEquiv>
                    <TextStyle fontFamily="Arial" fontSize="8.0"/>
                </Word>
                <Word id="w_w2aab1b3b4b1c11b4c65" language="English" custom="readingOrder {index:18;}">
                    <Coords points="1641,770 1688,770 1688,794 1641,794"/>
                    <TextEquiv>
                        <Unicode>été</Unicode>
                    </TextEquiv>
                    <TextStyle fontFamily="Arial" fontSize="8.0"/>
                </Word>
                <Word id="w_w2aab1b3b4b1c11b4c73" language="English" custom="readingOrder {index:19;}">
                    <Coords points="1701,772 1782,772 1782,798 1701,798"/>
                    <TextEquiv>
                        <Unicode>muet,</Unicode>
                    </TextEquiv>
                    <TextStyle fontFamily="Arial" fontSize="8.0"/>
                </Word>
                <Word id="w_w2aab1b3b4b1c11b4c85" language="English" custom="readingOrder {index:20;}">
                    <Coords points="1794,776 1838,776 1838,794 1794,794"/>
                    <TextEquiv>
                        <Unicode>car</Unicode>
                    </TextEquiv>
                    <TextStyle fontFamily="Arial" fontSize="8.0"/>
                </Word>
                <Word id="w_w2aab1b3b4b1c11b4c93" language="English" custom="readingOrder {index:21;}">
                    <Coords points="1848,772 1912,772 1912,794 1848,794"/>
                    <TextEquiv>
                        <Unicode>tout</Unicode>
                    </TextEquiv>
                    <TextStyle fontFamily="Arial" fontSize="8.0"/>
                </Word>
                <Word id="w_w2aab1b3b4b1c11b4d103" language="English" custom="readingOrder {index:22;}">
                    <Coords points="1923,776 1955,776 1955,794 1923,794"/>
                    <TextEquiv>
                        <Unicode>ce</Unicode>
                    </TextEquiv>
                    <TextStyle fontFamily="Arial" fontSize="8.0"/>
                </Word>
                <Word id="w_w2aab1b3b4b1c11b4d109" language="English" custom="readingOrder {index:23;}">
                    <Coords points="1968,767 2036,767 2036,794 1968,794"/>
                    <TextEquiv>
                        <Unicode>bruit</Unicode>
                    </TextEquiv>
                    <TextStyle fontFamily="Arial" fontSize="8.0"/>
                </Word>
                <Word id="w_w2aab1b3b4b1c11b4d121" language="English" custom="readingOrder {index:24;}">
                    <Coords points="2048,767 2122,767 2122,794 2048,794"/>
                    <TextEquiv>
                        <Unicode>m’est</Unicode>
                    </TextEquiv>
                    <TextStyle fontFamily="Arial" fontSize="8.0"/>
                </Word>
                <Word id="w_w2aab1b3b4b1c11b4d133" language="English" custom="readingOrder {index:25;}">
                    <Coords points="2135,770 2278,770 2278,803 2135,803"/>
                    <TextEquiv>
                        <Unicode>importun,</Unicode>
                    </TextEquiv>
                    <TextStyle fontFamily="Arial" fontSize="8.0"/>
                </Word>
                <TextEquiv>
                    <Unicode>que je mets la dernière main à un ouvrage intitulé La Jacquerie [...] je vous affirme que j’ai été muet, car tout ce bruit m’est importun,</Unicode>
                </TextEquiv>
            </TextLine>
            <TextLine id="tl_9" primaryLanguage="English" custom="readingOrder {index:6;}">
                <Coords points="309,812 1533,812 1533,848 309,848"/>
                <Baseline points="309,839 343,839 468,839 526,839 639,839 669,839 706,839 782,839 909,839 956,839 1061,839 1086,839 1159,839 1205,839 1334,839 1364,839 1488,839 1533,839"/>
                <Word id="w_w2aab1b3b4b1c13ab1" language="English" custom="readingOrder {index:0;}">
                    <Coords points="309,821 343,821 343,839 309,839"/>
                    <TextEquiv>
                        <Unicode>ne</Unicode>
                    </TextEquiv>
                    <TextStyle fontFamily="Arial" fontSize="8.0"/>
                </Word>
                <Word id="w_w2aab1b3b4b1c13ab7" language="English" custom="readingOrder {index:1;}">
                    <Coords points="354,812 468,812 468,839 354,839"/>
                    <TextEquiv>
                        <Unicode>sachant</Unicode>
                    </TextEquiv>
                    <TextStyle fontFamily="Arial" fontSize="8.0"/>
                </Word>
                <Word id="w_w2aab1b3b4b1c13ac23" language="English" custom="readingOrder {index:2;}">
                    <Coords points="480,821 526,821 526,848 480,848"/>
                    <TextEquiv>
                        <Unicode>pas</Unicode>
                    </TextEquiv>
                    <TextStyle fontFamily="Arial" fontSize="8.0"/>
                </Word>
                <Word id="w_w2aab1b3b4b1c13ac31" language="English" custom="readingOrder {index:3;}">
                    <Coords points="538,821 639,821 639,839 538,839"/>
                    <TextEquiv>
                        <Unicode>encore</Unicode>
                    </TextEquiv>
                    <TextStyle fontFamily="Arial" fontSize="8.0"/>
                </Word>
                <Word id="w_w2aab1b3b4b1c13ac45" language="English" custom="readingOrder {index:4;}">
                    <Coords points="651,815 669,815 669,839 651,839"/>
                    <TextEquiv>
                        <Unicode>si</Unicode>
                    </TextEquiv>
                    <TextStyle fontFamily="Arial" fontSize="8.0"/>
                </Word>
                <Word id="w_w2aab1b3b4b1c13ac51" language="English" custom="readingOrder {index:5;}">
                    <Coords points="680,815 706,815 706,847 680,847"/>
                    <TextEquiv>
                        <Unicode>je</Unicode>
                    </TextEquiv>
                    <TextStyle fontFamily="Arial" fontSize="8.0"/>
                </Word>
                <Word id="w_w2aab1b3b4b1c13ac57" language="English" custom="readingOrder {index:6;}">
                    <Coords points="718,815 782,815 782,839 718,839"/>
                    <TextEquiv>
                        <Unicode>serai</Unicode>
                    </TextEquiv>
                    <TextStyle fontFamily="Arial" fontSize="8.0"/>
                </Word>
                <Word id="w_w2aab1b3b4b1c13ac69" language="English" custom="readingOrder {index:7;}">
                    <Coords points="795,812 909,812 909,848 795,848"/>
                    <TextEquiv>
                        <Unicode>capable</Unicode>
                    </TextEquiv>
                    <TextStyle fontFamily="Arial" fontSize="8.0"/>
                </Word>
                <Word id="w_w2aab1b3b4b1c13ac85" language="English" custom="readingOrder {index:8;}">
                    <Coords points="921,812 956,812 956,839 921,839"/>
                    <TextEquiv>
                        <Unicode>de</Unicode>
                    </TextEquiv>
                    <TextStyle fontFamily="Arial" fontSize="8.0"/>
                </Word>
                <Word id="w_w2aab1b3b4b1c13ac91" language="English" custom="readingOrder {index:9;}">
                    <Coords points="968,821 1061,821 1061,839 968,839"/>
                    <TextEquiv>
                        <Unicode>mener</Unicode>
                    </TextEquiv>
                    <TextStyle fontFamily="Arial" fontSize="8.0"/>
                </Word>
                <Word id="w_w2aab1b3b4b1c13ad103" language="English" custom="readingOrder {index:10;}">
                    <Coords points="1072,815 1086,815 1086,839 1072,839"/>
                    <TextEquiv>
                        <Unicode>à</Unicode>
                    </TextEquiv>
                    <TextStyle fontFamily="Arial" fontSize="8.0"/>
                </Word>
                <Word id="w_w2aab1b3b4b1c13ad107" language="English" custom="readingOrder {index:11;}">
                    <Coords points="1099,812 1159,812 1159,839 1099,839"/>
                    <TextEquiv>
                        <Unicode>bien</Unicode>
                    </TextEquiv>
                    <TextStyle fontFamily="Arial" fontSize="8.0"/>
                </Word>
                <Word id="w_w2aab1b3b4b1c13ad117" language="English" custom="readingOrder {index:12;}">
                    <Coords points="1172,821 1205,821 1205,839 1172,839"/>
                    <TextEquiv>
                        <Unicode>un</Unicode>
                    </TextEquiv>
                    <TextStyle fontFamily="Arial" fontSize="8.0"/>
                </Word>
                <Word id="w_w2aab1b3b4b1c13ad123" language="English" custom="readingOrder {index:13;}">
                    <Coords points="1218,821 1334,821 1334,848 1218,848"/>
                    <TextEquiv>
                        <Unicode>ouvrage</Unicode>
                    </TextEquiv>
                    <TextStyle fontFamily="Arial" fontSize="8.0"/>
                </Word>
                <Word id="w_w2aab1b3b4b1c13ad139" language="English" custom="readingOrder {index:14;}">
                    <Coords points="1346,815 1364,815 1364,839 1346,839"/>
                    <TextEquiv>
                        <Unicode>si</Unicode>
                    </TextEquiv>
                    <TextStyle fontFamily="Arial" fontSize="8.0"/>
                </Word>
                <Word id="w_w2aab1b3b4b1c13ad145" language="English" custom="readingOrder {index:15;}">
                    <Coords points="1377,812 1488,812 1488,839 1377,839"/>
                    <TextEquiv>
                        <Unicode>difficile</Unicode>
                    </TextEquiv>
                    <TextStyle fontFamily="Arial" fontSize="8.0"/>
                </Word>
                <Word id="w_w2aab1b3b4b1c13ad165" language="English" custom="readingOrder {index:16;}">
                    <Coords points="1499,823 1533,823 1533,839 1499,839"/>
                    <TextEquiv>
                        <Unicode>»...</Unicode>
                    </TextEquiv>
                    <TextStyle fontFamily="Arial" fontSize="8.0"/>
                </Word>
                <TextEquiv>
                    <Unicode>ne sachant pas encore si je serai capable de mener à bien un ouvrage si difficile »...</Unicode>
                </TextEquiv>
                <TextStyle fontFamily="Arial" fontSize="8.0"/>
            </TextLine>
            <TextEquiv>
                <Unicode>À PROPOS DE LA JACQUERIE [Lalo ne composera que le premier acte de cet opéra qui, après son décès, fut achevé par Arthur Coquard,
et créé le 9 mars 1895 à Monte Carlo], Lalo s’interroge sur les racontars des journaux à leur endroit. « Vous m’aviez demandé de ne
parler à personne de notre Jacquerie, et j'étais absolument de votre avis, trouvant qu’il est mauvais de parler si longtemps d’avance
d’un ouvrage à peine commencé. Je n’ai donc rien dit à PERSONNE ; quelques amis ayant gourmandé ma paresse, j’ai vaguement répondu
que j’allais commencer un nouvel opéra, refusant énergiquement d’en dire le titre. Or, depuis quelques jours les journaux annoncent
que je mets la dernière main à un ouvrage intitulé La Jacquerie [...] je vous affirme que j’ai été muet, car tout ce bruit m’est importun,
ne sachant pas encore si je serai capable de mener à bien un ouvrage si difficile »...</Unicode>
            </TextEquiv>
        </TextRegion>
        <TextRegion type="paragraph" id="r_2_3" custom="readingOrder {index:3;}">
            <Coords points="224,916 2279,916 2279,959 224,959"/>
            <TextLine id="tl_10" primaryLanguage="English" custom="readingOrder {index:0;}">
                <Coords points="225,917 2278,917 2278,958 225,958"/>
                <Baseline points="225,949 240,949 417,949 443,949 723,957 846,949 943,953 990,949 1060,949 1144,953 1170,949 1216,949 1352,949 1367,953 1386,949 1468,949 1541,949 2278,949"/>
                <Word id="w_w2aab1b3b4b3b1ab1" language="English" custom="readingOrder {index:0;}">
                    <Coords points="225,925 258,925 258,949 225,949"/>
                    <TextEquiv>
                        <Unicode>71.</Unicode>
                    </TextEquiv>
                    <TextStyle fontFamily="Arial" fontSize="8.0"/>
                </Word>
                <Word id="w_w2aab1b3b4b3b1b1b1" language="English" custom="readingOrder {index:1;}">
                    <Coords points="309,922 417,922 417,949 309,949"/>
                    <TextEquiv>
                        <Unicode>Robert</Unicode>
                    </TextEquiv>
                    <TextStyle fontFamily="Arial" fontSize="8.0" bold="true"/>
                </Word>
                <Word id="w_w2aab1b3b4b3b1b1c15" language="English" custom="readingOrder {index:2;}">
                    <Coords points="428,917 557,917 557,957 428,957"/>
                    <TextEquiv>
                        <Unicode>LEFÈVRE</Unicode>
                    </TextEquiv>
                    <TextStyle fontFamily="Arial" fontSize="8.0" bold="true"/>
                </Word>
                <Word id="w_w2aab1b3b4b3b1b2b1" language="English" custom="readingOrder {index:3;}">
                    <Coords points="569,922 723,922 723,957 569,957"/>
                    <TextEquiv>
                        <Unicode>(1755-1830)</Unicode>
                    </TextEquiv>
                    <TextStyle fontFamily="Arial" fontSize="8.0"/>
                </Word>
                <Word id="w_w2aab1b3b4b3b1b2c25" language="English" custom="readingOrder {index:4;}">
                    <Coords points="736,925 846,925 846,958 736,958"/>
                    <TextEquiv>
                        <Unicode>peintre.</Unicode>
                    </TextEquiv>
                    <TextStyle fontFamily="Arial" fontSize="8.0"/>
                </Word>
                <Word id="w_w2aab1b3b4b3b1b2c43" language="English" custom="readingOrder {index:5;}">
                    <Coords points="859,924 943,924 943,953 859,953"/>
                    <TextEquiv>
                        <Unicode>L.A.S.,</Unicode>
                    </TextEquiv>
                    <TextStyle fontFamily="Arial" fontSize="8.0"/>
                </Word>
                <Word id="w_w2aab1b3b4b3b1b2c59" language="English" custom="readingOrder {index:6;}">
                    <Coords points="955,924 990,924 990,949 955,949"/>
                    <TextEquiv>
                        <Unicode>20</Unicode>
                    </TextEquiv>
                    <TextStyle fontFamily="Arial" fontSize="8.0"/>
                </Word>
                <Word id="w_w2aab1b3b4b3b1b2c65" language="English" custom="readingOrder {index:7;}">
                    <Coords points="1002,922 1060,922 1060,949 1002,949"/>
                    <TextEquiv>
                        <Unicode>avril</Unicode>
                    </TextEquiv>
                    <TextStyle fontFamily="Arial" fontSize="8.0"/>
                </Word>
                <Word id="w_w2aab1b3b4b3b1b2c77" language="English" custom="readingOrder {index:8;}">
                    <Coords points="1072,924 1144,924 1144,953 1072,953"/>
                    <TextEquiv>
                        <Unicode>1820,</Unicode>
                    </TextEquiv>
                    <TextStyle fontFamily="Arial" fontSize="8.0"/>
                </Word>
                <Word id="w_w2aab1b3b4b3b1b2c89" language="English" custom="readingOrder {index:9;}">
                    <Coords points="1156,925 1170,925 1170,949 1156,949"/>
                    <TextEquiv>
                        <Unicode>à</Unicode>
                    </TextEquiv>
                    <TextStyle fontFamily="Arial" fontSize="8.0"/>
                </Word>
                <Word id="w_w2aab1b3b4b3b1b2c93" language="English" custom="readingOrder {index:10;}">
                    <Coords points="1183,931 1216,931 1216,949 1183,949"/>
                    <TextEquiv>
                        <Unicode>un</Unicode>
                    </TextEquiv>
                    <TextStyle fontFamily="Arial" fontSize="8.0"/>
                </Word>
                <Word id="w_w2aab1b3b4b3b1b2c99" language="English" custom="readingOrder {index:11;}">
                    <Coords points="1228,925 1352,925 1352,949 1228,949"/>
                    <TextEquiv>
                        <Unicode>Vicomte</Unicode>
                    </TextEquiv>
                    <TextStyle fontFamily="Arial" fontSize="8.0"/>
                </Word>
                <Word id="w_w2aab1b3b4b3b1b2d115" language="English" custom="readingOrder {index:12;}">
                    <Coords points="1363,932 1367,932 1367,953 1363,953"/>
                    <TextEquiv>
                        <Unicode>;</Unicode>
                    </TextEquiv>
                    <TextStyle fontFamily="Arial" fontSize="8.0"/>
                </Word>
                <Word id="w_w2aab1b3b4b3b1b2d119" language="English" custom="readingOrder {index:13;}">
                    <Coords points="1379,925 1386,925 1386,949 1379,949"/>
                    <TextEquiv>
                        <Unicode>1</Unicode>
                    </TextEquiv>
                    <TextStyle fontFamily="Arial" fontSize="8.0"/>
                </Word>
                <Word id="w_w2aab1b3b4b3b1b2d123" language="English" custom="readingOrder {index:14;}">
                    <Coords points="1400,931 1468,931 1468,958 1400,958"/>
                    <TextEquiv>
                        <Unicode>page</Unicode>
                    </TextEquiv>
                    <TextStyle fontFamily="Arial" fontSize="8.0"/>
                </Word>
                <Word id="w_w2aab1b3b4b3b1b2d133" language="English" custom="readingOrder {index:15;}">
                    <Coords points="1481,925 1541,925 1541,949 1481,949"/>
                    <TextEquiv>
                        <Unicode>in-4.</Unicode>
                    </TextEquiv>
                    <TextStyle fontFamily="Arial" fontSize="8.0"/>
                </Word>
                <Word id="w_w2aab1b3b4b3b1b2d145" language="English" custom="readingOrder {index:16;}">
                    <Coords points="2147,924 2278,924 2278,949 2147,949"/>
                    <TextEquiv>
                        <Unicode>300/400</Unicode>
                    </TextEquiv>
                    <TextStyle fontFamily="Arial" fontSize="8.0"/>
                </Word>
                <TextEquiv>
                    <Unicode>71. Robert LEFÈVRE (1755-1830) peintre. L.A.S., 20 avril 1820, à un Vicomte ; 1 page in-4. 300/400</Unicode>
                </TextEquiv>
            </TextLine>
            <TextEquiv>
                <Unicode>71. Robert LEFÈVRE (1755-1830) peintre. L.A.S., 20 avril 1820, à un Vicomte ; 1 page in-4. 300/400</Unicode>
            </TextEquiv>
        </TextRegion>
        <TextRegion type="paragraph" id="r_2_4" custom="readingOrder {index:4;}">
            <Coords points="307,983 2279,983 2279,1200 307,1200"/>
            <TextLine id="tl_11" primaryLanguage="English" custom="readingOrder {index:0;}">
                <Coords points="346,984 2278,984 2278,1019 346,1019"/>
                <Baseline points="346,1011 359,1011 491,1011 541,1011 626,1011 791,1011 838,1011 878,1011 1000,1011 1015,1011 1039,1006 1083,1011 1158,1011 1194,1011 1315,1011 1360,1011 1451,1011 1651,1014 1727,1011 1812,1011 1859,1011 1966,1011 2046,1010 2165,1011 2228,1011 2278,1011"/>
                <Word id="w_w2aab1b3b4b5b1ab1" language="English" custom="readingOrder {index:0;}">
                    <Coords points="346,984 359,984 359,1011 346,1011"/>
                    <TextEquiv>
                        <Unicode>Il</Unicode>
                    </TextEquiv>
                    <TextStyle fontFamily="Arial" fontSize="8.0"/>
                </Word>
                <Word id="w_w2aab1b3b4b5b1ab7" language="English" custom="readingOrder {index:1;}">
                    <Coords points="372,984 491,984 491,1019 372,1019"/>
                    <TextEquiv>
                        <Unicode>rappelle</Unicode>
                    </TextEquiv>
                    <TextStyle fontFamily="Arial" fontSize="8.0"/>
                </Word>
                <Word id="w_w2aab1b3b4b5b1ac25" language="English" custom="readingOrder {index:2;}">
                    <Coords points="504,984 541,984 541,1011 504,1011"/>
                    <TextEquiv>
                        <Unicode>les</Unicode>
                    </TextEquiv>
                    <TextStyle fontFamily="Arial" fontSize="8.0"/>
                </Word>
                <Word id="w_w2aab1b3b4b5b1ac33" language="English" custom="readingOrder {index:3;}">
                    <Coords points="551,987 626,987 626,1011 551,1011"/>
                    <TextEquiv>
                        <Unicode>traits</Unicode>
                    </TextEquiv>
                    <TextStyle fontFamily="Arial" fontSize="8.0"/>
                </Word>
                <Word id="w_w2aab1b3b4b5b1ac47" language="English" custom="readingOrder {index:4;}">
                    <Coords points="638,989 791,989 791,1019 638,1019"/>
                    <TextEquiv>
                        <Unicode>marquants</Unicode>
                    </TextEquiv>
                    <TextStyle fontFamily="Arial" fontSize="8.0"/>
                </Word>
                <Word id="w_w2aab1b3b4b5b1ac67" language="English" custom="readingOrder {index:5;}">
                    <Coords points="803,984 838,984 838,1011 803,1011"/>
                    <TextEquiv>
                        <Unicode>de</Unicode>
                    </TextEquiv>
                    <TextStyle fontFamily="Arial" fontSize="8.0"/>
                </Word>
                <Word id="w_w2aab1b3b4b5b1ac73" language="English" custom="readingOrder {index:6;}">
                    <Coords points="849,993 878,993 878,1011 849,1011"/>
                    <TextEquiv>
                        <Unicode>sa</Unicode>
                    </TextEquiv>
                    <TextStyle fontFamily="Arial" fontSize="8.0"/>
                </Word>
                <Word id="w_w2aab1b3b4b5b1ac79" language="English" custom="readingOrder {index:7;}">
                    <Coords points="888,987 1000,987 1000,1011 888,1011"/>
                    <TextEquiv>
                        <Unicode>carrière</Unicode>
                    </TextEquiv>
                    <TextStyle fontFamily="Arial" fontSize="8.0"/>
                </Word>
                <Word id="w_w2aab1b3b4b5b1ac97" language="English" custom="readingOrder {index:8;}">
                    <Coords points="1011,993 1015,993 1015,1011 1011,1011"/>
                    <TextEquiv>
                        <Unicode>:</Unicode>
                    </TextEquiv>
                    <TextStyle fontFamily="Arial" fontSize="8.0"/>
                </Word>
                <Word id="w_w2aab1b3b4b5b1ad101" language="English" custom="readingOrder {index:9;}">
                    <Coords points="1026,994 1039,994 1039,1006 1026,1006"/>
                    <TextEquiv>
                        <Unicode>«</Unicode>
                    </TextEquiv>
                    <TextStyle fontFamily="Arial" fontSize="8.0"/>
                </Word>
                <Word id="w_w2aab1b3b4b5b1ad105" language="English" custom="readingOrder {index:10;}">
                    <Coords points="1052,986 1083,986 1083,1011 1052,1011"/>
                    <TextEquiv>
                        <Unicode>En</Unicode>
                    </TextEquiv>
                    <TextStyle fontFamily="Arial" fontSize="8.0"/>
                </Word>
                <Word id="w_w2aab1b3b4b5b1ad111" language="English" custom="readingOrder {index:11;}">
                    <Coords points="1094,986 1158,986 1158,1011 1094,1011"/>
                    <TextEquiv>
                        <Unicode>1790</Unicode>
                    </TextEquiv>
                    <TextStyle fontFamily="Arial" fontSize="8.0"/>
                </Word>
                <Word id="w_w2aab1b3b4b5b1ad121" language="English" custom="readingOrder {index:12;}">
                    <Coords points="1168,987 1194,987 1194,1019 1168,1019"/>
                    <TextEquiv>
                        <Unicode>je</Unicode>
                    </TextEquiv>
                    <TextStyle fontFamily="Arial" fontSize="8.0"/>
                </Word>
                <Word id="w_w2aab1b3b4b5b1ad127" language="English" custom="readingOrder {index:13;}">
                    <Coords points="1205,984 1315,984 1315,1011 1205,1011"/>
                    <TextEquiv>
                        <Unicode>débutai</Unicode>
                    </TextEquiv>
                    <TextStyle fontFamily="Arial" fontSize="8.0"/>
                </Word>
                <Word id="w_w2aab1b3b4b5b1ad143" language="English" custom="readingOrder {index:14;}">
                    <Coords points="1328,993 1360,993 1360,1011 1328,1011"/>
                    <TextEquiv>
                        <Unicode>au</Unicode>
                    </TextEquiv>
                    <TextStyle fontFamily="Arial" fontSize="8.0"/>
                </Word>
                <Word id="w_w2aab1b3b4b5b1ad149" language="English" custom="readingOrder {index:15;}">
                    <Coords points="1371,984 1451,984 1451,1011 1371,1011"/>
                    <TextEquiv>
                        <Unicode>Salon</Unicode>
                    </TextEquiv>
                    <TextStyle fontFamily="Arial" fontSize="8.0"/>
                </Word>
                <Word id="w_w2aab1b3b4b5b1ad161" language="English" custom="readingOrder {index:16;}">
                    <Coords points="1463,984 1651,984 1651,1019 1463,1019"/>
                    <TextEquiv>
                        <Unicode>d’Exposition,</Unicode>
                    </TextEquiv>
                    <TextStyle fontFamily="Arial" fontSize="8.0"/>
                </Word>
                <Word id="w_w2aab1b3b4b5b1ad189" language="English" custom="readingOrder {index:17;}">
                    <Coords points="1663,993 1727,993 1727,1011 1663,1011"/>
                    <TextEquiv>
                        <Unicode>avec</Unicode>
                    </TextEquiv>
                    <TextStyle fontFamily="Arial" fontSize="8.0"/>
                </Word>
                <Word id="w_w2aab1b3b4b5b1ad199" language="English" custom="readingOrder {index:18;}">
                    <Coords points="1739,987 1812,987 1812,1011 1739,1011"/>
                    <TextEquiv>
                        <Unicode>assés</Unicode>
                    </TextEquiv>
                    <TextStyle fontFamily="Arial" fontSize="8.0"/>
                </Word>
                <Word id="w_w2aab1b3b4b5b1ad211" language="English" custom="readingOrder {index:19;}">
                    <Coords points="1824,984 1859,984 1859,1011 1824,1011"/>
                    <TextEquiv>
                        <Unicode>de</Unicode>
                    </TextEquiv>
                    <TextStyle fontFamily="Arial" fontSize="8.0"/>
                </Word>
                <Word id="w_w2aab1b3b4b5b1ad217" language="English" custom="readingOrder {index:20;}">
                    <Coords points="1870,987 1966,987 1966,1011 1870,1011"/>
                    <TextEquiv>
                        <Unicode>succès</Unicode>
                    </TextEquiv>
                    <TextStyle fontFamily="Arial" fontSize="8.0"/>
                </Word>
                <Word id="w_w2aab1b3b4b5b1ad231" language="English" custom="readingOrder {index:21;}">
                    <Coords points="1978,993 2046,993 2046,1019 1978,1019"/>
                    <TextEquiv>
                        <Unicode>pour</Unicode>
                    </TextEquiv>
                    <TextStyle fontFamily="Arial" fontSize="8.0"/>
                </Word>
                <Word id="w_w2aab1b3b4b5b1ad241" language="English" custom="readingOrder {index:22;}">
                    <Coords points="2057,987 2165,987 2165,1011 2057,1011"/>
                    <TextEquiv>
                        <Unicode>mériter</Unicode>
                    </TextEquiv>
                    <TextStyle fontFamily="Arial" fontSize="8.0"/>
                </Word>
                <Word id="w_w2aab1b3b4b5b1ad257" language="English" custom="readingOrder {index:23;}">
                    <Coords points="2175,993 2228,993 2228,1019 2175,1019"/>
                    <TextEquiv>
                        <Unicode>que</Unicode>
                    </TextEquiv>
                    <TextStyle fontFamily="Arial" fontSize="8.0"/>
                </Word>
                <Word id="w_w2aab1b3b4b5b1ad265" language="English" custom="readingOrder {index:24;}">
                    <Coords points="2241,984 2278,984 2278,1011 2241,1011"/>
                    <TextEquiv>
                        <Unicode>les</Unicode>
                    </TextEquiv>
                    <TextStyle fontFamily="Arial" fontSize="8.0"/>
                </Word>
                <TextEquiv>
                    <Unicode>Il rappelle les traits marquants de sa carrière : « En 1790 je débutai au Salon d’Exposition, avec assés de succès pour mériter que les</Unicode>
                </TextEquiv>
                <TextStyle fontFamily="Arial" fontSize="8.0"/>
            </TextLine>
            <TextLine id="tl_12" primaryLanguage="English" custom="readingOrder {index:1;}">
                <Coords points="309,1029 2278,1029 2278,1064 309,1064"/>
                <Baseline points="309,1056 415,1056 516,1056 574,1056 776,1056 910,1056 959,1056 996,1056 1190,1056 1254,1056 1421,1056 1449,1051 1495,1056 1600,1056 1704,1056 1771,1056 1873,1059 2022,1059 2155,1059 2221,1056 2250,1056 2278,1056"/>
                <Word id="w_w2aab1b3b4b5b3ab1" language="English" custom="readingOrder {index:0;}">
                    <Coords points="309,1032 415,1032 415,1056 309,1056"/>
                    <TextEquiv>
                        <Unicode>artistes</Unicode>
                    </TextEquiv>
                    <TextStyle fontFamily="Arial" fontSize="8.0"/>
                </Word>
                <Word id="w_w2aab1b3b4b5b3ac19" language="English" custom="readingOrder {index:1;}">
                    <Coords points="430,1032 516,1032 516,1056 430,1056"/>
                    <TextEquiv>
                        <Unicode>réunis</Unicode>
                    </TextEquiv>
                    <TextStyle fontFamily="Arial" fontSize="8.0"/>
                </Word>
                <Word id="w_w2aab1b3b4b5b3ac33" language="English" custom="readingOrder {index:2;}">
                    <Coords points="530,1038 574,1038 574,1056 530,1056"/>
                    <TextEquiv>
                        <Unicode>me</Unicode>
                    </TextEquiv>
                    <TextStyle fontFamily="Arial" fontSize="8.0"/>
                </Word>
                <Word id="w_w2aab1b3b4b5b3ac39" language="English" custom="readingOrder {index:3;}">
                    <Coords points="588,1034 776,1034 776,1056 588,1056"/>
                    <TextEquiv>
                        <Unicode>nommassent</Unicode>
                    </TextEquiv>
                    <TextStyle fontFamily="Arial" fontSize="8.0"/>
                </Word>
                <Word id="w_w2aab1b3b4b5b3ac61" language="English" custom="readingOrder {index:4;}">
                    <Coords points="790,1029 910,1029 910,1056 790,1056"/>
                    <TextEquiv>
                        <Unicode>membre</Unicode>
                    </TextEquiv>
                    <TextStyle fontFamily="Arial" fontSize="8.0"/>
                </Word>
                <Word id="w_w2aab1b3b4b5b3ac75" language="English" custom="readingOrder {index:5;}">
                    <Coords points="924,1029 959,1029 959,1056 924,1056"/>
                    <TextEquiv>
                        <Unicode>de</Unicode>
                    </TextEquiv>
                    <TextStyle fontFamily="Arial" fontSize="8.0"/>
                </Word>
                <Word id="w_w2aab1b3b4b5b3ac81" language="English" custom="readingOrder {index:6;}">
                    <Coords points="974,1029 996,1029 996,1056 974,1056"/>
                    <TextEquiv>
                        <Unicode>la</Unicode>
                    </TextEquiv>
                    <TextStyle fontFamily="Arial" fontSize="8.0"/>
                </Word>
                <Word id="w_w2aab1b3b4b5b3ac87" language="English" custom="readingOrder {index:7;}">
                    <Coords points="1010,1031 1190,1031 1190,1056 1010,1056"/>
                    <TextEquiv>
                        <Unicode>Commission</Unicode>
                    </TextEquiv>
                    <TextStyle fontFamily="Arial" fontSize="8.0"/>
                </Word>
                <Word id="w_w2aab1b3b4b5b3ad109" language="English" custom="readingOrder {index:8;}">
                    <Coords points="1205,1029 1254,1029 1254,1056 1205,1056"/>
                    <TextEquiv>
                        <Unicode>des</Unicode>
                    </TextEquiv>
                    <TextStyle fontFamily="Arial" fontSize="8.0"/>
                </Word>
                <Word id="w_w2aab1b3b4b5b3ad117" language="English" custom="readingOrder {index:9;}">
                    <Coords points="1269,1031 1421,1031 1421,1056 1269,1056"/>
                    <TextEquiv>
                        <Unicode>Beaux-arts</Unicode>
                    </TextEquiv>
                    <TextStyle fontFamily="Arial" fontSize="8.0"/>
                </Word>
                <Word id="w_w2aab1b3b4b5b3ad139" language="English" custom="readingOrder {index:10;}">
                    <Coords points="1435,1039 1449,1039 1449,1051 1435,1051"/>
                    <TextEquiv>
                        <Unicode>»</Unicode>
                    </TextEquiv>
                    <TextStyle fontFamily="Arial" fontSize="8.0"/>
                </Word>
                <Word id="w_w2aab1b3b4b5b3ad143" language="English" custom="readingOrder {index:11;}">
                    <Coords points="1461,1038 1495,1038 1495,1056 1461,1056"/>
                    <TextEquiv>
                        <Unicode>en</Unicode>
                    </TextEquiv>
                    <TextStyle fontFamily="Arial" fontSize="8.0"/>
                </Word>
                <Word id="w_w2aab1b3b4b5b3ad149" language="English" custom="readingOrder {index:12;}">
                    <Coords points="1510,1031 1600,1031 1600,1056 1510,1056"/>
                    <TextEquiv>
                        <Unicode>même</Unicode>
                    </TextEquiv>
                    <TextStyle fontFamily="Arial" fontSize="8.0"/>
                </Word>
                <Word id="w_w2aab1b3b4b5b3ad159" language="English" custom="readingOrder {index:13;}">
                    <Coords points="1613,1034 1704,1034 1704,1064 1613,1064"/>
                    <TextEquiv>
                        <Unicode>temps</Unicode>
                    </TextEquiv>
                    <TextStyle fontFamily="Arial" fontSize="8.0"/>
                </Word>
                <Word id="w_w2aab1b3b4b5b3ad171" language="English" custom="readingOrder {index:14;}">
                    <Coords points="1717,1038 1771,1038 1771,1064 1717,1064"/>
                    <TextEquiv>
                        <Unicode>que</Unicode>
                    </TextEquiv>
                    <TextStyle fontFamily="Arial" fontSize="8.0"/>
                </Word>
                <Word id="w_w2aab1b3b4b5b3ad179" language="English" custom="readingOrder {index:15;}">
                    <Coords points="1785,1029 1873,1029 1873,1059 1785,1059"/>
                    <TextEquiv>
                        <Unicode>David,</Unicode>
                    </TextEquiv>
                    <TextStyle fontFamily="Arial" fontSize="8.0"/>
                </Word>
                <Word id="w_w2aab1b3b4b5b3ad193" language="English" custom="readingOrder {index:16;}">
                    <Coords points="1888,1029 2022,1029 2022,1064 1888,1064"/>
                    <TextEquiv>
                        <Unicode>Régnault,</Unicode>
                    </TextEquiv>
                    <TextStyle fontFamily="Arial" fontSize="8.0"/>
                </Word>
                <Word id="w_w2aab1b3b4b5b3ad213" language="English" custom="readingOrder {index:17;}">
                    <Coords points="2036,1031 2155,1031 2155,1059 2036,1059"/>
                    <TextEquiv>
                        <Unicode>Vincent,</Unicode>
                    </TextEquiv>
                    <TextStyle fontFamily="Arial" fontSize="8.0"/>
                </Word>
                <Word id="w_w2aab1b3b4b5b3ad231" language="English" custom="readingOrder {index:18;}">
                    <Coords points="2169,1034 2221,1034 2221,1056 2169,1056"/>
                    <TextEquiv>
                        <Unicode>etc.</Unicode>
                    </TextEquiv>
                    <TextStyle fontFamily="Arial" fontSize="8.0"/>
                </Word>
                <Word id="w_w2aab1b3b4b5b3ad241" language="English" custom="readingOrder {index:19;}">
                    <Coords points="2236,1029 2250,1029 2250,1056 2236,1056"/>
                    <TextEquiv>
                        <Unicode>Il</Unicode>
                    </TextEquiv>
                    <TextStyle fontFamily="Arial" fontSize="8.0"/>
                </Word>
                <Word id="w_w2aab1b3b4b5b3ad247" language="English" custom="readingOrder {index:20;}">
                    <Coords points="2264,1038 2278,1038 2278,1056 2264,1056"/>
                    <TextEquiv>
                        <Unicode>a</Unicode>
                    </TextEquiv>
                    <TextStyle fontFamily="Arial" fontSize="8.0"/>
                </Word>
                <TextEquiv>
                    <Unicode>artistes réunis me nommassent membre de la Commission des Beaux-arts » en même temps que David, Régnault, Vincent, etc. Il a</Unicode>
                </TextEquiv>
                <TextStyle fontFamily="Arial" fontSize="8.0"/>
            </TextLine>
            <TextLine id="tl_13" primaryLanguage="English" custom="readingOrder {index:2;}">
                <Coords points="308,1074 2277,1074 2277,1109 308,1109"/>
                <Baseline points="308,1101 415,1101 531,1101 593,1101 665,1105 706,1101 795,1101 846,1101 983,1101 1030,1101 1069,1101 1110,1101 1239,1101 1395,1101 1420,1096 1541,1101 1578,1101 1596,1101 1609,1088 1662,1101 1738,1101 1838,1105 1889,1101 1936,1101 2061,1101 2190,1105 2231,1101 2277,1101"/>
                <Word id="w_w2aab1b3b4b5b5ab1" language="English" custom="readingOrder {index:0;}">
                    <Coords points="308,1077 415,1077 415,1101 308,1101"/>
                    <TextEquiv>
                        <Unicode>ensuite</Unicode>
                    </TextEquiv>
                    <TextStyle fontFamily="Arial" fontSize="8.0"/>
                </Word>
                <Word id="w_w2aab1b3b4b5b5ac17" language="English" custom="readingOrder {index:1;}">
                    <Coords points="426,1074 531,1074 531,1101 426,1101"/>
                    <TextEquiv>
                        <Unicode>obtenu</Unicode>
                    </TextEquiv>
                    <TextStyle fontFamily="Arial" fontSize="8.0"/>
                </Word>
                <Word id="w_w2aab1b3b4b5b5ac31" language="English" custom="readingOrder {index:2;}">
                    <Coords points="543,1074 593,1074 593,1101 543,1101"/>
                    <TextEquiv>
                        <Unicode>des</Unicode>
                    </TextEquiv>
                    <TextStyle fontFamily="Arial" fontSize="8.0"/>
                </Word>
                <Word id="w_w2aab1b3b4b5b5ac39" language="English" custom="readingOrder {index:3;}">
                    <Coords points="605,1077 665,1077 665,1109 605,1109"/>
                    <TextEquiv>
                        <Unicode>prix,</Unicode>
                    </TextEquiv>
                    <TextStyle fontFamily="Arial" fontSize="8.0"/>
                </Word>
                <Word id="w_w2aab1b3b4b5b5ac51" language="English" custom="readingOrder {index:4;}">
                    <Coords points="677,1079 706,1079 706,1101 677,1101"/>
                    <TextEquiv>
                        <Unicode>et</Unicode>
                    </TextEquiv>
                    <TextStyle fontFamily="Arial" fontSize="8.0"/>
                </Word>
                <Word id="w_w2aab1b3b4b5b5ac57" language="English" custom="readingOrder {index:5;}">
                    <Coords points="718,1074 795,1074 795,1101 718,1101"/>
                    <TextEquiv>
                        <Unicode>selon</Unicode>
                    </TextEquiv>
                    <TextStyle fontFamily="Arial" fontSize="8.0"/>
                </Word>
                <Word id="w_w2aab1b3b4b5b5ac69" language="English" custom="readingOrder {index:6;}">
                    <Coords points="809,1074 846,1074 846,1101 809,1101"/>
                    <TextEquiv>
                        <Unicode>les</Unicode>
                    </TextEquiv>
                    <TextStyle fontFamily="Arial" fontSize="8.0"/>
                </Word>
                <Word id="w_w2aab1b3b4b5b5ac77" language="English" custom="readingOrder {index:7;}">
                    <Coords points="859,1079 983,1079 983,1109 859,1109"/>
                    <TextEquiv>
                        <Unicode>rapports</Unicode>
                    </TextEquiv>
                    <TextStyle fontFamily="Arial" fontSize="8.0"/>
                </Word>
                <Word id="w_w2aab1b3b4b5b5ac95" language="English" custom="readingOrder {index:8;}">
                    <Coords points="995,1074 1030,1074 1030,1101 995,1101"/>
                    <TextEquiv>
                        <Unicode>de</Unicode>
                    </TextEquiv>
                    <TextStyle fontFamily="Arial" fontSize="8.0"/>
                </Word>
                <Word id="w_w2aab1b3b4b5b5ad101" language="English" custom="readingOrder {index:9;}">
                    <Coords points="1043,1076 1076,1076 1076,1101 1043,1101"/>
                    <TextEquiv>
                        <Unicode>M.</Unicode>
                    </TextEquiv>
                    <TextStyle fontFamily="Arial" fontSize="8.0"/>
                </Word>
                <Word id="w_w2aab1b3b4b5b5b1b1" language="English" custom="readingOrder {index:10;}">
                    <Coords points="1090,1076 1184,1076 1184,1105 1090,1105"/>
                    <TextEquiv>
                        <Unicode>Denon,</Unicode>
                    </TextEquiv>
                    <TextStyle fontFamily="Arial" fontSize="6.0"/>
                </Word>
                <Word id="w_w2aab1b3b4b5b5b2b1" language="English" custom="readingOrder {index:11;}">
                    <Coords points="1196,1079 1239,1079 1239,1101 1196,1101"/>
                    <TextEquiv>
                        <Unicode>est</Unicode>
                    </TextEquiv>
                    <TextStyle fontFamily="Arial" fontSize="8.0"/>
                </Word>
                <Word id="w_w2aab1b3b4b5b5b2b9" language="English" custom="readingOrder {index:12;}">
                    <Coords points="1251,1074 1395,1074 1395,1101 1251,1101"/>
                    <TextEquiv>
                        <Unicode>considéré</Unicode>
                    </TextEquiv>
                    <TextStyle fontFamily="Arial" fontSize="8.0"/>
                </Word>
                <Word id="w_w2aab1b3b4b5b5b2c29" language="English" custom="readingOrder {index:13;}">
                    <Coords points="1405,1084 1420,1084 1420,1096 1405,1096"/>
                    <TextEquiv>
                        <Unicode>«</Unicode>
                    </TextEquiv>
                    <TextStyle fontFamily="Arial" fontSize="8.0"/>
                </Word>
                <Word id="w_w2aab1b3b4b5b5b2c33" language="English" custom="readingOrder {index:14;}">
                    <Coords points="1431,1083 1541,1083 1541,1101 1431,1101"/>
                    <TextEquiv>
                        <Unicode>comme</Unicode>
                    </TextEquiv>
                    <TextStyle fontFamily="Arial" fontSize="8.0"/>
                </Word>
                <Word id="w_w2aab1b3b4b5b5b2c45" language="English" custom="readingOrder {index:15;}">
                    <Coords points="1554,1074 1578,1074 1578,1101 1554,1101"/>
                    <TextEquiv>
                        <Unicode>le</Unicode>
                    </TextEquiv>
                    <TextStyle fontFamily="Arial" fontSize="8.0"/>
                </Word>
                <Word id="w_w2aab1b3b4b5b5b2c51" language="English" custom="readingOrder {index:16;}">
                    <Coords points="1589,1076 1596,1076 1596,1101 1589,1101"/>
                    <TextEquiv>
                        <Unicode>1</Unicode>
                    </TextEquiv>
                    <TextStyle fontFamily="Arial" fontSize="8.0"/>
                </Word>
                <Word id="w_w2aab1b3b4b5b5b3b1" language="English" custom="readingOrder {index:17;}">
                    <Coords points="1600,1078 1616,1078 1616,1088 1600,1088"/>
                    <TextEquiv>
                        <Unicode>er</Unicode>
                    </TextEquiv>
                    <TextStyle fontFamily="Arial" fontSize="8.0" superscript="true"/>
                </Word>
                <Word id="w_w2aab1b3b4b5b5b4b3" language="English" custom="readingOrder {index:18;}">
                    <Coords points="1627,1074 1662,1074 1662,1101 1627,1101"/>
                    <TextEquiv>
                        <Unicode>de</Unicode>
                    </TextEquiv>
                    <TextStyle fontFamily="Arial" fontSize="8.0"/>
                </Word>
                <Word id="w_w2aab1b3b4b5b5b4b9" language="English" custom="readingOrder {index:19;}">
                    <Coords points="1675,1083 1738,1083 1738,1101 1675,1101"/>
                    <TextEquiv>
                        <Unicode>mon</Unicode>
                    </TextEquiv>
                    <TextStyle fontFamily="Arial" fontSize="8.0"/>
                </Word>
                <Word id="w_w2aab1b3b4b5b5b4c17" language="English" custom="readingOrder {index:20;}">
                    <Coords points="1751,1083 1838,1083 1838,1109 1751,1109"/>
                    <TextEquiv>
                        <Unicode>genre,</Unicode>
                    </TextEquiv>
                    <TextStyle fontFamily="Arial" fontSize="8.0"/>
                </Word>
                <Word id="w_w2aab1b3b4b5b5b4c31" language="English" custom="readingOrder {index:21;}">
                    <Coords points="1850,1074 1889,1074 1889,1101 1850,1101"/>
                    <TextEquiv>
                        <Unicode>dit</Unicode>
                    </TextEquiv>
                    <TextStyle fontFamily="Arial" fontSize="8.0"/>
                </Word>
                <Word id="w_w2aab1b3b4b5b5b4c39" language="English" custom="readingOrder {index:22;}">
                    <Coords points="1901,1074 1936,1074 1936,1101 1901,1101"/>
                    <TextEquiv>
                        <Unicode>de</Unicode>
                    </TextEquiv>
                    <TextStyle fontFamily="Arial" fontSize="8.0"/>
                </Word>
                <Word id="w_w2aab1b3b4b5b5b4c45" language="English" custom="readingOrder {index:23;}">
                    <Coords points="1949,1076 2061,1076 2061,1109 1949,1109"/>
                    <TextEquiv>
                        <Unicode>portrait</Unicode>
                    </TextEquiv>
                    <TextStyle fontFamily="Arial" fontSize="8.0"/>
                </Word>
                <Word id="w_w2aab1b3b4b5b5b4c63" language="English" custom="readingOrder {index:24;}">
                    <Coords points="2073,1074 2190,1074 2190,1105 2073,1105"/>
                    <TextEquiv>
                        <Unicode>historié,</Unicode>
                    </TextEquiv>
                    <TextStyle fontFamily="Arial" fontSize="8.0"/>
                </Word>
                <Word id="w_w2aab1b3b4b5b5b4c83" language="English" custom="readingOrder {index:25;}">
                    <Coords points="2202,1079 2231,1079 2231,1101 2202,1101"/>
                    <TextEquiv>
                        <Unicode>et</Unicode>
                    </TextEquiv>
                    <TextStyle fontFamily="Arial" fontSize="8.0"/>
                </Word>
                <Word id="w_w2aab1b3b4b5b5b4c89" language="English" custom="readingOrder {index:26;}">
                    <Coords points="2241,1074 2277,1074 2277,1109 2241,1109"/>
                    <TextEquiv>
                        <Unicode>j’ai</Unicode>
                    </TextEquiv>
                    <TextStyle fontFamily="Arial" fontSize="8.0"/>
                </Word>
                <TextEquiv>
                    <Unicode>ensuite obtenu des prix, et selon les rapports de M. DENON, est considéré « comme le 1er de mon genre, dit de portrait historié, et j’ai</Unicode>
                </TextEquiv>
            </TextLine>
            <TextLine id="tl_14" primaryLanguage="English" custom="readingOrder {index:3;}">
                <Coords points="310,1119 2277,1119 2277,1154 310,1154"/>
                <Baseline points="310,1154 418,1146 462,1146 553,1146 613,1146 749,1146 898,1146 952,1146 1046,1146 1104,1146 1239,1146 1269,1146 1295,1146 1404,1146 1468,1146 1525,1146 1597,1146 1641,1146 1838,1146 1980,1145 2014,1146 2207,1146 2277,1146"/>
                <Word id="w_w2aab1b3b4b5b7ab1" language="English" custom="readingOrder {index:0;}">
                    <Coords points="310,1119 418,1119 418,1154 310,1154"/>
                    <TextEquiv>
                        <Unicode>produit</Unicode>
                    </TextEquiv>
                    <TextStyle fontFamily="Arial" fontSize="8.0"/>
                </Word>
                <Word id="w_w2aab1b3b4b5b7ac17" language="English" custom="readingOrder {index:1;}">
                    <Coords points="429,1128 462,1128 462,1146 429,1146"/>
                    <TextEquiv>
                        <Unicode>en</Unicode>
                    </TextEquiv>
                    <TextStyle fontFamily="Arial" fontSize="8.0"/>
                </Word>
                <Word id="w_w2aab1b3b4b5b7ac23" language="English" custom="readingOrder {index:2;}">
                    <Coords points="474,1124 553,1124 553,1146 474,1146"/>
                    <TextEquiv>
                        <Unicode>outre</Unicode>
                    </TextEquiv>
                    <TextStyle fontFamily="Arial" fontSize="8.0"/>
                </Word>
                <Word id="w_w2aab1b3b4b5b7ac35" language="English" custom="readingOrder {index:3;}">
                    <Coords points="564,1119 613,1119 613,1146 564,1146"/>
                    <TextEquiv>
                        <Unicode>des</Unicode>
                    </TextEquiv>
                    <TextStyle fontFamily="Arial" fontSize="8.0"/>
                </Word>
                <Word id="w_w2aab1b3b4b5b7ac43" language="English" custom="readingOrder {index:4;}">
                    <Coords points="624,1119 749,1119 749,1146 624,1146"/>
                    <TextEquiv>
                        <Unicode>tableaux</Unicode>
                    </TextEquiv>
                    <TextStyle fontFamily="Arial" fontSize="8.0"/>
                </Word>
                <Word id="w_w2aab1b3b4b5b7ac61" language="English" custom="readingOrder {index:5;}">
                    <Coords points="761,1119 898,1119 898,1146 761,1146"/>
                    <TextEquiv>
                        <Unicode>d’histoire</Unicode>
                    </TextEquiv>
                    <TextStyle fontFamily="Arial" fontSize="8.0"/>
                </Word>
                <Word id="w_w2aab1b3b4b5b7ac83" language="English" custom="readingOrder {index:6;}">
                    <Coords points="909,1122 952,1122 952,1154 909,1154"/>
                    <TextEquiv>
                        <Unicode>qui</Unicode>
                    </TextEquiv>
                    <TextStyle fontFamily="Arial" fontSize="8.0"/>
                </Word>
                <Word id="w_w2aab1b3b4b5b7ac91" language="English" custom="readingOrder {index:7;}">
                    <Coords points="965,1119 1046,1119 1046,1146 965,1146"/>
                    <TextEquiv>
                        <Unicode>m’ont</Unicode>
                    </TextEquiv>
                    <TextStyle fontFamily="Arial" fontSize="8.0"/>
                </Word>
                <Word id="w_w2aab1b3b4b5b7ad103" language="English" custom="readingOrder {index:8;}">
                    <Coords points="1056,1119 1104,1119 1104,1146 1056,1146"/>
                    <TextEquiv>
                        <Unicode>fait</Unicode>
                    </TextEquiv>
                    <TextStyle fontFamily="Arial" fontSize="8.0"/>
                </Word>
                <Word id="w_w2aab1b3b4b5b7ad113" language="English" custom="readingOrder {index:9;}">
                    <Coords points="1116,1119 1239,1119 1239,1146 1116,1146"/>
                    <TextEquiv>
                        <Unicode>honneur</Unicode>
                    </TextEquiv>
                    <TextStyle fontFamily="Arial" fontSize="8.0"/>
                </Word>
                <Word id="w_w2aab1b3b4b5b7ad129" language="English" custom="readingOrder {index:10;}">
                    <Coords points="1248,1129 1269,1129 1269,1146 1248,1146"/>
                    <TextEquiv>
                        <Unicode>».</Unicode>
                    </TextEquiv>
                    <TextStyle fontFamily="Arial" fontSize="8.0"/>
                </Word>
                <Word id="w_w2aab1b3b4b5b7ad135" language="English" custom="readingOrder {index:11;}">
                    <Coords points="1281,1119 1295,1119 1295,1146 1281,1146"/>
                    <TextEquiv>
                        <Unicode>Il</Unicode>
                    </TextEquiv>
                    <TextStyle fontFamily="Arial" fontSize="8.0"/>
                </Word>
                <Word id="w_w2aab1b3b4b5b7ad141" language="English" custom="readingOrder {index:12;}">
                    <Coords points="1307,1121 1404,1121 1404,1154 1307,1154"/>
                    <TextEquiv>
                        <Unicode>espère</Unicode>
                    </TextEquiv>
                    <TextStyle fontFamily="Arial" fontSize="8.0"/>
                </Word>
                <Word id="w_w2aab1b3b4b5b7ad155" language="English" custom="readingOrder {index:13;}">
                    <Coords points="1415,1128 1468,1128 1468,1154 1415,1154"/>
                    <TextEquiv>
                        <Unicode>que</Unicode>
                    </TextEquiv>
                    <TextStyle fontFamily="Arial" fontSize="8.0"/>
                </Word>
                <Word id="w_w2aab1b3b4b5b7ad163" language="English" custom="readingOrder {index:14;}">
                    <Coords points="1479,1128 1525,1128 1525,1146 1479,1146"/>
                    <TextEquiv>
                        <Unicode>ces</Unicode>
                    </TextEquiv>
                    <TextStyle fontFamily="Arial" fontSize="8.0"/>
                </Word>
                <Word id="w_w2aab1b3b4b5b7ad171" language="English" custom="readingOrder {index:15;}">
                    <Coords points="1535,1119 1597,1119 1597,1146 1535,1146"/>
                    <TextEquiv>
                        <Unicode>faits</Unicode>
                    </TextEquiv>
                    <TextStyle fontFamily="Arial" fontSize="8.0"/>
                </Word>
                <Word id="w_w2aab1b3b4b5b7ad183" language="English" custom="readingOrder {index:16;}">
                    <Coords points="1610,1119 1641,1119 1641,1146 1610,1146"/>
                    <TextEquiv>
                        <Unicode>lui</Unicode>
                    </TextEquiv>
                    <TextStyle fontFamily="Arial" fontSize="8.0"/>
                </Word>
                <Word id="w_w2aab1b3b4b5b7ad191" language="English" custom="readingOrder {index:17;}">
                    <Coords points="1655,1124 1838,1124 1838,1154 1655,1154"/>
                    <TextEquiv>
                        <Unicode>permettront</Unicode>
                    </TextEquiv>
                    <TextStyle fontFamily="Arial" fontSize="8.0"/>
                </Word>
                <Word id="w_w2aab1b3b4b5b7ad215" language="English" custom="readingOrder {index:18;}">
                    <Coords points="1849,1119 1980,1119 1980,1146 1849,1146"/>
                    <TextEquiv>
                        <Unicode>d’obtenir</Unicode>
                    </TextEquiv>
                    <TextStyle fontFamily="Arial" fontSize="8.0"/>
                </Word>
                <Word id="w_w2aab1b3b4b5b7ad235" language="English" custom="readingOrder {index:19;}">
                    <Coords points="1992,1119 2014,1119 2014,1146 1992,1146"/>
                    <TextEquiv>
                        <Unicode>la</Unicode>
                    </TextEquiv>
                    <TextStyle fontFamily="Arial" fontSize="8.0"/>
                </Word>
                <Word id="w_w2aab1b3b4b5b7ad241" language="English" custom="readingOrder {index:20;}">
                    <Coords points="2026,1122 2207,1122 2207,1154 2026,1154"/>
                    <TextEquiv>
                        <Unicode>récompense</Unicode>
                    </TextEquiv>
                    <TextStyle fontFamily="Arial" fontSize="8.0"/>
                </Word>
                <Word id="w_w2aab1b3b4b5b7ad263" language="English" custom="readingOrder {index:21;}">
                    <Coords points="2218,1119 2277,1119 2277,1154 2218,1154"/>
                    <TextEquiv>
                        <Unicode>qu’il</Unicode>
                    </TextEquiv>
                    <TextStyle fontFamily="Arial" fontSize="8.0"/>
                </Word>
                <TextEquiv>
                    <Unicode>produit en outre des tableaux d’histoire qui m’ont fait honneur ». Il espère que ces faits lui permettront d’obtenir la récompense qu’il</Unicode>
                </TextEquiv>
                <TextStyle fontFamily="Arial" fontSize="8.0"/>
            </TextLine>
            <TextLine id="tl_15" primaryLanguage="English" custom="readingOrder {index:4;}">
                <Coords points="309,1164 939,1164 939,1199 309,1199"/>
                <Baseline points="309,1191 403,1191 486,1191 557,1191 646,1191 724,1191 764,1191 791,1191 819,1178 939,1191"/>
                <Word id="w_w2aab1b3b4b5b9ab1" language="English" custom="readingOrder {index:0;}">
                    <Coords points="309,1164 403,1164 403,1191 309,1191"/>
                    <TextEquiv>
                        <Unicode>attend</Unicode>
                    </TextEquiv>
                    <TextStyle fontFamily="Arial" fontSize="8.0"/>
                </Word>
                <Word id="w_w2aab1b3b4b5b9ac15" language="English" custom="readingOrder {index:1;}">
                    <Coords points="416,1164 486,1164 486,1191 416,1191"/>
                    <TextEquiv>
                        <Unicode>alors</Unicode>
                    </TextEquiv>
                    <TextStyle fontFamily="Arial" fontSize="8.0"/>
                </Word>
                <Word id="w_w2aab1b3b4b5b9ac27" language="English" custom="readingOrder {index:2;}">
                    <Coords points="498,1164 557,1164 557,1199 498,1199"/>
                    <TextEquiv>
                        <Unicode>qu'il</Unicode>
                    </TextEquiv>
                    <TextStyle fontFamily="Arial" fontSize="8.0"/>
                </Word>
                <Word id="w_w2aab1b3b4b5b9ac39" language="English" custom="readingOrder {index:3;}">
                    <Coords points="570,1169 646,1169 646,1191 570,1191"/>
                    <TextEquiv>
                        <Unicode>entre</Unicode>
                    </TextEquiv>
                    <TextStyle fontFamily="Arial" fontSize="8.0"/>
                </Word>
                <Word id="w_w2aab1b3b4b5b9ac51" language="English" custom="readingOrder {index:4;}">
                    <Coords points="658,1164 724,1164 724,1191 658,1191"/>
                    <TextEquiv>
                        <Unicode>dans</Unicode>
                    </TextEquiv>
                    <TextStyle fontFamily="Arial" fontSize="8.0"/>
                </Word>
                <Word id="w_w2aab1b3b4b5b9ac61" language="English" custom="readingOrder {index:5;}">
                    <Coords points="736,1173 764,1173 764,1191 736,1191"/>
                    <TextEquiv>
                        <Unicode>sa</Unicode>
                    </TextEquiv>
                    <TextStyle fontFamily="Arial" fontSize="8.0"/>
                </Word>
                <Word id="w_w2aab1b3b4b5b9ac67" language="English" custom="readingOrder {index:6;}">
                    <Coords points="776,1166 808,1166 808,1191 776,1191"/>
                    <TextEquiv>
                        <Unicode>65</Unicode>
                    </TextEquiv>
                    <TextStyle fontFamily="Arial" fontSize="8.0"/>
                </Word>
                <Word id="w_w2aab1b3b4b5b9b1b1" language="English" custom="readingOrder {index:7;}">
                    <Coords points="810,1168 819,1168 819,1178 810,1178"/>
                    <TextEquiv>
                        <Unicode>e</Unicode>
                    </TextEquiv>
                    <TextStyle fontFamily="Arial" fontSize="8.0" superscript="true"/>
                </Word>
                <Word id="w_w2aab1b3b4b5b9b2b3" language="English" custom="readingOrder {index:8;}">
                    <Coords points="830,1167 939,1167 939,1191 830,1191"/>
                    <TextEquiv>
                        <Unicode>année...</Unicode>
                    </TextEquiv>
                    <TextStyle fontFamily="Arial" fontSize="8.0"/>
                </Word>
                <TextEquiv>
                    <Unicode>attend alors qu'il entre dans sa 65e année...</Unicode>
                </TextEquiv>
            </TextLine>
            <TextEquiv>
                <Unicode>Il rappelle les traits marquants de sa carrière : « En 1790 je débutai au Salon d’Exposition, avec assés de succès pour mériter que les
artistes réunis me nommassent membre de la Commission des Beaux-arts » en même temps que David, Régnault, Vincent, etc. Il a
ensuite obtenu des prix, et selon les rapports de M. DENON, est considéré « comme le 1er de mon genre, dit de portrait historié, et j’ai
produit en outre des tableaux d’histoire qui m’ont fait honneur ». Il espère que ces faits lui permettront d’obtenir la récompense qu’il
attend alors qu'il entre dans sa 65e année...</Unicode>
            </TextEquiv>
        </TextRegion>
        <TextRegion type="paragraph" id="r_2_5" custom="readingOrder {index:5;}">
            <Coords points="202,1273 2279,1273 2279,1310 202,1310"/>
            <TextLine id="tl_16" primaryLanguage="English" custom="readingOrder {index:0;}">
                <Coords points="203,1274 2278,1274 2278,1309 203,1309"/>
                <Baseline points="203,1300 216,1300 237,1300 446,1301 476,1300 872,1301 972,1305 1132,1301 1188,1301 1288,1301 1364,1305 1411,1301 1570,1301 1606,1301 1897,1301 1915,1304 1944,1301 2041,1301 2084,1301 2189,1301 2259,1301 2278,1305"/>
                <Word id="w_w2aab1b3b4b7b1ab1" language="English" custom="readingOrder {index:0;}">
                    <Coords points="203,1274 216,1274 216,1300 203,1300"/>
                    <TextEquiv>
                        <Unicode>f</Unicode>
                    </TextEquiv>
                    <TextStyle fontFamily="Arial" fontSize="8.0" italic="true"/>
                </Word>
                <Word id="w_w2aab1b3b4b7b1b2b1" language="English" custom="readingOrder {index:1;}">
                    <Coords points="222,1276 261,1276 261,1301 222,1301"/>
                    <TextEquiv>
                        <Unicode>72.</Unicode>
                    </TextEquiv>
                    <TextStyle fontFamily="Arial" fontSize="7.0"/>
                </Word>
                <Word id="w_w2aab1b3b4b7b1b3b1" language="English" custom="readingOrder {index:2;}">
                    <Coords points="309,1275 446,1275 446,1309 309,1309"/>
                    <TextEquiv>
                        <Unicode>Ruggiero</Unicode>
                    </TextEquiv>
                    <TextStyle fontFamily="Arial" fontSize="8.0" bold="true"/>
                </Word>
                <Word id="w_w2aab1b3b4b7b1b3c19" language="English" custom="readingOrder {index:3;}">
                    <Coords points="461,1274 699,1274 699,1309 461,1309"/>
                    <TextEquiv>
                        <Unicode>LEONCAVALLO</Unicode>
                    </TextEquiv>
                    <TextStyle fontFamily="Arial" fontSize="8.0" bold="true"/>
                </Word>
                <Word id="w_w2aab1b3b4b7b1b4b1" language="English" custom="readingOrder {index:4;}">
                    <Coords points="713,1274 872,1274 872,1309 713,1309"/>
                    <TextEquiv>
                        <Unicode>(1858-1919).</Unicode>
                    </TextEquiv>
                    <TextStyle fontFamily="Arial" fontSize="8.0"/>
                </Word>
                <Word id="w_w2aab1b3b4b7b1b4c27" language="English" custom="readingOrder {index:5;}">
                    <Coords points="888,1276 972,1276 972,1305 888,1305"/>
                    <TextEquiv>
                        <Unicode>L.A.S.,</Unicode>
                    </TextEquiv>
                    <TextStyle fontFamily="Arial" fontSize="8.0"/>
                </Word>
                <Word id="w_w2aab1b3b4b7b1b4c43" language="English" custom="readingOrder {index:6;}">
                    <Coords points="988,1276 1166,1276 1166,1301 988,1301"/>
                    <TextEquiv>
                        <Unicode>Montecatini</Unicode>
                    </TextEquiv>
                    <TextStyle fontFamily="Arial" fontSize="8.0"/>
                </Word>
                <Word id="w_w2aab1b3b4b7b1b5b1" language="English" custom="readingOrder {index:7;}">
                    <Coords points="1181,1276 1207,1276 1207,1301 1181,1301"/>
                    <TextEquiv>
                        <Unicode>17</Unicode>
                    </TextEquiv>
                    <TextStyle fontFamily="Arial" fontSize="7.0"/>
                </Word>
                <Word id="w_w2aab1b3b4b7b1b6b1" language="English" custom="readingOrder {index:8;}">
                    <Coords points="1221,1276 1288,1276 1288,1301 1221,1301"/>
                    <TextEquiv>
                        <Unicode>août</Unicode>
                    </TextEquiv>
                    <TextStyle fontFamily="Arial" fontSize="8.0"/>
                </Word>
                <Word id="w_w2aab1b3b4b7b1b6c11" language="English" custom="readingOrder {index:9;}">
                    <Coords points="1301,1276 1364,1276 1364,1305 1301,1305"/>
                    <TextEquiv>
                        <Unicode>1914,</Unicode>
                    </TextEquiv>
                    <TextStyle fontFamily="Arial" fontSize="8.0"/>
                </Word>
                <Word id="w_w2aab1b3b4b7b1b6c23" language="English" custom="readingOrder {index:10;}">
                    <Coords points="1379,1283 1411,1283 1411,1301 1379,1301"/>
                    <TextEquiv>
                        <Unicode>au</Unicode>
                    </TextEquiv>
                    <TextStyle fontFamily="Arial" fontSize="8.0"/>
                </Word>
                <Word id="w_w2aab1b3b4b7b1b6c29" language="English" custom="readingOrder {index:11;}">
                    <Coords points="1428,1274 1570,1274 1570,1301 1428,1301"/>
                    <TextEquiv>
                        <Unicode>librettiste</Unicode>
                    </TextEquiv>
                    <TextStyle fontFamily="Arial" fontSize="8.0"/>
                </Word>
                <Word id="w_w2aab1b3b4b7b1b6c53" language="English" custom="readingOrder {index:12;}">
                    <Coords points="1584,1274 1769,1274 1769,1301 1584,1301"/>
                    <TextEquiv>
                        <Unicode>Giovacchino</Unicode>
                    </TextEquiv>
                    <TextStyle fontFamily="Arial" fontSize="8.0"/>
                </Word>
                <Word id="w_w2aab1b3b4b7b1b7b1" language="English" custom="readingOrder {index:13;}">
                    <Coords points="1784,1276 1897,1276 1897,1301 1784,1301"/>
                    <TextEquiv>
                        <Unicode>Forzano</Unicode>
                    </TextEquiv>
                    <TextStyle fontFamily="Arial" fontSize="7.0"/>
                </Word>
                <Word id="w_w2aab1b3b4b7b1b7c17" language="English" custom="readingOrder {index:14;}">
                    <Coords points="1911,1283 1915,1283 1915,1304 1911,1304"/>
                    <TextEquiv>
                        <Unicode>;</Unicode>
                    </TextEquiv>
                    <TextStyle fontFamily="Arial" fontSize="7.0"/>
                </Word>
                <Word id="w_w2aab1b3b4b7b1b7c21" language="English" custom="readingOrder {index:15;}">
                    <Coords points="1929,1276 1944,1276 1944,1309 1929,1309"/>
                    <TextEquiv>
                        <Unicode>7</Unicode>
                    </TextEquiv>
                    <TextStyle fontFamily="Arial" fontSize="7.0"/>
                </Word>
                <Word id="w_w2aab1b3b4b7b1b8b1" language="English" custom="readingOrder {index:16;}">
                    <Coords points="1959,1283 2041,1283 2041,1309 1959,1309"/>
                    <TextEquiv>
                        <Unicode>pages</Unicode>
                    </TextEquiv>
                    <TextStyle fontFamily="Arial" fontSize="8.0"/>
                </Word>
                <Word id="w_w2aab1b3b4b7b1b8c13" language="English" custom="readingOrder {index:17;}">
                    <Coords points="2055,1279 2084,1279 2084,1301 2055,1301"/>
                    <TextEquiv>
                        <Unicode>et</Unicode>
                    </TextEquiv>
                    <TextStyle fontFamily="Arial" fontSize="8.0"/>
                </Word>
                <Word id="w_w2aab1b3b4b7b1b8c19" language="English" custom="readingOrder {index:18;}">
                    <Coords points="2098,1274 2189,1274 2189,1301 2098,1301"/>
                    <TextEquiv>
                        <Unicode>demie</Unicode>
                    </TextEquiv>
                    <TextStyle fontFamily="Arial" fontSize="8.0"/>
                </Word>
                <Word id="w_w2aab1b3b4b7b1b8c31" language="English" custom="readingOrder {index:19;}">
                    <Coords points="2205,1276 2259,1276 2259,1301 2205,1301"/>
                    <TextEquiv>
                        <Unicode>in-8</Unicode>
                    </TextEquiv>
                    <TextStyle fontFamily="Arial" fontSize="8.0"/>
                </Word>
                <Word id="w_w2aab1b3b4b7b1b8c41" language="English" custom="readingOrder {index:20;}">
                    <Coords points="2274,1283 2278,1283 2278,1305 2274,1305"/>
                    <TextEquiv>
                        <Unicode>;</Unicode>
                    </TextEquiv>
                    <TextStyle fontFamily="Arial" fontSize="8.0"/>
                </Word>
                <TextEquiv>
                    <Unicode>f 72. Ruggiero LEONCAVALLO (1858-1919). L.A.S., Montecatini 17 août 1914, au librettiste Giovacchino FORZANO ; 7 pages et demie in-8 ;</Unicode>
                </TextEquiv>
            </TextLine>
            <TextEquiv>
                <Unicode>f 72. Ruggiero LEONCAVALLO (1858-1919). L.A.S., Montecatini 17 août 1914, au librettiste Giovacchino FORZANO ; 7 pages et demie in-8 ;</Unicode>
            </TextEquiv>
        </TextRegion>
        <TextRegion type="paragraph" id="r_2_6" custom="readingOrder {index:6;}">
            <Coords points="307,1318 2279,1318 2279,1347 307,1347"/>
            <TextLine id="tl_17" primaryLanguage="English" custom="readingOrder {index:0;}">
                <Coords points="308,1319 2278,1319 2278,1346 308,1346"/>
                <Baseline points="308,1346 342,1346 451,1346 2278,1346"/>
                <Word id="w_w2aab1b3b4b9b1ab1" language="English" custom="readingOrder {index:0;}">
                    <Coords points="308,1328 342,1328 342,1346 308,1346"/>
                    <TextEquiv>
                        <Unicode>en</Unicode>
                    </TextEquiv>
                    <TextStyle fontFamily="Arial" fontSize="8.0"/>
                </Word>
                <Word id="w_w2aab1b3b4b9b1ab7" language="English" custom="readingOrder {index:1;}">
                    <Coords points="356,1319 451,1319 451,1346 356,1346"/>
                    <TextEquiv>
                        <Unicode>italien.</Unicode>
                    </TextEquiv>
                    <TextStyle fontFamily="Arial" fontSize="8.0"/>
                </Word>
                <Word id="w_w2aab1b3b4b9b1ac25" language="English" custom="readingOrder {index:2;}">
                    <Coords points="2147,1321 2278,1321 2278,1346 2147,1346"/>
                    <TextEquiv>
                        <Unicode>300/400</Unicode>
                    </TextEquiv>
                    <TextStyle fontFamily="Arial" fontSize="8.0"/>
                </Word>
                <TextEquiv>
                    <Unicode>en italien. 300/400</Unicode>
                </TextEquiv>
                <TextStyle fontFamily="Arial" fontSize="8.0"/>
            </TextLine>
            <TextEquiv>
                <Unicode>en italien. 300/400</Unicode>
            </TextEquiv>
        </TextRegion>
        <TextRegion type="paragraph" id="r_2_7" custom="readingOrder {index:7;}">
            <Coords points="307,1379 2280,1379 2280,1822 307,1822"/>
            <TextLine id="tl_18" primaryLanguage="English" custom="readingOrder {index:0;}">
                <Coords points="345,1380 2278,1380 2278,1415 345,1415"/>
                <Baseline points="345,1407 443,1407 481,1407 652,1407 741,1407 768,1407 867,1408 908,1407 974,1407 1005,1408 1137,1407 1260,1407 1389,1408 1417,1408 1516,1408 1555,1408 1585,1408 1696,1407 1779,1407 1827,1407 1987,1407 2190,1407 2240,1408 2278,1408"/>
                <Word id="w_w2aab1b3b4c11b1ab1" language="English" custom="readingOrder {index:0;}">
                    <Coords points="345,1383 443,1383 443,1408 345,1408"/>
                    <TextEquiv>
                        <Unicode>Longue</Unicode>
                    </TextEquiv>
                    <TextStyle fontFamily="Arial" fontSize="6.0"/>
                </Word>
                <Word id="w_w2aab1b3b4c11b1ac15" language="English" custom="readingOrder {index:1;}">
                    <Coords points="457,1390 481,1390 481,1407 457,1407"/>
                    <TextEquiv>
                        <Unicode>et</Unicode>
                    </TextEquiv>
                    <TextStyle fontFamily="Arial" fontSize="6.0"/>
                </Word>
                <Word id="w_w2aab1b3b4c11b1ac21" language="English" custom="readingOrder {index:2;}">
                    <Coords points="495,1385 652,1385 652,1408 495,1408"/>
                    <TextEquiv>
                        <Unicode>intéressante</Unicode>
                    </TextEquiv>
                    <TextStyle fontFamily="Arial" fontSize="6.0"/>
                </Word>
                <Word id="w_w2aab1b3b4c11b1ac47" language="English" custom="readingOrder {index:3;}">
                    <Coords points="666,1390 741,1390 741,1407 666,1407"/>
                    <TextEquiv>
                        <Unicode>lettre</Unicode>
                    </TextEquiv>
                    <TextStyle fontFamily="Arial" fontSize="6.0"/>
                </Word>
                <Word id="w_w2aab1b3b4c11b1ac61" language="English" custom="readingOrder {index:4;}">
                    <Coords points="753,1385 768,1385 768,1407 753,1407"/>
                    <TextEquiv>
                        <Unicode>à</Unicode>
                    </TextEquiv>
                    <TextStyle fontFamily="Arial" fontSize="6.0"/>
                </Word>
                <Word id="w_w2aab1b3b4c11b1ac65" language="English" custom="readingOrder {index:5;}">
                    <Coords points="782,1390 867,1390 867,1408 782,1408"/>
                    <TextEquiv>
                        <Unicode>propos</Unicode>
                    </TextEquiv>
                    <TextStyle fontFamily="Arial" fontSize="6.0"/>
                </Word>
                <Word id="w_w2aab1b3b4c11b1ac79" language="English" custom="readingOrder {index:6;}">
                    <Coords points="882,1390 908,1390 908,1407 882,1407"/>
                    <TextEquiv>
                        <Unicode>de</Unicode>
                    </TextEquiv>
                    <TextStyle fontFamily="Arial" fontSize="6.0"/>
                </Word>
                <Word id="w_w2aab1b3b4c11b1ac85" language="English" custom="readingOrder {index:7;}">
                    <Coords points="922,1390 974,1390 974,1408 922,1408"/>
                    <TextEquiv>
                        <Unicode>leur</Unicode>
                    </TextEquiv>
                    <TextStyle fontFamily="Arial" fontSize="6.0"/>
                </Word>
                <Word id="w_w2aab1b3b4c11b1ac95" language="English" custom="readingOrder {index:8;}">
                    <Coords points="987,1383 1095,1383 1095,1408 987,1408"/>
                    <TextEquiv>
                        <Unicode>opérette</Unicode>
                    </TextEquiv>
                    <TextStyle fontFamily="Arial" fontSize="6.0"/>
                </Word>
                <Word id="w_w2aab1b3b4c11b1b1b1" language="English" custom="readingOrder {index:9;}">
                    <Coords points="1107,1383 1137,1383 1137,1407 1107,1407"/>
                    <TextEquiv>
                        <Unicode>La</Unicode>
                    </TextEquiv>
                    <TextStyle fontFamily="Arial" fontSize="6.0" italic="true"/>
                </Word>
                <Word id="w_w2aab1b3b4c11b1b1b7" language="English" custom="readingOrder {index:10;}">
                    <Coords points="1153,1383 1285,1383 1285,1408 1153,1408"/>
                    <TextEquiv>
                        <Unicode>Candidata</Unicode>
                    </TextEquiv>
                    <TextStyle fontFamily="Arial" fontSize="6.0" italic="true"/>
                </Word>
                <Word id="w_w2aab1b3b4c11b1b3b1" language="English" custom="readingOrder {index:11;}">
                    <Coords points="1300,1381 1389,1381 1389,1415 1300,1415"/>
                    <TextEquiv>
                        <Unicode>(créée</Unicode>
                    </TextEquiv>
                    <TextStyle fontFamily="Arial" fontSize="8.0"/>
                </Word>
                <Word id="w_w2aab1b3b4c11b1b3c15" language="English" custom="readingOrder {index:12;}">
                    <Coords points="1403,1383 1417,1383 1417,1408 1403,1408"/>
                    <TextEquiv>
                        <Unicode>à</Unicode>
                    </TextEquiv>
                    <TextStyle fontFamily="Arial" fontSize="8.0"/>
                </Word>
                <Word id="w_w2aab1b3b4c11b1b3c19" language="English" custom="readingOrder {index:13;}">
                    <Coords points="1433,1383 1516,1383 1516,1408 1433,1408"/>
                    <TextEquiv>
                        <Unicode>Rome</Unicode>
                    </TextEquiv>
                    <TextStyle fontFamily="Arial" fontSize="8.0"/>
                </Word>
                <Word id="w_w2aab1b3b4c11b1b3c29" language="English" custom="readingOrder {index:14;}">
                    <Coords points="1532,1380 1555,1380 1555,1408 1532,1408"/>
                    <TextEquiv>
                        <Unicode>le</Unicode>
                    </TextEquiv>
                    <TextStyle fontFamily="Arial" fontSize="8.0"/>
                </Word>
                <Word id="w_w2aab1b3b4c11b1b3c35" language="English" custom="readingOrder {index:15;}">
                    <Coords points="1570,1383 1585,1383 1585,1408 1570,1408"/>
                    <TextEquiv>
                        <Unicode>6</Unicode>
                    </TextEquiv>
                    <TextStyle fontFamily="Arial" fontSize="8.0"/>
                </Word>
                <Word id="w_w2aab1b3b4c11b1b3c39" language="English" custom="readingOrder {index:16;}">
                    <Coords points="1599,1380 1696,1380 1696,1408 1599,1408"/>
                    <TextEquiv>
                        <Unicode>février</Unicode>
                    </TextEquiv>
                    <TextStyle fontFamily="Arial" fontSize="8.0"/>
                </Word>
                <Word id="w_w2aab1b3b4c11b1b3c55" language="English" custom="readingOrder {index:17;}">
                    <Coords points="1709,1381 1779,1381 1779,1415 1709,1415"/>
                    <TextEquiv>
                        <Unicode>1915).</Unicode>
                    </TextEquiv>
                    <TextStyle fontFamily="Arial" fontSize="8.0"/>
                </Word>
                <Word id="w_w2aab1b3b4c11b1b3c69" language="English" custom="readingOrder {index:18;}">
                    <Coords points="1795,1383 1827,1383 1827,1407 1795,1407"/>
                    <TextEquiv>
                        <Unicode>En</Unicode>
                    </TextEquiv>
                    <TextStyle fontFamily="Arial" fontSize="8.0"/>
                </Word>
                <Word id="w_w2aab1b3b4c11b1b3c75" language="English" custom="readingOrder {index:19;}">
                    <Coords points="1842,1380 1987,1380 1987,1408 1842,1408"/>
                    <TextEquiv>
                        <Unicode>attendant</Unicode>
                    </TextEquiv>
                    <TextStyle fontFamily="Arial" fontSize="8.0"/>
                </Word>
                <Word id="w_w2aab1b3b4c11b1b3c95" language="English" custom="readingOrder {index:20;}">
                    <Coords points="2001,1380 2190,1380 2190,1408 2001,1408"/>
                    <TextEquiv>
                        <Unicode>confirmation</Unicode>
                    </TextEquiv>
                    <TextStyle fontFamily="Arial" fontSize="8.0"/>
                </Word>
                <Word id="w_w2aab1b3b4c11b1b3d121" language="English" custom="readingOrder {index:21;}">
                    <Coords points="2205,1380 2240,1380 2240,1408 2205,1408"/>
                    <TextEquiv>
                        <Unicode>de</Unicode>
                    </TextEquiv>
                    <TextStyle fontFamily="Arial" fontSize="8.0"/>
                </Word>
                <Word id="w_w2aab1b3b4c11b1b3d127" language="English" custom="readingOrder {index:22;}">
                    <Coords points="2256,1380 2278,1380 2278,1408 2256,1408"/>
                    <TextEquiv>
                        <Unicode>la</Unicode>
                    </TextEquiv>
                    <TextStyle fontFamily="Arial" fontSize="8.0"/>
                </Word>
                <TextEquiv>
                    <Unicode>LONGUE ET INTÉRESSANTE LETTRE À PROPOS DE LEUR OPÉRETTE LA CANDIDATA (créée à Rome le 6 février 1915). En attendant confirmation de la</Unicode>
                </TextEquiv>
            </TextLine>
            <TextLine id="tl_19" primaryLanguage="English" custom="readingOrder {index:1;}">
                <Coords points="308,1425 2278,1425 2278,1461 308,1461"/>
                <Baseline points="308,1453 480,1456 673,1452 703,1453 847,1452 913,1453 1057,1452 1101,1452 1131,1453 1240,1453 1330,1453 1375,1453 1511,1452 1643,1453 1672,1453 1765,1453 1803,1452 1885,1453 1964,1452 2004,1453 2107,1452 2227,1452 2278,1453"/>
                <Word id="w_w2aab1b3b4c11b3ab1" language="English" custom="readingOrder {index:0;}">
                    <Coords points="308,1425 480,1425 480,1456 308,1456"/>
                    <TextEquiv>
                        <Unicode>commande,</Unicode>
                    </TextEquiv>
                    <TextStyle fontFamily="Arial" fontSize="8.0"/>
                </Word>
                <Word id="w_w2aab1b3b4c11b3ac21" language="English" custom="readingOrder {index:1;}">
                    <Coords points="498,1425 673,1425 673,1453 498,1453"/>
                    <TextEquiv>
                        <Unicode>Leoncavallo</Unicode>
                    </TextEquiv>
                    <TextStyle fontFamily="Arial" fontSize="8.0"/>
                </Word>
                <Word id="w_w2aab1b3b4c11b3ac45" language="English" custom="readingOrder {index:2;}">
                    <Coords points="689,1435 703,1435 703,1453 689,1453"/>
                    <TextEquiv>
                        <Unicode>a</Unicode>
                    </TextEquiv>
                    <TextStyle fontFamily="Arial" fontSize="8.0"/>
                </Word>
                <Word id="w_w2aab1b3b4c11b3ac49" language="English" custom="readingOrder {index:3;}">
                    <Coords points="719,1428 883,1428 883,1453 719,1453"/>
                    <TextEquiv>
                        <Unicode>commencé</Unicode>
                    </TextEquiv>
                    <TextStyle fontFamily="Arial" fontSize="8.0"/>
                </Word>
                <Word id="w_w2aab1b3b4c11b3b1b1" language="English" custom="readingOrder {index:4;}">
                    <Coords points="899,1428 913,1428 913,1453 899,1453"/>
                    <TextEquiv>
                        <Unicode>à</Unicode>
                    </TextEquiv>
                    <TextStyle fontFamily="Arial" fontSize="6.0"/>
                </Word>
                <Word id="w_w2aab1b3b4c11b3b2b1" language="English" custom="readingOrder {index:5;}">
                    <Coords points="928,1425 1057,1425 1057,1453 928,1453"/>
                    <TextEquiv>
                        <Unicode>travailler</Unicode>
                    </TextEquiv>
                    <TextStyle fontFamily="Arial" fontSize="8.0"/>
                </Word>
                <Word id="w_w2aab1b3b4c11b3b2c23" language="English" custom="readingOrder {index:6;}">
                    <Coords points="1072,1431 1101,1431 1101,1453 1072,1453"/>
                    <TextEquiv>
                        <Unicode>et</Unicode>
                    </TextEquiv>
                    <TextStyle fontFamily="Arial" fontSize="8.0"/>
                </Word>
                <Word id="w_w2aab1b3b4c11b3b2c29" language="English" custom="readingOrder {index:7;}">
                    <Coords points="1118,1425 1131,1425 1131,1453 1118,1453"/>
                    <TextEquiv>
                        <Unicode>il</Unicode>
                    </TextEquiv>
                    <TextStyle fontFamily="Arial" fontSize="8.0"/>
                </Word>
                <Word id="w_w2aab1b3b4c11b3b2c35" language="English" custom="readingOrder {index:8;}">
                    <Coords points="1147,1425 1240,1425 1240,1453 1147,1453"/>
                    <TextEquiv>
                        <Unicode>faudra</Unicode>
                    </TextEquiv>
                    <TextStyle fontFamily="Arial" fontSize="8.0"/>
                </Word>
                <Word id="w_w2aab1b3b4c11b3b2c49" language="English" custom="readingOrder {index:9;}">
                    <Coords points="1256,1425 1330,1425 1330,1461 1256,1461"/>
                    <TextEquiv>
                        <Unicode>qu’ils</Unicode>
                    </TextEquiv>
                    <TextStyle fontFamily="Arial" fontSize="8.0"/>
                </Word>
                <Word id="w_w2aab1b3b4c11b3b2c63" language="English" custom="readingOrder {index:10;}">
                    <Coords points="1346,1435 1375,1435 1375,1453 1346,1453"/>
                    <TextEquiv>
                        <Unicode>se</Unicode>
                    </TextEquiv>
                    <TextStyle fontFamily="Arial" fontSize="8.0"/>
                </Word>
                <Word id="w_w2aab1b3b4c11b3b2c69" language="English" custom="readingOrder {index:11;}">
                    <Coords points="1392,1431 1511,1431 1511,1453 1392,1453"/>
                    <TextEquiv>
                        <Unicode>mettent</Unicode>
                    </TextEquiv>
                    <TextStyle fontFamily="Arial" fontSize="8.0"/>
                </Word>
                <Word id="w_w2aab1b3b4c11b3b2c85" language="English" custom="readingOrder {index:12;}">
                    <Coords points="1527,1428 1643,1428 1643,1453 1527,1453"/>
                    <TextEquiv>
                        <Unicode>aussitôt</Unicode>
                    </TextEquiv>
                    <TextStyle fontFamily="Arial" fontSize="8.0"/>
                </Word>
                <Word id="w_w2aab1b3b4c11b3b2d103" language="English" custom="readingOrder {index:13;}">
                    <Coords points="1658,1428 1672,1428 1672,1453 1658,1453"/>
                    <TextEquiv>
                        <Unicode>à</Unicode>
                    </TextEquiv>
                    <TextStyle fontFamily="Arial" fontSize="8.0"/>
                </Word>
                <Word id="w_w2aab1b3b4c11b3b2d107" language="English" custom="readingOrder {index:14;}">
                    <Coords points="1690,1425 1765,1425 1765,1453 1690,1453"/>
                    <TextEquiv>
                        <Unicode>l’acte</Unicode>
                    </TextEquiv>
                    <TextStyle fontFamily="Arial" fontSize="8.0"/>
                </Word>
                <Word id="w_w2aab1b3b4c11b3b2d121" language="English" custom="readingOrder {index:15;}">
                    <Coords points="1783,1428 1803,1428 1803,1452 1783,1452"/>
                    <TextEquiv>
                        <Unicode>III</Unicode>
                    </TextEquiv>
                    <TextStyle fontFamily="Arial" fontSize="8.0"/>
                </Word>
                <Word id="w_w2aab1b3b4c11b3b2d129" language="English" custom="readingOrder {index:16;}">
                    <Coords points="1821,1435 1885,1435 1885,1453 1821,1453"/>
                    <TextEquiv>
                        <Unicode>avec</Unicode>
                    </TextEquiv>
                    <TextStyle fontFamily="Arial" fontSize="8.0"/>
                </Word>
                <Word id="w_w2aab1b3b4c11b3b2d139" language="English" custom="readingOrder {index:17;}">
                    <Coords points="1900,1430 1964,1430 1964,1453 1900,1453"/>
                    <TextEquiv>
                        <Unicode>tout</Unicode>
                    </TextEquiv>
                    <TextStyle fontFamily="Arial" fontSize="8.0"/>
                </Word>
                <Word id="w_w2aab1b3b4c11b3b2d149" language="English" custom="readingOrder {index:18;}">
                    <Coords points="1981,1425 2004,1425 2004,1453 1981,1453"/>
                    <TextEquiv>
                        <Unicode>le</Unicode>
                    </TextEquiv>
                    <TextStyle fontFamily="Arial" fontSize="8.0"/>
                </Word>
                <Word id="w_w2aab1b3b4c11b3b2d155" language="English" custom="readingOrder {index:19;}">
                    <Coords points="2019,1425 2107,1425 2107,1453 2019,1453"/>
                    <TextEquiv>
                        <Unicode>talent</Unicode>
                    </TextEquiv>
                    <TextStyle fontFamily="Arial" fontSize="8.0"/>
                </Word>
                <Word id="w_w2aab1b3b4c11b3b2d169" language="English" custom="readingOrder {index:20;}">
                    <Coords points="2123,1425 2227,1425 2227,1453 2123,1453"/>
                    <TextEquiv>
                        <Unicode>brillant</Unicode>
                    </TextEquiv>
                    <TextStyle fontFamily="Arial" fontSize="8.0"/>
                </Word>
                <Word id="w_w2aab1b3b4c11b3b2d187" language="English" custom="readingOrder {index:21;}">
                    <Coords points="2243,1425 2278,1425 2278,1453 2243,1453"/>
                    <TextEquiv>
                        <Unicode>de</Unicode>
                    </TextEquiv>
                    <TextStyle fontFamily="Arial" fontSize="8.0"/>
                </Word>
                <TextEquiv>
                    <Unicode>commande, Leoncavallo a commencé à travailler et il faudra qu’ils se mettent aussitôt à l’acte III avec tout le talent brillant de</Unicode>
                </TextEquiv>
            </TextLine>
            <TextLine id="tl_20" primaryLanguage="English" custom="readingOrder {index:2;}">
                <Coords points="309,1470 2279,1470 2279,1506 309,1506"/>
                <Baseline points="309,1497 431,1498 460,1497 522,1497 595,1497 657,1498 858,1497 907,1498 977,1497 1004,1498 1070,1497 1350,1497 1401,1498 1491,1498 1509,1497 1553,1497 1588,1501 1631,1497 1785,1498 1833,1498 1870,1497 2016,1498 2092,1506 2223,1498 2279,1497"/>
                <Word id="w_w2aab1b3b4c11b5ab1" language="English" custom="readingOrder {index:0;}">
                    <Coords points="309,1473 431,1473 431,1498 309,1498"/>
                    <TextEquiv>
                        <Unicode>Forzano.</Unicode>
                    </TextEquiv>
                    <TextStyle fontFamily="Arial" fontSize="8.0"/>
                </Word>
                <Word id="w_w2aab1b3b4c11b5ac19" language="English" custom="readingOrder {index:1;}">
                    <Coords points="446,1470 460,1470 460,1497 446,1497"/>
                    <TextEquiv>
                        <Unicode>Il</Unicode>
                    </TextEquiv>
                    <TextStyle fontFamily="Arial" fontSize="8.0"/>
                </Word>
                <Word id="w_w2aab1b3b4c11b5ac25" language="English" custom="readingOrder {index:2;}">
                    <Coords points="473,1470 522,1470 522,1498 473,1498"/>
                    <TextEquiv>
                        <Unicode>fait</Unicode>
                    </TextEquiv>
                    <TextStyle fontFamily="Arial" fontSize="8.0"/>
                </Word>
                <Word id="w_w2aab1b3b4c11b5ac35" language="English" custom="readingOrder {index:3;}">
                    <Coords points="536,1476 595,1476 595,1506 536,1506"/>
                    <TextEquiv>
                        <Unicode>part</Unicode>
                    </TextEquiv>
                    <TextStyle fontFamily="Arial" fontSize="8.0"/>
                </Word>
                <Word id="w_w2aab1b3b4c11b5ac45" language="English" custom="readingOrder {index:4;}">
                    <Coords points="608,1470 657,1470 657,1498 608,1498"/>
                    <TextEquiv>
                        <Unicode>des</Unicode>
                    </TextEquiv>
                    <TextStyle fontFamily="Arial" fontSize="8.0"/>
                </Word>
                <Word id="w_w2aab1b3b4c11b5ac53" language="English" custom="readingOrder {index:5;}">
                    <Coords points="670,1470 858,1470 858,1498 670,1498"/>
                    <TextEquiv>
                        <Unicode>observations</Unicode>
                    </TextEquiv>
                    <TextStyle fontFamily="Arial" fontSize="8.0"/>
                </Word>
                <Word id="w_w2aab1b3b4c11b5ac79" language="English" custom="readingOrder {index:6;}">
                    <Coords points="872,1470 907,1470 907,1498 872,1498"/>
                    <TextEquiv>
                        <Unicode>de</Unicode>
                    </TextEquiv>
                    <TextStyle fontFamily="Arial" fontSize="8.0"/>
                </Word>
                <Word id="w_w2aab1b3b4c11b5ac85" language="English" custom="readingOrder {index:7;}">
                    <Coords points="922,1470 977,1470 977,1498 922,1498"/>
                    <TextEquiv>
                        <Unicode>leur</Unicode>
                    </TextEquiv>
                    <TextStyle fontFamily="Arial" fontSize="8.0"/>
                </Word>
                <Word id="w_w2aab1b3b4c11b5ac95" language="English" custom="readingOrder {index:8;}">
                    <Coords points="989,1473 1039,1473 1039,1498 989,1498"/>
                    <TextEquiv>
                        <Unicode>ami</Unicode>
                    </TextEquiv>
                    <TextStyle fontFamily="Arial" fontSize="8.0"/>
                </Word>
                <Word id="w_w2aab1b3b4c11b5b1b1" language="English" custom="readingOrder {index:9;}">
                    <Coords points="1055,1473 1168,1473 1168,1498 1055,1498"/>
                    <TextEquiv>
                        <Unicode>Belvederi</Unicode>
                    </TextEquiv>
                    <TextStyle fontFamily="Arial" fontSize="6.0"/>
                </Word>
                <Word id="w_w2aab1b3b4c11b5b2b1" language="English" custom="readingOrder {index:10;}">
                    <Coords points="1182,1476 1350,1476 1350,1498 1182,1498"/>
                    <TextEquiv>
                        <Unicode>concernant</Unicode>
                    </TextEquiv>
                    <TextStyle fontFamily="Arial" fontSize="8.0"/>
                </Word>
                <Word id="w_w2aab1b3b4c11b5b2c23" language="English" custom="readingOrder {index:11;}">
                    <Coords points="1364,1470 1401,1470 1401,1498 1364,1498"/>
                    <TextEquiv>
                        <Unicode>les</Unicode>
                    </TextEquiv>
                    <TextStyle fontFamily="Arial" fontSize="8.0"/>
                </Word>
                <Word id="w_w2aab1b3b4c11b5b2c31" language="English" custom="readingOrder {index:12;}">
                    <Coords points="1415,1475 1491,1475 1491,1498 1415,1498"/>
                    <TextEquiv>
                        <Unicode>actes</Unicode>
                    </TextEquiv>
                    <TextStyle fontFamily="Arial" fontSize="8.0"/>
                </Word>
                <Word id="w_w2aab1b3b4c11b5b2c43" language="English" custom="readingOrder {index:13;}">
                    <Coords points="1506,1473 1509,1473 1509,1497 1506,1497"/>
                    <TextEquiv>
                        <Unicode>I</Unicode>
                    </TextEquiv>
                    <TextStyle fontFamily="Arial" fontSize="8.0"/>
                </Word>
                <Word id="w_w2aab1b3b4c11b5b2c47" language="English" custom="readingOrder {index:14;}">
                    <Coords points="1524,1476 1553,1476 1553,1497 1524,1497"/>
                    <TextEquiv>
                        <Unicode>et</Unicode>
                    </TextEquiv>
                    <TextStyle fontFamily="Arial" fontSize="8.0"/>
                </Word>
                <Word id="w_w2aab1b3b4c11b5b2c53" language="English" custom="readingOrder {index:15;}">
                    <Coords points="1568,1473 1588,1473 1588,1501 1568,1501"/>
                    <TextEquiv>
                        <Unicode>II,</Unicode>
                    </TextEquiv>
                    <TextStyle fontFamily="Arial" fontSize="8.0"/>
                </Word>
                <Word id="w_w2aab1b3b4c11b5b2c61" language="English" custom="readingOrder {index:16;}">
                    <Coords points="1602,1476 1631,1476 1631,1498 1602,1498"/>
                    <TextEquiv>
                        <Unicode>et</Unicode>
                    </TextEquiv>
                    <TextStyle fontFamily="Arial" fontSize="8.0"/>
                </Word>
                <Word id="w_w2aab1b3b4c11b5b2c67" language="English" custom="readingOrder {index:17;}">
                    <Coords points="1644,1470 1785,1470 1785,1506 1644,1506"/>
                    <TextEquiv>
                        <Unicode>s’inquiète</Unicode>
                    </TextEquiv>
                    <TextStyle fontFamily="Arial" fontSize="8.0"/>
                </Word>
                <Word id="w_w2aab1b3b4c11b5b2c89" language="English" custom="readingOrder {index:18;}">
                    <Coords points="1798,1470 1833,1470 1833,1498 1798,1498"/>
                    <TextEquiv>
                        <Unicode>de</Unicode>
                    </TextEquiv>
                    <TextStyle fontFamily="Arial" fontSize="8.0"/>
                </Word>
                <Word id="w_w2aab1b3b4c11b5b2c95" language="English" custom="readingOrder {index:19;}">
                    <Coords points="1848,1470 1870,1470 1870,1497 1848,1497"/>
                    <TextEquiv>
                        <Unicode>la</Unicode>
                    </TextEquiv>
                    <TextStyle fontFamily="Arial" fontSize="8.0"/>
                </Word>
                <Word id="w_w2aab1b3b4c11b5b2d101" language="English" custom="readingOrder {index:20;}">
                    <Coords points="1885,1473 2016,1473 2016,1506 1885,1506"/>
                    <TextEquiv>
                        <Unicode>présence</Unicode>
                    </TextEquiv>
                    <TextStyle fontFamily="Arial" fontSize="8.0"/>
                </Word>
                <Word id="w_w2aab1b3b4c11b5b2d119" language="English" custom="readingOrder {index:21;}">
                    <Coords points="2029,1476 2092,1476 2092,1506 2029,1506"/>
                    <TextEquiv>
                        <Unicode>trop</Unicode>
                    </TextEquiv>
                    <TextStyle fontFamily="Arial" fontSize="8.0"/>
                </Word>
                <Word id="w_w2aab1b3b4c11b5b2d129" language="English" custom="readingOrder {index:22;}">
                    <Coords points="2105,1470 2223,1470 2223,1498 2105,1498"/>
                    <TextEquiv>
                        <Unicode>discrète</Unicode>
                    </TextEquiv>
                    <TextStyle fontFamily="Arial" fontSize="8.0"/>
                </Word>
                <Word id="w_w2aab1b3b4c11b5b2d147" language="English" custom="readingOrder {index:23;}">
                    <Coords points="2236,1480 2279,1480 2279,1498 2236,1498"/>
                    <TextEquiv>
                        <Unicode>sur</Unicode>
                    </TextEquiv>
                    <TextStyle fontFamily="Arial" fontSize="8.0"/>
                </Word>
                <TextEquiv>
                    <Unicode>Forzano. Il fait part des observations de leur ami BELVEDERI concernant les actes I et II, et s’inquiète de la présence trop discrète sur</Unicode>
                </TextEquiv>
            </TextLine>
            <TextLine id="tl_21" primaryLanguage="English" custom="readingOrder {index:3;}">
                <Coords points="308,1515 2278,1515 2278,1551 308,1551"/>
                <Baseline points="308,1543 391,1543 436,1543 470,1543 674,1546 915,1542 930,1542 1042,1543 1070,1543 1189,1543 1223,1543 1331,1542 1345,1543 1370,1543 1509,1546 1588,1542 1712,1542 1755,1542 1826,1546 1977,1543 2023,1542 2066,1542 2148,1542 2278,1543"/>
                <Word id="w_w2aab1b3b4c11b7ab1" language="English" custom="readingOrder {index:0;}">
                    <Coords points="308,1518 391,1518 391,1543 308,1543"/>
                    <TextEquiv>
                        <Unicode>scène</Unicode>
                    </TextEquiv>
                    <TextStyle fontFamily="Arial" fontSize="8.0"/>
                </Word>
                <Word id="w_w2aab1b3b4c11b7ac13" language="English" custom="readingOrder {index:1;}">
                    <Coords points="401,1515 436,1515 436,1543 401,1543"/>
                    <TextEquiv>
                        <Unicode>de</Unicode>
                    </TextEquiv>
                    <TextStyle fontFamily="Arial" fontSize="8.0"/>
                </Word>
                <Word id="w_w2aab1b3b4c11b7ac19" language="English" custom="readingOrder {index:2;}">
                    <Coords points="448,1515 470,1515 470,1543 448,1543"/>
                    <TextEquiv>
                        <Unicode>la</Unicode>
                    </TextEquiv>
                    <TextStyle fontFamily="Arial" fontSize="8.0"/>
                </Word>
                <Word id="w_w2aab1b3b4c11b7ac25" language="English" custom="readingOrder {index:3;}">
                    <Coords points="481,1518 674,1518 674,1551 481,1551"/>
                    <TextEquiv>
                        <Unicode>protagoniste,</Unicode>
                    </TextEquiv>
                    <TextStyle fontFamily="Arial" fontSize="8.0"/>
                </Word>
                <Word id="w_w2aab1b3b4c11b7ac53" language="English" custom="readingOrder {index:4;}">
                    <Coords points="685,1518 915,1518 915,1543 685,1543"/>
                    <TextEquiv>
                        <Unicode>nécessairement</Unicode>
                    </TextEquiv>
                    <TextStyle fontFamily="Arial" fontSize="8.0"/>
                </Word>
                <Word id="w_w2aab1b3b4c11b7ac83" language="English" custom="readingOrder {index:5;}">
                    <Coords points="926,1515 948,1515 948,1551 926,1551"/>
                    <TextEquiv>
                        <Unicode>la</Unicode>
                    </TextEquiv>
                    <TextStyle fontFamily="Arial" fontSize="8.0"/>
                </Word>
                <Word id="w_w2aab1b3b4c11b7b1b1" language="English" custom="readingOrder {index:6;}">
                    <Coords points="956,1518 1042,1518 1042,1551 956,1551"/>
                    <TextEquiv>
                        <Unicode>prima</Unicode>
                    </TextEquiv>
                    <TextStyle fontFamily="Arial" fontSize="8.0" italic="true"/>
                </Word>
                <Word id="w_w2aab1b3b4c11b7b1c13" language="English" custom="readingOrder {index:7;}">
                    <Coords points="1051,1515 1144,1515 1144,1543 1051,1543"/>
                    <TextEquiv>
                        <Unicode>donna</Unicode>
                    </TextEquiv>
                    <TextStyle fontFamily="Arial" fontSize="8.0" italic="true"/>
                </Word>
                <Word id="w_w2aab1b3b4c11b7b2b3" language="English" custom="readingOrder {index:8;}">
                    <Coords points="1154,1515 1189,1515 1189,1543 1154,1543"/>
                    <TextEquiv>
                        <Unicode>de</Unicode>
                    </TextEquiv>
                    <TextStyle fontFamily="Arial" fontSize="8.0"/>
                </Word>
                <Word id="w_w2aab1b3b4c11b7b2b9" language="English" custom="readingOrder {index:9;}">
                    <Coords points="1201,1515 1223,1515 1223,1543 1201,1543"/>
                    <TextEquiv>
                        <Unicode>la</Unicode>
                    </TextEquiv>
                    <TextStyle fontFamily="Arial" fontSize="8.0"/>
                </Word>
                <Word id="w_w2aab1b3b4c11b7b2c15" language="English" custom="readingOrder {index:10;}">
                    <Coords points="1232,1521 1331,1521 1331,1551 1232,1551"/>
                    <TextEquiv>
                        <Unicode>troupe</Unicode>
                    </TextEquiv>
                    <TextStyle fontFamily="Arial" fontSize="8.0"/>
                </Word>
                <Word id="w_w2aab1b3b4c11b7b2c29" language="English" custom="readingOrder {index:11;}">
                    <Coords points="1342,1525 1345,1525 1345,1543 1342,1543"/>
                    <TextEquiv>
                        <Unicode>:</Unicode>
                    </TextEquiv>
                    <TextStyle fontFamily="Arial" fontSize="8.0"/>
                </Word>
                <Word id="w_w2aab1b3b4c11b7b2c33" language="English" custom="readingOrder {index:12;}">
                    <Coords points="1357,1515 1370,1515 1370,1543 1357,1543"/>
                    <TextEquiv>
                        <Unicode>il</Unicode>
                    </TextEquiv>
                    <TextStyle fontFamily="Arial" fontSize="8.0"/>
                </Word>
                <Word id="w_w2aab1b3b4c11b7b2c39" language="English" custom="readingOrder {index:13;}">
                    <Coords points="1382,1525 1509,1525 1509,1551 1382,1551"/>
                    <TextEquiv>
                        <Unicode>propose,</Unicode>
                    </TextEquiv>
                    <TextStyle fontFamily="Arial" fontSize="8.0"/>
                </Word>
                <Word id="w_w2aab1b3b4c11b7b2c57" language="English" custom="readingOrder {index:14;}">
                    <Coords points="1520,1525 1588,1525 1588,1551 1520,1551"/>
                    <TextEquiv>
                        <Unicode>pour</Unicode>
                    </TextEquiv>
                    <TextStyle fontFamily="Arial" fontSize="8.0"/>
                </Word>
                <Word id="w_w2aab1b3b4c11b7b2c67" language="English" custom="readingOrder {index:15;}">
                    <Coords points="1599,1515 1712,1515 1712,1543 1599,1543"/>
                    <TextEquiv>
                        <Unicode>l’animer</Unicode>
                    </TextEquiv>
                    <TextStyle fontFamily="Arial" fontSize="8.0"/>
                </Word>
                <Word id="w_w2aab1b3b4c11b7b2c85" language="English" custom="readingOrder {index:16;}">
                    <Coords points="1722,1525 1755,1525 1755,1543 1722,1543"/>
                    <TextEquiv>
                        <Unicode>un</Unicode>
                    </TextEquiv>
                    <TextStyle fontFamily="Arial" fontSize="8.0"/>
                </Word>
                <Word id="w_w2aab1b3b4c11b7b2c91" language="English" custom="readingOrder {index:17;}">
                    <Coords points="1767,1525 1826,1525 1826,1551 1767,1551"/>
                    <TextEquiv>
                        <Unicode>peu,</Unicode>
                    </TextEquiv>
                    <TextStyle fontFamily="Arial" fontSize="8.0"/>
                </Word>
                <Word id="w_w2aab1b3b4c11b7b2d101" language="English" custom="readingOrder {index:18;}">
                    <Coords points="1836,1515 1977,1515 1977,1551 1836,1551"/>
                    <TextEquiv>
                        <Unicode>qu’Aurore</Unicode>
                    </TextEquiv>
                    <TextStyle fontFamily="Arial" fontSize="8.0"/>
                </Word>
                <Word id="w_w2aab1b3b4c11b7b2d121" language="English" custom="readingOrder {index:19;}">
                    <Coords points="1987,1518 2023,1518 2023,1543 1987,1543"/>
                    <TextEquiv>
                        <Unicode>ait</Unicode>
                    </TextEquiv>
                    <TextStyle fontFamily="Arial" fontSize="8.0"/>
                </Word>
                <Word id="w_w2aab1b3b4c11b7b2d129" language="English" custom="readingOrder {index:20;}">
                    <Coords points="2033,1525 2066,1525 2066,1543 2033,1543"/>
                    <TextEquiv>
                        <Unicode>un</Unicode>
                    </TextEquiv>
                    <TextStyle fontFamily="Arial" fontSize="8.0"/>
                </Word>
                <Word id="w_w2aab1b3b4c11b7b2d135" language="English" custom="readingOrder {index:21;}">
                    <Coords points="2078,1518 2148,1518 2148,1551 2078,1551"/>
                    <TextEquiv>
                        <Unicode>petit</Unicode>
                    </TextEquiv>
                    <TextStyle fontFamily="Arial" fontSize="8.0"/>
                </Word>
                <Word id="w_w2aab1b3b4c11b7b2d147" language="English" custom="readingOrder {index:22;}">
                    <Coords points="2157,1515 2278,1515 2278,1543 2157,1543"/>
                    <TextEquiv>
                        <Unicode>discours</Unicode>
                    </TextEquiv>
                    <TextStyle fontFamily="Arial" fontSize="8.0"/>
                </Word>
                <TextEquiv>
                    <Unicode>scène de la protagoniste, nécessairement la prima donna de la troupe : il propose, pour l’animer un peu, qu’Aurore ait un petit discours</Unicode>
                </TextEquiv>
            </TextLine>
            <TextLine id="tl_22" primaryLanguage="English" custom="readingOrder {index:4;}">
                <Coords points="309,1560 2279,1560 2279,1596 309,1596"/>
                <Baseline points="309,1596 544,1588 603,1588 693,1588 719,1590 770,1588 879,1588 922,1588 1013,1588 1128,1587 1173,1588 1321,1596 1385,1588 1475,1588 1524,1587 1553,1587 1705,1588 1786,1587 1844,1588 1934,1588 1990,1587 2028,1588 2279,1587"/>
                <Word id="w_w2aab1b3b4c11b9ab1" language="English" custom="readingOrder {index:0;}">
                    <Coords points="309,1560 575,1560 575,1596 309,1596"/>
                    <TextEquiv>
                        <Unicode>politico-féministe</Unicode>
                    </TextEquiv>
                    <TextStyle fontFamily="Arial" fontSize="8.0"/>
                </Word>
                <Word id="w_w2aab1b3b4c11b9b1b1" language="English" custom="readingOrder {index:1;}">
                    <Coords points="589,1560 603,1560 603,1588 589,1588"/>
                    <TextEquiv>
                        <Unicode>à</Unicode>
                    </TextEquiv>
                    <TextStyle fontFamily="Arial" fontSize="6.0"/>
                </Word>
                <Word id="w_w2aab1b3b4c11b9b2b1" language="English" custom="readingOrder {index:2;}">
                    <Coords points="618,1560 693,1560 693,1588 618,1588"/>
                    <TextEquiv>
                        <Unicode>l’acte</Unicode>
                    </TextEquiv>
                    <TextStyle fontFamily="Arial" fontSize="8.0"/>
                </Word>
                <Word id="w_w2aab1b3b4c11b9b2c15" language="English" custom="readingOrder {index:3;}">
                    <Coords points="708,1563 719,1563 719,1590 708,1590"/>
                    <TextEquiv>
                        <Unicode>I,</Unicode>
                    </TextEquiv>
                    <TextStyle fontFamily="Arial" fontSize="8.0"/>
                </Word>
                <Word id="w_w2aab1b3b4c11b9b2c21" language="English" custom="readingOrder {index:4;}">
                    <Coords points="734,1570 770,1570 770,1588 734,1588"/>
                    <TextEquiv>
                        <Unicode>ou</Unicode>
                    </TextEquiv>
                    <TextStyle fontFamily="Arial" fontSize="8.0"/>
                </Word>
                <Word id="w_w2aab1b3b4c11b9b2c27" language="English" custom="readingOrder {index:5;}">
                    <Coords points="784,1560 879,1560 879,1596 784,1596"/>
                    <TextEquiv>
                        <Unicode>qu’elle</Unicode>
                    </TextEquiv>
                    <TextStyle fontFamily="Arial" fontSize="8.0"/>
                </Word>
                <Word id="w_w2aab1b3b4c11b9b2c43" language="English" custom="readingOrder {index:6;}">
                    <Coords points="892,1570 922,1570 922,1588 892,1588"/>
                    <TextEquiv>
                        <Unicode>se</Unicode>
                    </TextEquiv>
                    <TextStyle fontFamily="Arial" fontSize="8.0"/>
                </Word>
                <Word id="w_w2aab1b3b4c11b9b2c49" language="English" custom="readingOrder {index:7;}">
                    <Coords points="937,1560 1013,1560 1013,1588 937,1588"/>
                    <TextEquiv>
                        <Unicode>laisse</Unicode>
                    </TextEquiv>
                    <TextStyle fontFamily="Arial" fontSize="8.0"/>
                </Word>
                <Word id="w_w2aab1b3b4c11b9b2c63" language="English" custom="readingOrder {index:8;}">
                    <Coords points="1027,1563 1128,1563 1128,1588 1027,1588"/>
                    <TextEquiv>
                        <Unicode>enivrer</Unicode>
                    </TextEquiv>
                    <TextStyle fontFamily="Arial" fontSize="8.0"/>
                </Word>
                <Word id="w_w2aab1b3b4c11b9b2c79" language="English" custom="readingOrder {index:9;}">
                    <Coords points="1141,1570 1173,1570 1173,1588 1141,1588"/>
                    <TextEquiv>
                        <Unicode>au</Unicode>
                    </TextEquiv>
                    <TextStyle fontFamily="Arial" fontSize="8.0"/>
                </Word>
                <Word id="w_w2aab1b3b4c11b9b2c85" language="English" custom="readingOrder {index:10;}">
                    <Coords points="1188,1560 1357,1560 1357,1596 1188,1596"/>
                    <TextEquiv>
                        <Unicode>champagne</Unicode>
                    </TextEquiv>
                    <TextStyle fontFamily="Arial" fontSize="8.0"/>
                </Word>
                <Word id="w_w2aab1b3b4c11b9b3b1" language="English" custom="readingOrder {index:11;}">
                    <Coords points="1371,1560 1385,1560 1385,1588 1371,1588"/>
                    <TextEquiv>
                        <Unicode>à</Unicode>
                    </TextEquiv>
                    <TextStyle fontFamily="Arial" fontSize="6.0"/>
                </Word>
                <Word id="w_w2aab1b3b4c11b9b4b1" language="English" custom="readingOrder {index:12;}">
                    <Coords points="1400,1560 1475,1560 1475,1588 1400,1588"/>
                    <TextEquiv>
                        <Unicode>l’acte</Unicode>
                    </TextEquiv>
                    <TextStyle fontFamily="Arial" fontSize="8.0"/>
                </Word>
                <Word id="w_w2aab1b3b4c11b9b4c15" language="English" custom="readingOrder {index:13;}">
                    <Coords points="1490,1563 1524,1563 1524,1587 1490,1587"/>
                    <TextEquiv>
                        <Unicode>II...</Unicode>
                    </TextEquiv>
                    <TextStyle fontFamily="Arial" fontSize="8.0"/>
                </Word>
                <Word id="w_w2aab1b3b4c11b9b4c27" language="English" custom="readingOrder {index:14;}">
                    <Coords points="1540,1560 1553,1560 1553,1587 1540,1587"/>
                    <TextEquiv>
                        <Unicode>Il</Unicode>
                    </TextEquiv>
                    <TextStyle fontFamily="Arial" fontSize="8.0"/>
                </Word>
                <Word id="w_w2aab1b3b4c11b9b4c33" language="English" custom="readingOrder {index:15;}">
                    <Coords points="1568,1560 1705,1560 1705,1588 1568,1588"/>
                    <TextEquiv>
                        <Unicode>demande</Unicode>
                    </TextEquiv>
                    <TextStyle fontFamily="Arial" fontSize="8.0"/>
                </Word>
                <Word id="w_w2aab1b3b4c11b9b4c49" language="English" custom="readingOrder {index:16;}">
                    <Coords points="1719,1563 1786,1563 1786,1588 1719,1588"/>
                    <TextEquiv>
                        <Unicode>aussi</Unicode>
                    </TextEquiv>
                    <TextStyle fontFamily="Arial" fontSize="8.0"/>
                </Word>
                <Word id="w_w2aab1b3b4c11b9b4c61" language="English" custom="readingOrder {index:17;}">
                    <Coords points="1801,1570 1844,1570 1844,1588 1801,1588"/>
                    <TextEquiv>
                        <Unicode>ses</Unicode>
                    </TextEquiv>
                    <TextStyle fontFamily="Arial" fontSize="8.0"/>
                </Word>
                <Word id="w_w2aab1b3b4c11b9b4c69" language="English" custom="readingOrder {index:18;}">
                    <Coords points="1860,1560 1934,1560 1934,1588 1860,1588"/>
                    <TextEquiv>
                        <Unicode>idées</Unicode>
                    </TextEquiv>
                    <TextStyle fontFamily="Arial" fontSize="8.0"/>
                </Word>
                <Word id="w_w2aab1b3b4c11b9b4c81" language="English" custom="readingOrder {index:19;}">
                    <Coords points="1948,1570 1990,1570 1990,1588 1948,1588"/>
                    <TextEquiv>
                        <Unicode>sur</Unicode>
                    </TextEquiv>
                    <TextStyle fontFamily="Arial" fontSize="8.0"/>
                </Word>
                <Word id="w_w2aab1b3b4c11b9b4c89" language="English" custom="readingOrder {index:20;}">
                    <Coords points="2005,1560 2028,1560 2028,1588 2005,1588"/>
                    <TextEquiv>
                        <Unicode>le</Unicode>
                    </TextEquiv>
                    <TextStyle fontFamily="Arial" fontSize="8.0"/>
                </Word>
                <Word id="w_w2aab1b3b4c11b9b4c95" language="English" custom="readingOrder {index:21;}">
                    <Coords points="2042,1560 2279,1560 2279,1596 2042,1596"/>
                    <TextEquiv>
                        <Unicode>développement</Unicode>
                    </TextEquiv>
                    <TextStyle fontFamily="Arial" fontSize="8.0"/>
                </Word>
                <TextEquiv>
                    <Unicode>politico-féministe à l’acte I, ou qu’elle se laisse enivrer au champagne à l’acte II... Il demande aussi ses idées sur le développement</Unicode>
                </TextEquiv>
            </TextLine>
            <TextLine id="tl_23" primaryLanguage="English" custom="readingOrder {index:5;}">
                <Coords points="309,1605 2279,1605 2279,1641 309,1641"/>
                <Baseline points="309,1633 343,1633 529,1633 558,1633 649,1633 694,1635 745,1633 814,1633 888,1632 931,1633 1066,1632 1094,1633 1132,1633 1199,1633 1358,1633 1510,1633 1554,1632 1655,1633 1674,1632 1735,1632 1881,1636 1986,1633 2054,1633 2093,1633 2236,1632 2279,1632"/>
                <Word id="w_w2aab1b3b4c11c11ab1" language="English" custom="readingOrder {index:0;}">
                    <Coords points="309,1605 343,1605 343,1633 309,1633"/>
                    <TextEquiv>
                        <Unicode>du</Unicode>
                    </TextEquiv>
                    <TextStyle fontFamily="Arial" fontSize="8.0"/>
                </Word>
                <Word id="w_w2aab1b3b4c11c11ab7" language="English" custom="readingOrder {index:1;}">
                    <Coords points="360,1615 529,1615 529,1641 360,1641"/>
                    <TextEquiv>
                        <Unicode>personnage</Unicode>
                    </TextEquiv>
                    <TextStyle fontFamily="Arial" fontSize="8.0"/>
                </Word>
                <Word id="w_w2aab1b3b4c11c11ac29" language="English" custom="readingOrder {index:2;}">
                    <Coords points="544,1608 558,1608 558,1633 544,1633"/>
                    <TextEquiv>
                        <Unicode>à</Unicode>
                    </TextEquiv>
                    <TextStyle fontFamily="Arial" fontSize="8.0"/>
                </Word>
                <Word id="w_w2aab1b3b4c11c11ac33" language="English" custom="readingOrder {index:3;}">
                    <Coords points="574,1605 649,1605 649,1633 574,1633"/>
                    <TextEquiv>
                        <Unicode>l’acte</Unicode>
                    </TextEquiv>
                    <TextStyle fontFamily="Arial" fontSize="8.0"/>
                </Word>
                <Word id="w_w2aab1b3b4c11c11ac47" language="English" custom="readingOrder {index:4;}">
                    <Coords points="665,1608 694,1608 694,1635 665,1635"/>
                    <TextEquiv>
                        <Unicode>III,</Unicode>
                    </TextEquiv>
                    <TextStyle fontFamily="Arial" fontSize="8.0"/>
                </Word>
                <Word id="w_w2aab1b3b4c11c11ac57" language="English" custom="readingOrder {index:5;}">
                    <Coords points="710,1608 745,1608 745,1633 710,1633"/>
                    <TextEquiv>
                        <Unicode>où</Unicode>
                    </TextEquiv>
                    <TextStyle fontFamily="Arial" fontSize="8.0"/>
                </Word>
                <Word id="w_w2aab1b3b4c11c11ac63" language="English" custom="readingOrder {index:6;}">
                    <Coords points="761,1605 814,1605 814,1633 761,1633"/>
                    <TextEquiv>
                        <Unicode>elle</Unicode>
                    </TextEquiv>
                    <TextStyle fontFamily="Arial" fontSize="8.0"/>
                </Word>
                <Word id="w_w2aab1b3b4c11c11ac73" language="English" custom="readingOrder {index:7;}">
                    <Coords points="828,1605 888,1605 888,1633 828,1633"/>
                    <TextEquiv>
                        <Unicode>doit</Unicode>
                    </TextEquiv>
                    <TextStyle fontFamily="Arial" fontSize="8.0"/>
                </Word>
                <Word id="w_w2aab1b3b4c11c11ac83" language="English" custom="readingOrder {index:8;}">
                    <Coords points="902,1615 931,1615 931,1633 902,1633"/>
                    <TextEquiv>
                        <Unicode>se</Unicode>
                    </TextEquiv>
                    <TextStyle fontFamily="Arial" fontSize="8.0"/>
                </Word>
                <Word id="w_w2aab1b3b4c11c11ac89" language="English" custom="readingOrder {index:9;}">
                    <Coords points="947,1611 1066,1611 1066,1633 947,1633"/>
                    <TextEquiv>
                        <Unicode>montrer</Unicode>
                    </TextEquiv>
                    <TextStyle fontFamily="Arial" fontSize="8.0"/>
                </Word>
                <Word id="w_w2aab1b3b4c11c11ad105" language="English" custom="readingOrder {index:10;}">
                    <Coords points="1080,1608 1094,1608 1094,1633 1080,1633"/>
                    <TextEquiv>
                        <Unicode>à</Unicode>
                    </TextEquiv>
                    <TextStyle fontFamily="Arial" fontSize="8.0"/>
                </Word>
                <Word id="w_w2aab1b3b4c11c11ad109" language="English" custom="readingOrder {index:11;}">
                    <Coords points="1110,1605 1132,1605 1132,1633 1110,1633"/>
                    <TextEquiv>
                        <Unicode>la</Unicode>
                    </TextEquiv>
                    <TextStyle fontFamily="Arial" fontSize="8.0"/>
                </Word>
                <Word id="w_w2aab1b3b4c11c11ad115" language="English" custom="readingOrder {index:12;}">
                    <Coords points="1146,1605 1199,1605 1199,1633 1146,1633"/>
                    <TextEquiv>
                        <Unicode>fois</Unicode>
                    </TextEquiv>
                    <TextStyle fontFamily="Arial" fontSize="8.0"/>
                </Word>
                <Word id="w_w2aab1b3b4c11c11ad125" language="English" custom="readingOrder {index:13;}">
                    <Coords points="1214,1605 1358,1605 1358,1633 1214,1633"/>
                    <TextEquiv>
                        <Unicode>candidate</Unicode>
                    </TextEquiv>
                    <TextStyle fontFamily="Arial" fontSize="8.0"/>
                </Word>
                <Word id="w_w2aab1b3b4c11c11ad145" language="English" custom="readingOrder {index:14;}">
                    <Coords points="1373,1605 1510,1605 1510,1633 1373,1633"/>
                    <TextEquiv>
                        <Unicode>féministe</Unicode>
                    </TextEquiv>
                    <TextStyle fontFamily="Arial" fontSize="8.0"/>
                </Word>
                <Word id="w_w2aab1b3b4c11c11ad165" language="English" custom="readingOrder {index:15;}">
                    <Coords points="1525,1611 1554,1611 1554,1633 1525,1633"/>
                    <TextEquiv>
                        <Unicode>et</Unicode>
                    </TextEquiv>
                    <TextStyle fontFamily="Arial" fontSize="8.0"/>
                </Word>
                <Word id="w_w2aab1b3b4c11c11ad171" language="English" custom="readingOrder {index:16;}">
                    <Coords points="1568,1608 1655,1608 1655,1641 1568,1641"/>
                    <TextEquiv>
                        <Unicode>vierge</Unicode>
                    </TextEquiv>
                    <TextStyle fontFamily="Arial" fontSize="8.0"/>
                </Word>
                <Word id="w_w2aab1b3b4c11c11ad185" language="English" custom="readingOrder {index:17;}">
                    <Coords points="1670,1615 1674,1615 1674,1632 1670,1632"/>
                    <TextEquiv>
                        <Unicode>:</Unicode>
                    </TextEquiv>
                    <TextStyle fontFamily="Arial" fontSize="8.0"/>
                </Word>
                <Word id="w_w2aab1b3b4c11c11ad189" language="English" custom="readingOrder {index:18;}">
                    <Coords points="1690,1615 1735,1615 1735,1641 1690,1641"/>
                    <TextEquiv>
                        <Unicode>par</Unicode>
                    </TextEquiv>
                    <TextStyle fontFamily="Arial" fontSize="8.0"/>
                </Word>
                <Word id="w_w2aab1b3b4c11c11ad197" language="English" custom="readingOrder {index:19;}">
                    <Coords points="1749,1605 1881,1605 1881,1641 1749,1641"/>
                    <TextEquiv>
                        <Unicode>exemple,</Unicode>
                    </TextEquiv>
                    <TextStyle fontFamily="Arial" fontSize="8.0"/>
                </Word>
                <Word id="w_w2aab1b3b4c11c11ad215" language="English" custom="readingOrder {index:20;}">
                    <Coords points="1896,1611 1986,1611 1986,1633 1896,1633"/>
                    <TextEquiv>
                        <Unicode>est-ce</Unicode>
                    </TextEquiv>
                    <TextStyle fontFamily="Arial" fontSize="8.0"/>
                </Word>
                <Word id="w_w2aab1b3b4c11c11ad229" language="English" custom="readingOrder {index:21;}">
                    <Coords points="2001,1615 2054,1615 2054,1641 2001,1641"/>
                    <TextEquiv>
                        <Unicode>que</Unicode>
                    </TextEquiv>
                    <TextStyle fontFamily="Arial" fontSize="8.0"/>
                </Word>
                <Word id="w_w2aab1b3b4c11c11ad237" language="English" custom="readingOrder {index:22;}">
                    <Coords points="2070,1605 2093,1605 2093,1633 2070,1633"/>
                    <TextEquiv>
                        <Unicode>le</Unicode>
                    </TextEquiv>
                    <TextStyle fontFamily="Arial" fontSize="8.0"/>
                </Word>
                <Word id="w_w2aab1b3b4c11c11ad243" language="English" custom="readingOrder {index:23;}">
                    <Coords points="2108,1605 2236,1605 2236,1633 2108,1633"/>
                    <TextEquiv>
                        <Unicode>candidat</Unicode>
                    </TextEquiv>
                    <TextStyle fontFamily="Arial" fontSize="8.0"/>
                </Word>
                <Word id="w_w2aab1b3b4c11c11ad261" language="English" custom="readingOrder {index:24;}">
                    <Coords points="2250,1611 2279,1611 2279,1633 2250,1633"/>
                    <TextEquiv>
                        <Unicode>et</Unicode>
                    </TextEquiv>
                    <TextStyle fontFamily="Arial" fontSize="8.0"/>
                </Word>
                <TextEquiv>
                    <Unicode>du personnage à l’acte III, où elle doit se montrer à la fois candidate féministe et vierge : par exemple, est-ce que le candidat et</Unicode>
                </TextEquiv>
                <TextStyle fontFamily="Arial" fontSize="8.0"/>
            </TextLine>
            <TextLine id="tl_24" primaryLanguage="English" custom="readingOrder {index:6;}">
                <Coords points="310,1650 2278,1650 2278,1686 310,1686"/>
                <Baseline points="310,1677 332,1678 494,1677 545,1677 717,1677 781,1678 891,1677 939,1678 1013,1677 1107,1677 1295,1678 1347,1678 1457,1686 1485,1677 1566,1678 1753,1677 1805,1678 1896,1677 1965,1678 2110,1677 2278,1677"/>
                <Word id="w_w2aab1b3b4c11c13ab1" language="English" custom="readingOrder {index:0;}">
                    <Coords points="310,1650 332,1650 332,1678 310,1678"/>
                    <TextEquiv>
                        <Unicode>la</Unicode>
                    </TextEquiv>
                    <TextStyle fontFamily="Arial" fontSize="8.0"/>
                </Word>
                <Word id="w_w2aab1b3b4c11c13ab7" language="English" custom="readingOrder {index:1;}">
                    <Coords points="349,1650 494,1650 494,1678 349,1678"/>
                    <TextEquiv>
                        <Unicode>candidate</Unicode>
                    </TextEquiv>
                    <TextStyle fontFamily="Arial" fontSize="8.0"/>
                </Word>
                <Word id="w_w2aab1b3b4c11c13ac27" language="English" custom="readingOrder {index:2;}">
                    <Coords points="511,1660 545,1660 545,1677 511,1677"/>
                    <TextEquiv>
                        <Unicode>ne</Unicode>
                    </TextEquiv>
                    <TextStyle fontFamily="Arial" fontSize="8.0"/>
                </Word>
                <Word id="w_w2aab1b3b4c11c13ac33" language="English" custom="readingOrder {index:3;}">
                    <Coords points="562,1653 717,1653 717,1686 562,1686"/>
                    <TextEquiv>
                        <Unicode>pourraient</Unicode>
                    </TextEquiv>
                    <TextStyle fontFamily="Arial" fontSize="8.0"/>
                </Word>
                <Word id="w_w2aab1b3b4c11c13ac55" language="English" custom="readingOrder {index:4;}">
                    <Coords points="734,1660 781,1660 781,1686 734,1686"/>
                    <TextEquiv>
                        <Unicode>pas</Unicode>
                    </TextEquiv>
                    <TextStyle fontFamily="Arial" fontSize="8.0"/>
                </Word>
                <Word id="w_w2aab1b3b4c11c13ac63" language="English" custom="readingOrder {index:5;}">
                    <Coords points="798,1653 891,1653 891,1678 798,1678"/>
                    <TextEquiv>
                        <Unicode>arriver</Unicode>
                    </TextEquiv>
                    <TextStyle fontFamily="Arial" fontSize="8.0"/>
                </Word>
                <Word id="w_w2aab1b3b4c11c13ac79" language="English" custom="readingOrder {index:6;}">
                    <Coords points="907,1660 939,1660 939,1678 907,1678"/>
                    <TextEquiv>
                        <Unicode>au</Unicode>
                    </TextEquiv>
                    <TextStyle fontFamily="Arial" fontSize="8.0"/>
                </Word>
                <Word id="w_w2aab1b3b4c11c13ac85" language="English" custom="readingOrder {index:7;}">
                    <Coords points="957,1650 1013,1650 1013,1678 957,1678"/>
                    <TextEquiv>
                        <Unicode>seul</Unicode>
                    </TextEquiv>
                    <TextStyle fontFamily="Arial" fontSize="8.0"/>
                </Word>
                <Word id="w_w2aab1b3b4c11c13ac95" language="English" custom="readingOrder {index:8;}">
                    <Coords points="1032,1650 1107,1650 1107,1678 1032,1678"/>
                    <TextEquiv>
                        <Unicode>hôtel</Unicode>
                    </TextEquiv>
                    <TextStyle fontFamily="Arial" fontSize="8.0"/>
                </Word>
                <Word id="w_w2aab1b3b4c11c13ad107" language="English" custom="readingOrder {index:9;}">
                    <Coords points="1125,1650 1295,1650 1295,1678 1125,1678"/>
                    <TextEquiv>
                        <Unicode>convenable</Unicode>
                    </TextEquiv>
                    <TextStyle fontFamily="Arial" fontSize="8.0"/>
                </Word>
                <Word id="w_w2aab1b3b4c11c13ad129" language="English" custom="readingOrder {index:10;}">
                    <Coords points="1312,1650 1347,1650 1347,1678 1312,1678"/>
                    <TextEquiv>
                        <Unicode>de</Unicode>
                    </TextEquiv>
                    <TextStyle fontFamily="Arial" fontSize="8.0"/>
                </Word>
                <Word id="w_w2aab1b3b4c11c13ad135" language="English" custom="readingOrder {index:11;}">
                    <Coords points="1365,1653 1457,1653 1457,1686 1365,1686"/>
                    <TextEquiv>
                        <Unicode>Nancy</Unicode>
                    </TextEquiv>
                    <TextStyle fontFamily="Arial" fontSize="8.0"/>
                </Word>
                <Word id="w_w2aab1b3b4c11c13ad147" language="English" custom="readingOrder {index:12;}">
                    <Coords points="1473,1651 1485,1651 1485,1677 1473,1677"/>
                    <TextEquiv>
                        <Unicode>?</Unicode>
                    </TextEquiv>
                    <TextStyle fontFamily="Arial" fontSize="8.0"/>
                </Word>
                <Word id="w_w2aab1b3b4c11c13ad151" language="English" custom="readingOrder {index:13;}">
                    <Coords points="1502,1650 1566,1650 1566,1678 1502,1678"/>
                    <TextEquiv>
                        <Unicode>Cela</Unicode>
                    </TextEquiv>
                    <TextStyle fontFamily="Arial" fontSize="8.0"/>
                </Word>
                <Word id="w_w2aab1b3b4c11c13ad161" language="English" custom="readingOrder {index:14;}">
                    <Coords points="1583,1653 1753,1653 1753,1686 1583,1686"/>
                    <TextEquiv>
                        <Unicode>permettrait</Unicode>
                    </TextEquiv>
                    <TextStyle fontFamily="Arial" fontSize="8.0"/>
                </Word>
                <Word id="w_w2aab1b3b4c11c13ad185" language="English" custom="readingOrder {index:15;}">
                    <Coords points="1769,1650 1805,1650 1805,1678 1769,1678"/>
                    <TextEquiv>
                        <Unicode>de</Unicode>
                    </TextEquiv>
                    <TextStyle fontFamily="Arial" fontSize="8.0"/>
                </Word>
                <Word id="w_w2aab1b3b4c11c13ad191" language="English" custom="readingOrder {index:16;}">
                    <Coords points="1821,1653 1896,1653 1896,1678 1821,1678"/>
                    <TextEquiv>
                        <Unicode>créer</Unicode>
                    </TextEquiv>
                    <TextStyle fontFamily="Arial" fontSize="8.0"/>
                </Word>
                <Word id="w_w2aab1b3b4c11c13ad203" language="English" custom="readingOrder {index:17;}">
                    <Coords points="1913,1660 1965,1660 1965,1678 1913,1678"/>
                    <TextEquiv>
                        <Unicode>une</Unicode>
                    </TextEquiv>
                    <TextStyle fontFamily="Arial" fontSize="8.0"/>
                </Word>
                <Word id="w_w2aab1b3b4c11c13ad211" language="English" custom="readingOrder {index:18;}">
                    <Coords points="1982,1653 2110,1653 2110,1678 1982,1678"/>
                    <TextEquiv>
                        <Unicode>situation</Unicode>
                    </TextEquiv>
                    <TextStyle fontFamily="Arial" fontSize="8.0"/>
                </Word>
                <Word id="w_w2aab1b3b4c11c13ad231" language="English" custom="readingOrder {index:19;}">
                    <Coords points="2128,1653 2278,1653 2278,1686 2128,1686"/>
                    <TextEquiv>
                        <Unicode>piquante...</Unicode>
                    </TextEquiv>
                    <TextStyle fontFamily="Arial" fontSize="8.0"/>
                </Word>
                <TextEquiv>
                    <Unicode>la candidate ne pourraient pas arriver au seul hôtel convenable de Nancy ? Cela permettrait de créer une situation piquante...</Unicode>
                </TextEquiv>
                <TextStyle fontFamily="Arial" fontSize="8.0"/>
            </TextLine>
            <TextLine id="tl_25" primaryLanguage="English" custom="readingOrder {index:7;}">
                <Coords points="310,1695 2278,1695 2278,1731 310,1731"/>
                <Baseline points="310,1722 485,1723 574,1723 695,1723 745,1723 776,1723 1032,1722 1087,1723 1174,1731 1305,1722 1336,1722 1363,1722 1481,1723 1513,1722 1581,1722 1631,1723 1753,1723 1847,1723 2016,1727 2061,1722 2090,1723 2235,1723 2278,1723"/>
                <Word id="w_w2aab1b3b4c11c15ab1" language="English" custom="readingOrder {index:0;}">
                    <Coords points="310,1695 485,1695 485,1723 310,1723"/>
                    <TextEquiv>
                        <Unicode>Leoncavallo</Unicode>
                    </TextEquiv>
                    <TextStyle fontFamily="Arial" fontSize="8.0"/>
                </Word>
                <Word id="w_w2aab1b3b4c11c15ac25" language="English" custom="readingOrder {index:1;}">
                    <Coords points="501,1695 574,1695 574,1731 501,1731"/>
                    <TextEquiv>
                        <Unicode>parle</Unicode>
                    </TextEquiv>
                    <TextStyle fontFamily="Arial" fontSize="8.0"/>
                </Word>
                <Word id="w_w2aab1b3b4c11c15ac37" language="English" custom="readingOrder {index:2;}">
                    <Coords points="589,1698 695,1698 695,1723 589,1723"/>
                    <TextEquiv>
                        <Unicode>ensuite</Unicode>
                    </TextEquiv>
                    <TextStyle fontFamily="Arial" fontSize="8.0"/>
                </Word>
                <Word id="w_w2aab1b3b4c11c15ac53" language="English" custom="readingOrder {index:3;}">
                    <Coords points="710,1695 745,1695 745,1723 710,1723"/>
                    <TextEquiv>
                        <Unicode>du</Unicode>
                    </TextEquiv>
                    <TextStyle fontFamily="Arial" fontSize="8.0"/>
                </Word>
                <Word id="w_w2aab1b3b4c11c15ac59" language="English" custom="readingOrder {index:4;}">
                    <Coords points="761,1695 892,1695 892,1723 761,1723"/>
                    <TextEquiv>
                        <Unicode>chanteur</Unicode>
                    </TextEquiv>
                    <TextStyle fontFamily="Arial" fontSize="8.0"/>
                </Word>
                <Word id="w_w2aab1b3b4c11c15b1b1" language="English" custom="readingOrder {index:5;}">
                    <Coords points="906,1695 1056,1695 1056,1726 906,1726"/>
                    <TextEquiv>
                        <Unicode>Vannutelli,</Unicode>
                    </TextEquiv>
                    <TextStyle fontFamily="Arial" fontSize="6.0"/>
                </Word>
                <Word id="w_w2aab1b3b4c11c15b2b1" language="English" custom="readingOrder {index:6;}">
                    <Coords points="1071,1695 1107,1695 1107,1723 1071,1723"/>
                    <TextEquiv>
                        <Unicode>de</Unicode>
                    </TextEquiv>
                    <TextStyle fontFamily="Arial" fontSize="8.0"/>
                </Word>
                <Word id="w_w2aab1b3b4c11c15b3b1" language="English" custom="readingOrder {index:7;}">
                    <Coords points="1121,1698 1261,1698 1261,1731 1121,1731"/>
                    <TextEquiv>
                        <Unicode>Reginetta</Unicode>
                    </TextEquiv>
                    <TextStyle fontFamily="Arial" fontSize="8.0" italic="true"/>
                </Word>
                <Word id="w_w2aab1b3b4c11c15b4b3" language="English" custom="readingOrder {index:8;}">
                    <Coords points="1276,1701 1305,1701 1305,1723 1276,1723"/>
                    <TextEquiv>
                        <Unicode>et</Unicode>
                    </TextEquiv>
                    <TextStyle fontFamily="Arial" fontSize="8.0"/>
                </Word>
                <Word id="w_w2aab1b3b4c11c15b4b9" language="English" custom="readingOrder {index:9;}">
                    <Coords points="1320,1695 1336,1695 1336,1722 1320,1722"/>
                    <TextEquiv>
                        <Unicode>d</Unicode>
                    </TextEquiv>
                    <TextStyle fontFamily="Arial" fontSize="8.0"/>
                </Word>
                <Word id="w_w2aab1b3b4c11c15b5b1" language="English" custom="readingOrder {index:10;}">
                    <Coords points="1340,1695 1363,1695 1363,1722 1340,1722"/>
                    <TextEquiv>
                        <Unicode>'Il</Unicode>
                    </TextEquiv>
                    <TextStyle fontFamily="Arial" fontSize="8.0" italic="true"/>
                </Word>
                <Word id="w_w2aab1b3b4c11c15b5b9" language="English" custom="readingOrder {index:11;}">
                    <Coords points="1378,1695 1481,1695 1481,1723 1378,1723"/>
                    <TextEquiv>
                        <Unicode>Piccolo</Unicode>
                    </TextEquiv>
                    <TextStyle fontFamily="Arial" fontSize="8.0" italic="true"/>
                </Word>
                <Word id="w_w2aab1b3b4c11c15b5c25" language="English" custom="readingOrder {index:12;}">
                    <Coords points="1496,1698 1537,1698 1537,1725 1496,1725"/>
                    <TextEquiv>
                        <Unicode>Re,</Unicode>
                    </TextEquiv>
                    <TextStyle fontFamily="Arial" fontSize="8.0" italic="true"/>
                </Word>
                <Word id="w_w2aab1b3b4c11c15b6b3" language="English" custom="readingOrder {index:13;}">
                    <Coords points="1552,1701 1581,1701 1581,1722 1552,1722"/>
                    <TextEquiv>
                        <Unicode>et</Unicode>
                    </TextEquiv>
                    <TextStyle fontFamily="Arial" fontSize="8.0"/>
                </Word>
                <Word id="w_w2aab1b3b4c11c15b6b9" language="English" custom="readingOrder {index:14;}">
                    <Coords points="1596,1695 1631,1695 1631,1723 1596,1723"/>
                    <TextEquiv>
                        <Unicode>du</Unicode>
                    </TextEquiv>
                    <TextStyle fontFamily="Arial" fontSize="8.0"/>
                </Word>
                <Word id="w_w2aab1b3b4c11c15b6c15" language="English" custom="readingOrder {index:15;}">
                    <Coords points="1647,1698 1753,1698 1753,1731 1647,1731"/>
                    <TextEquiv>
                        <Unicode>caprice</Unicode>
                    </TextEquiv>
                    <TextStyle fontFamily="Arial" fontSize="8.0"/>
                </Word>
                <Word id="w_w2aab1b3b4c11c15b6c31" language="English" custom="readingOrder {index:16;}">
                    <Coords points="1769,1695 1847,1695 1847,1723 1769,1723"/>
                    <TextEquiv>
                        <Unicode>d’une</Unicode>
                    </TextEquiv>
                    <TextStyle fontFamily="Arial" fontSize="8.0"/>
                </Word>
                <Word id="w_w2aab1b3b4c11c15b6c43" language="English" custom="readingOrder {index:17;}">
                    <Coords points="1862,1698 2016,1698 2016,1727 1862,1727"/>
                    <TextEquiv>
                        <Unicode>cantatrice,</Unicode>
                    </TextEquiv>
                    <TextStyle fontFamily="Arial" fontSize="8.0"/>
                </Word>
                <Word id="w_w2aab1b3b4c11c15b6c67" language="English" custom="readingOrder {index:18;}">
                    <Coords points="2032,1701 2061,1701 2061,1723 2032,1723"/>
                    <TextEquiv>
                        <Unicode>et</Unicode>
                    </TextEquiv>
                    <TextStyle fontFamily="Arial" fontSize="8.0"/>
                </Word>
                <Word id="w_w2aab1b3b4c11c15b6c73" language="English" custom="readingOrder {index:19;}">
                    <Coords points="2077,1695 2090,1695 2090,1723 2077,1723"/>
                    <TextEquiv>
                        <Unicode>il</Unicode>
                    </TextEquiv>
                    <TextStyle fontFamily="Arial" fontSize="8.0"/>
                </Word>
                <Word id="w_w2aab1b3b4c11c15b6c79" language="English" custom="readingOrder {index:20;}">
                    <Coords points="2107,1701 2235,1701 2235,1731 2107,1731"/>
                    <TextEquiv>
                        <Unicode>rapporte</Unicode>
                    </TextEquiv>
                    <TextStyle fontFamily="Arial" fontSize="8.0"/>
                </Word>
                <Word id="w_w2aab1b3b4c11c15b6c97" language="English" custom="readingOrder {index:21;}">
                    <Coords points="2250,1705 2278,1705 2278,1723 2250,1723"/>
                    <TextEquiv>
                        <Unicode>sa</Unicode>
                    </TextEquiv>
                    <TextStyle fontFamily="Arial" fontSize="8.0"/>
                </Word>
                <TextEquiv>
                    <Unicode>Leoncavallo parle ensuite du chanteur VANNUTELLI, de Reginetta et d'Il Piccolo Re, et du caprice d’une cantatrice, et il rapporte sa</Unicode>
                </TextEquiv>
            </TextLine>
            <TextLine id="tl_26" primaryLanguage="English" custom="readingOrder {index:8;}">
                <Coords points="308,1740 2278,1740 2278,1776 308,1776"/>
                <Baseline points="308,1768 498,1767 577,1768 640,1767 790,1767 957,1768 995,1768 1084,1767 1132,1768 1249,1768 1267,1768 1295,1767 1341,1767 1369,1768 1508,1768 1655,1767 1683,1767 1731,1768 1872,1767 1932,1768 1950,1776 2066,1768 2165,1767 2278,1768"/>
                <Word id="w_w2aab1b3b4c11c17ab1" language="English" custom="readingOrder {index:0;}">
                    <Coords points="308,1743 498,1743 498,1768 308,1768"/>
                    <TextEquiv>
                        <Unicode>conversation</Unicode>
                    </TextEquiv>
                    <TextStyle fontFamily="Arial" fontSize="8.0"/>
                </Word>
                <Word id="w_w2aab1b3b4c11c17ac27" language="English" custom="readingOrder {index:1;}">
                    <Coords points="512,1750 577,1750 577,1768 512,1768"/>
                    <TextEquiv>
                        <Unicode>avec</Unicode>
                    </TextEquiv>
                    <TextStyle fontFamily="Arial" fontSize="8.0"/>
                </Word>
                <Word id="w_w2aab1b3b4c11c17ac37" language="English" custom="readingOrder {index:2;}">
                    <Coords points="591,1740 762,1740 762,1776 591,1776"/>
                    <TextEquiv>
                        <Unicode>l’imprésario</Unicode>
                    </TextEquiv>
                    <TextStyle fontFamily="Arial" fontSize="8.0"/>
                </Word>
                <Word id="w_w2aab1b3b4c11c17b1b1" language="English" custom="readingOrder {index:3;}">
                    <Coords points="776,1740 879,1740 879,1768 776,1768"/>
                    <TextEquiv>
                        <Unicode>Petrone</Unicode>
                    </TextEquiv>
                    <TextStyle fontFamily="Arial" fontSize="6.0"/>
                </Word>
                <Word id="w_w2aab1b3b4c11c17b2b1" language="English" custom="readingOrder {index:4;}">
                    <Coords points="891,1740 957,1740 957,1768 891,1768"/>
                    <TextEquiv>
                        <Unicode>dans</Unicode>
                    </TextEquiv>
                    <TextStyle fontFamily="Arial" fontSize="8.0"/>
                </Word>
                <Word id="w_w2aab1b3b4c11c17b2c11" language="English" custom="readingOrder {index:5;}">
                    <Coords points="972,1740 995,1740 995,1768 972,1768"/>
                    <TextEquiv>
                        <Unicode>le</Unicode>
                    </TextEquiv>
                    <TextStyle fontFamily="Arial" fontSize="8.0"/>
                </Word>
                <Word id="w_w2aab1b3b4c11c17b2c17" language="English" custom="readingOrder {index:6;}">
                    <Coords points="1007,1740 1084,1740 1084,1776 1007,1776"/>
                    <TextEquiv>
                        <Unicode>foyer</Unicode>
                    </TextEquiv>
                    <TextStyle fontFamily="Arial" fontSize="8.0"/>
                </Word>
                <Word id="w_w2aab1b3b4c11c17b2c29" language="English" custom="readingOrder {index:7;}">
                    <Coords points="1097,1740 1132,1740 1132,1768 1097,1768"/>
                    <TextEquiv>
                        <Unicode>du</Unicode>
                    </TextEquiv>
                    <TextStyle fontFamily="Arial" fontSize="8.0"/>
                </Word>
                <Word id="w_w2aab1b3b4c11c17b2c35" language="English" custom="readingOrder {index:8;}">
                    <Coords points="1147,1740 1249,1740 1249,1768 1147,1768"/>
                    <TextEquiv>
                        <Unicode>Kursaal</Unicode>
                    </TextEquiv>
                    <TextStyle fontFamily="Arial" fontSize="8.0"/>
                </Word>
                <Word id="w_w2aab1b3b4c11c17b2c51" language="English" custom="readingOrder {index:9;}">
                    <Coords points="1263,1750 1267,1750 1267,1768 1263,1768"/>
                    <TextEquiv>
                        <Unicode>:</Unicode>
                    </TextEquiv>
                    <TextStyle fontFamily="Arial" fontSize="8.0"/>
                </Word>
                <Word id="w_w2aab1b3b4c11c17b2c55" language="English" custom="readingOrder {index:10;}">
                    <Coords points="1281,1740 1295,1740 1295,1767 1281,1767"/>
                    <TextEquiv>
                        <Unicode>il</Unicode>
                    </TextEquiv>
                    <TextStyle fontFamily="Arial" fontSize="8.0"/>
                </Word>
                <Word id="w_w2aab1b3b4c11c17b2c61" language="English" custom="readingOrder {index:11;}">
                    <Coords points="1310,1740 1341,1740 1341,1768 1310,1768"/>
                    <TextEquiv>
                        <Unicode>lui</Unicode>
                    </TextEquiv>
                    <TextStyle fontFamily="Arial" fontSize="8.0"/>
                </Word>
                <Word id="w_w2aab1b3b4c11c17b2c69" language="English" custom="readingOrder {index:12;}">
                    <Coords points="1355,1750 1369,1750 1369,1768 1355,1768"/>
                    <TextEquiv>
                        <Unicode>a</Unicode>
                    </TextEquiv>
                    <TextStyle fontFamily="Arial" fontSize="8.0"/>
                </Word>
                <Word id="w_w2aab1b3b4c11c17b2c73" language="English" custom="readingOrder {index:13;}">
                    <Coords points="1382,1740 1508,1740 1508,1776 1382,1776"/>
                    <TextEquiv>
                        <Unicode>expliqué</Unicode>
                    </TextEquiv>
                    <TextStyle fontFamily="Arial" fontSize="8.0"/>
                </Word>
                <Word id="w_w2aab1b3b4c11c17b2c91" language="English" custom="readingOrder {index:14;}">
                    <Coords points="1522,1743 1655,1743 1655,1776 1522,1776"/>
                    <TextEquiv>
                        <Unicode>pourquoi</Unicode>
                    </TextEquiv>
                    <TextStyle fontFamily="Arial" fontSize="8.0"/>
                </Word>
                <Word id="w_w2aab1b3b4c11c17b2d109" language="English" custom="readingOrder {index:15;}">
                    <Coords points="1670,1740 1683,1740 1683,1767 1670,1767"/>
                    <TextEquiv>
                        <Unicode>il</Unicode>
                    </TextEquiv>
                    <TextStyle fontFamily="Arial" fontSize="8.0"/>
                </Word>
                <Word id="w_w2aab1b3b4c11c17b2d115" language="English" custom="readingOrder {index:16;}">
                    <Coords points="1698,1750 1731,1750 1731,1768 1698,1768"/>
                    <TextEquiv>
                        <Unicode>ne</Unicode>
                    </TextEquiv>
                    <TextStyle fontFamily="Arial" fontSize="8.0"/>
                </Word>
                <Word id="w_w2aab1b3b4c11c17b2d121" language="English" custom="readingOrder {index:17;}">
                    <Coords points="1746,1740 1872,1740 1872,1768 1746,1768"/>
                    <TextEquiv>
                        <Unicode>laisserait</Unicode>
                    </TextEquiv>
                    <TextStyle fontFamily="Arial" fontSize="8.0"/>
                </Word>
                <Word id="w_w2aab1b3b4c11c17b2d143" language="English" custom="readingOrder {index:18;}">
                    <Coords points="1885,1750 1932,1750 1932,1776 1885,1776"/>
                    <TextEquiv>
                        <Unicode>pas</Unicode>
                    </TextEquiv>
                    <TextStyle fontFamily="Arial" fontSize="8.0"/>
                </Word>
                <Word id="w_w2aab1b3b4c11c17b2d151" language="English" custom="readingOrder {index:19;}">
                    <Coords points="1944,1743 2021,1743 2021,1776 1944,1776"/>
                    <TextEquiv>
                        <Unicode>jouer</Unicode>
                    </TextEquiv>
                    <TextStyle fontFamily="Arial" fontSize="8.0"/>
                </Word>
                <Word id="w_w2aab1b3b4c11c17b3b1" language="English" custom="readingOrder {index:20;}">
                    <Coords points="2033,1743 2066,1743 2066,1768 2033,1768"/>
                    <TextEquiv>
                        <Unicode>La</Unicode>
                    </TextEquiv>
                    <TextStyle fontFamily="Arial" fontSize="8.0" italic="true"/>
                </Word>
                <Word id="w_w2aab1b3b4c11c17b3b7" language="English" custom="readingOrder {index:21;}">
                    <Coords points="2080,1740 2233,1740 2233,1768 2080,1768"/>
                    <TextEquiv>
                        <Unicode>Candidata</Unicode>
                    </TextEquiv>
                    <TextStyle fontFamily="Arial" fontSize="8.0" italic="true"/>
                </Word>
                <Word id="w_w2aab1b3b4c11c17b4b3" language="English" custom="readingOrder {index:22;}">
                    <Coords points="2246,1750 2278,1750 2278,1768 2246,1768"/>
                    <TextEquiv>
                        <Unicode>au</Unicode>
                    </TextEquiv>
                    <TextStyle fontFamily="Arial" fontSize="8.0"/>
                </Word>
                <TextEquiv>
                    <Unicode>conversation avec l’imprésario PETRONE dans le foyer du Kursaal : il lui a expliqué pourquoi il ne laisserait pas jouer La Candidata au</Unicode>
                </TextEquiv>
            </TextLine>
            <TextLine id="tl_27" primaryLanguage="English" custom="readingOrder {index:9;}">
                <Coords points="310,1785 1401,1785 1401,1821 310,1821"/>
                <Baseline points="310,1812 466,1816 543,1813 583,1813 712,1813 759,1813 857,1812 903,1812 991,1812 1034,1812 1062,1813 1121,1813 1197,1813 1224,1813 1259,1813 1401,1812"/>
                <Word id="w_w2aab1b3b4c11c19ab1" language="English" custom="readingOrder {index:0;}">
                    <Coords points="310,1785 466,1785 466,1816 310,1816"/>
                    <TextEquiv>
                        <Unicode>Lombardo,</Unicode>
                    </TextEquiv>
                    <TextStyle fontFamily="Arial" fontSize="8.0"/>
                </Word>
                <Word id="w_w2aab1b3b4c11c19ac21" language="English" custom="readingOrder {index:1;}">
                    <Coords points="479,1788 543,1788 543,1813 479,1813"/>
                    <TextEquiv>
                        <Unicode>mais</Unicode>
                    </TextEquiv>
                    <TextStyle fontFamily="Arial" fontSize="8.0"/>
                </Word>
                <Word id="w_w2aab1b3b4c11c19ac31" language="English" custom="readingOrder {index:2;}">
                    <Coords points="555,1795 583,1795 583,1813 555,1813"/>
                    <TextEquiv>
                        <Unicode>sa</Unicode>
                    </TextEquiv>
                    <TextStyle fontFamily="Arial" fontSize="8.0"/>
                </Word>
                <Word id="w_w2aab1b3b4c11c19ac37" language="English" custom="readingOrder {index:3;}">
                    <Coords points="596,1788 712,1788 712,1813 596,1813"/>
                    <TextEquiv>
                        <Unicode>manière</Unicode>
                    </TextEquiv>
                    <TextStyle fontFamily="Arial" fontSize="8.0"/>
                </Word>
                <Word id="w_w2aab1b3b4c11c19ac53" language="English" custom="readingOrder {index:4;}">
                    <Coords points="724,1785 759,1785 759,1813 724,1813"/>
                    <TextEquiv>
                        <Unicode>de</Unicode>
                    </TextEquiv>
                    <TextStyle fontFamily="Arial" fontSize="8.0"/>
                </Word>
                <Word id="w_w2aab1b3b4c11c19ac59" language="English" custom="readingOrder {index:5;}">
                    <Coords points="772,1785 857,1785 857,1821 772,1821"/>
                    <TextEquiv>
                        <Unicode>parler</Unicode>
                    </TextEquiv>
                    <TextStyle fontFamily="Arial" fontSize="8.0"/>
                </Word>
                <Word id="w_w2aab1b3b4c11c19ac73" language="English" custom="readingOrder {index:6;}">
                    <Coords points="868,1785 903,1785 903,1812 868,1812"/>
                    <TextEquiv>
                        <Unicode>du</Unicode>
                    </TextEquiv>
                    <TextStyle fontFamily="Arial" fontSize="8.0"/>
                </Word>
                <Word id="w_w2aab1b3b4c11c19ac79" language="English" custom="readingOrder {index:7;}">
                    <Coords points="917,1785 991,1785 991,1813 917,1813"/>
                    <TextEquiv>
                        <Unicode>livret</Unicode>
                    </TextEquiv>
                    <TextStyle fontFamily="Arial" fontSize="8.0"/>
                </Word>
                <Word id="w_w2aab1b3b4c11c19ac93" language="English" custom="readingOrder {index:8;}">
                    <Coords points="1003,1785 1034,1785 1034,1812 1003,1812"/>
                    <TextEquiv>
                        <Unicode>lui</Unicode>
                    </TextEquiv>
                    <TextStyle fontFamily="Arial" fontSize="8.0"/>
                </Word>
                <Word id="w_w2aab1b3b4c11c19ad101" language="English" custom="readingOrder {index:9;}">
                    <Coords points="1047,1795 1062,1795 1062,1813 1047,1813"/>
                    <TextEquiv>
                        <Unicode>a</Unicode>
                    </TextEquiv>
                    <TextStyle fontFamily="Arial" fontSize="8.0"/>
                </Word>
                <Word id="w_w2aab1b3b4c11c19ad105" language="English" custom="readingOrder {index:10;}">
                    <Coords points="1074,1788 1121,1788 1121,1813 1074,1813"/>
                    <TextEquiv>
                        <Unicode>mis</Unicode>
                    </TextEquiv>
                    <TextStyle fontFamily="Arial" fontSize="8.0"/>
                </Word>
                <Word id="w_w2aab1b3b4c11c19ad113" language="English" custom="readingOrder {index:11;}">
                    <Coords points="1135,1785 1197,1785 1197,1813 1135,1813"/>
                    <TextEquiv>
                        <Unicode>l’eau</Unicode>
                    </TextEquiv>
                    <TextStyle fontFamily="Arial" fontSize="8.0"/>
                </Word>
                <Word id="w_w2aab1b3b4c11c19ad125" language="English" custom="readingOrder {index:12;}">
                    <Coords points="1209,1789 1224,1789 1224,1813 1209,1813"/>
                    <TextEquiv>
                        <Unicode>à</Unicode>
                    </TextEquiv>
                    <TextStyle fontFamily="Arial" fontSize="8.0"/>
                </Word>
                <Word id="w_w2aab1b3b4c11c19ad129" language="English" custom="readingOrder {index:13;}">
                    <Coords points="1237,1785 1259,1785 1259,1813 1237,1813"/>
                    <TextEquiv>
                        <Unicode>la</Unicode>
                    </TextEquiv>
                    <TextStyle fontFamily="Arial" fontSize="8.0"/>
                </Word>
                <Word id="w_w2aab1b3b4c11c19ad135" language="English" custom="readingOrder {index:14;}">
                    <Coords points="1271,1785 1401,1785 1401,1813 1271,1813"/>
                    <TextEquiv>
                        <Unicode>bouche...</Unicode>
                    </TextEquiv>
                    <TextStyle fontFamily="Arial" fontSize="8.0"/>
                </Word>
                <TextEquiv>
                    <Unicode>Lombardo, mais sa manière de parler du livret lui a mis l’eau à la bouche...</Unicode>
                </TextEquiv>
                <TextStyle fontFamily="Arial" fontSize="8.0"/>
            </TextLine>
            <TextEquiv>
                <Unicode>LONGUE ET INTÉRESSANTE LETTRE À PROPOS DE LEUR OPÉRETTE LA CANDIDATA (créée à Rome le 6 février 1915). En attendant confirmation de la
commande, Leoncavallo a commencé à travailler et il faudra qu’ils se mettent aussitôt à l’acte III avec tout le talent brillant de
Forzano. Il fait part des observations de leur ami BELVEDERI concernant les actes I et II, et s’inquiète de la présence trop discrète sur
scène de la protagoniste, nécessairement la prima donna de la troupe : il propose, pour l’animer un peu, qu’Aurore ait un petit discours
politico-féministe à l’acte I, ou qu’elle se laisse enivrer au champagne à l’acte II... Il demande aussi ses idées sur le développement
du personnage à l’acte III, où elle doit se montrer à la fois candidate féministe et vierge : par exemple, est-ce que le candidat et
la candidate ne pourraient pas arriver au seul hôtel convenable de Nancy ? Cela permettrait de créer une situation piquante...
Leoncavallo parle ensuite du chanteur VANNUTELLI, de Reginetta et d'Il Piccolo Re, et du caprice d’une cantatrice, et il rapporte sa
conversation avec l’imprésario PETRONE dans le foyer du Kursaal : il lui a expliqué pourquoi il ne laisserait pas jouer La Candidata au
Lombardo, mais sa manière de parler du livret lui a mis l’eau à la bouche...</Unicode>
            </TextEquiv>
        </TextRegion>
        <TextRegion type="paragraph" id="r_2_8" custom="readingOrder {index:8;}">
            <Coords points="221,1900 2279,1900 2279,1938 221,1938"/>
            <TextLine id="tl_28" primaryLanguage="English" custom="readingOrder {index:0;}">
                <Coords points="222,1901 2278,1901 2278,1937 222,1937"/>
                <Baseline points="222,1928 237,1928 472,1928 615,1928 663,1928 699,1928 819,1928 849,1928 1282,1928 1330,1928 1436,1928 1483,1929 1588,1928 1740,1928 1765,1928 1853,1928 1964,1928 2011,1928 2132,1928 2278,1932"/>
                <Word id="w_w2aab1b3b4c13b1ab1" language="English" custom="readingOrder {index:0;}">
                    <Coords points="222,1904 258,1904 258,1928 222,1928"/>
                    <TextEquiv>
                        <Unicode>73.</Unicode>
                    </TextEquiv>
                    <TextStyle fontFamily="Arial" fontSize="8.0"/>
                </Word>
                <Word id="w_w2aab1b3b4c13b1b1b1" language="English" custom="readingOrder {index:1;}">
                    <Coords points="310,1904 472,1904 472,1928 310,1928"/>
                    <TextEquiv>
                        <Unicode>LUTHERIE.</Unicode>
                    </TextEquiv>
                    <TextStyle fontFamily="Arial" fontSize="8.0" bold="true"/>
                </Word>
                <Word id="w_w2aab1b3b4c13b1b1c21" language="English" custom="readingOrder {index:2;}">
                    <Coords points="482,1901 615,1901 615,1928 482,1928"/>
                    <TextEquiv>
                        <Unicode>Archives</Unicode>
                    </TextEquiv>
                    <TextStyle fontFamily="Arial" fontSize="8.0" bold="true"/>
                </Word>
                <Word id="w_w2aab1b3b4c13b1b1c39" language="English" custom="readingOrder {index:3;}">
                    <Coords points="626,1901 663,1901 663,1928 626,1928"/>
                    <TextEquiv>
                        <Unicode>de</Unicode>
                    </TextEquiv>
                    <TextStyle fontFamily="Arial" fontSize="8.0" bold="true"/>
                </Word>
                <Word id="w_w2aab1b3b4c13b1b1c45" language="English" custom="readingOrder {index:4;}">
                    <Coords points="674,1901 699,1901 699,1928 674,1928"/>
                    <TextEquiv>
                        <Unicode>la</Unicode>
                    </TextEquiv>
                    <TextStyle fontFamily="Arial" fontSize="8.0" bold="true"/>
                </Word>
                <Word id="w_w2aab1b3b4c13b1b1c51" language="English" custom="readingOrder {index:5;}">
                    <Coords points="709,1901 819,1901 819,1928 709,1928"/>
                    <TextEquiv>
                        <Unicode>famille</Unicode>
                    </TextEquiv>
                    <TextStyle fontFamily="Arial" fontSize="8.0" bold="true"/>
                </Word>
                <Word id="w_w2aab1b3b4c13b1b1c67" language="English" custom="readingOrder {index:6;}">
                    <Coords points="830,1904 1161,1904 1161,1928 830,1928"/>
                    <TextEquiv>
                        <Unicode>CHANOT-CHARDON.</Unicode>
                    </TextEquiv>
                    <TextStyle fontFamily="Arial" fontSize="8.0" bold="true"/>
                </Word>
                <Word id="w_w2aab1b3b4c13b1b2b1" language="English" custom="readingOrder {index:7;}">
                    <Coords points="1174,1904 1282,1904 1282,1928 1174,1928"/>
                    <TextEquiv>
                        <Unicode>Environ</Unicode>
                    </TextEquiv>
                    <TextStyle fontFamily="Arial" fontSize="8.0"/>
                </Word>
                <Word id="w_w2aab1b3b4c13b1b2c17" language="English" custom="readingOrder {index:8;}">
                    <Coords points="1294,1904 1330,1904 1330,1928 1294,1928"/>
                    <TextEquiv>
                        <Unicode>60</Unicode>
                    </TextEquiv>
                    <TextStyle fontFamily="Arial" fontSize="8.0"/>
                </Word>
                <Word id="w_w2aab1b3b4c13b1b2c23" language="English" custom="readingOrder {index:9;}">
                    <Coords points="1343,1901 1436,1901 1436,1928 1343,1928"/>
                    <TextEquiv>
                        <Unicode>lettres</Unicode>
                    </TextEquiv>
                    <TextStyle fontFamily="Arial" fontSize="8.0"/>
                </Word>
                <Word id="w_w2aab1b3b4c13b1b2c39" language="English" custom="readingOrder {index:10;}">
                    <Coords points="1447,1910 1483,1910 1483,1929 1447,1929"/>
                    <TextEquiv>
                        <Unicode>ou</Unicode>
                    </TextEquiv>
                    <TextStyle fontFamily="Arial" fontSize="8.0"/>
                </Word>
                <Word id="w_w2aab1b3b4c13b1b2c45" language="English" custom="readingOrder {index:11;}">
                    <Coords points="1496,1904 1588,1904 1588,1937 1496,1937"/>
                    <TextEquiv>
                        <Unicode>pièces</Unicode>
                    </TextEquiv>
                    <TextStyle fontFamily="Arial" fontSize="8.0"/>
                </Word>
                <Word id="w_w2aab1b3b4c13b1b2c59" language="English" custom="readingOrder {index:12;}">
                    <Coords points="1599,1901 1740,1901 1740,1928 1599,1928"/>
                    <TextEquiv>
                        <Unicode>adressées</Unicode>
                    </TextEquiv>
                    <TextStyle fontFamily="Arial" fontSize="8.0"/>
                </Word>
                <Word id="w_w2aab1b3b4c13b1b2c79" language="English" custom="readingOrder {index:13;}">
                    <Coords points="1751,1904 1765,1904 1765,1928 1751,1928"/>
                    <TextEquiv>
                        <Unicode>à</Unicode>
                    </TextEquiv>
                    <TextStyle fontFamily="Arial" fontSize="8.0"/>
                </Word>
                <Word id="w_w2aab1b3b4c13b1b2c83" language="English" custom="readingOrder {index:14;}">
                    <Coords points="1777,1906 1853,1906 1853,1928 1777,1928"/>
                    <TextEquiv>
                        <Unicode>cette</Unicode>
                    </TextEquiv>
                    <TextStyle fontFamily="Arial" fontSize="8.0"/>
                </Word>
                <Word id="w_w2aab1b3b4c13b1b2c95" language="English" custom="readingOrder {index:15;}">
                    <Coords points="1864,1901 1964,1901 1964,1928 1864,1928"/>
                    <TextEquiv>
                        <Unicode>famille</Unicode>
                    </TextEquiv>
                    <TextStyle fontFamily="Arial" fontSize="8.0"/>
                </Word>
                <Word id="w_w2aab1b3b4c13b1b2d111" language="English" custom="readingOrder {index:16;}">
                    <Coords points="1976,1901 2011,1901 2011,1928 1976,1928"/>
                    <TextEquiv>
                        <Unicode>de</Unicode>
                    </TextEquiv>
                    <TextStyle fontFamily="Arial" fontSize="8.0"/>
                </Word>
                <Word id="w_w2aab1b3b4c13b1b2d117" language="English" custom="readingOrder {index:17;}">
                    <Coords points="2024,1901 2132,1901 2132,1928 2024,1928"/>
                    <TextEquiv>
                        <Unicode>luthiers</Unicode>
                    </TextEquiv>
                    <TextStyle fontFamily="Arial" fontSize="8.0"/>
                </Word>
                <Word id="w_w2aab1b3b4c13b1b2d135" language="English" custom="readingOrder {index:18;}">
                    <Coords points="2145,1904 2278,1904 2278,1937 2145,1937"/>
                    <TextEquiv>
                        <Unicode>parisiens,</Unicode>
                    </TextEquiv>
                    <TextStyle fontFamily="Arial" fontSize="8.0"/>
                </Word>
                <TextEquiv>
                    <Unicode>73. LUTHERIE. Archives de la famille CHANOT-CHARDON. Environ 60 lettres ou pièces adressées à cette famille de luthiers parisiens,</Unicode>
                </TextEquiv>
            </TextLine>
            <TextEquiv>
                <Unicode>73. LUTHERIE. Archives de la famille CHANOT-CHARDON. Environ 60 lettres ou pièces adressées à cette famille de luthiers parisiens,</Unicode>
            </TextEquiv>
        </TextRegion>
        <TextRegion type="paragraph" id="r_2_9" custom="readingOrder {index:9;}">
            <Coords points="307,1945 2279,1945 2279,1983 307,1983"/>
            <TextLine id="tl_29" primaryLanguage="English" custom="readingOrder {index:0;}">
                <Coords points="308,1946 2278,1946 2278,1982 308,1982"/>
                <Baseline points="308,1973 343,1973 373,1973 414,1961 426,1964 477,1961 570,1973 586,1977 647,1973 673,1974 718,1973 864,1973 913,1973 1030,1973 2278,1973"/>
                <Word id="w_w2aab1b3b4c15b1ab1" language="English" custom="readingOrder {index:0;}">
                    <Coords points="308,1946 343,1946 343,1973 308,1973"/>
                    <TextEquiv>
                        <Unicode>fin</Unicode>
                    </TextEquiv>
                    <TextStyle fontFamily="Arial" fontSize="8.0"/>
                </Word>
                <Word id="w_w2aab1b3b4c15b1ab9" language="English" custom="readingOrder {index:1;}">
                    <Coords points="355,1949 403,1949 403,1973 355,1973"/>
                    <TextEquiv>
                        <Unicode>XIX</Unicode>
                    </TextEquiv>
                    <TextStyle fontFamily="Arial" fontSize="8.0"/>
                </Word>
                <Word id="w_w2aab1b3b4c15b1b1b1" language="English" custom="readingOrder {index:2;}">
                    <Coords points="405,1950 414,1950 414,1961 405,1961"/>
                    <TextEquiv>
                        <Unicode>e</Unicode>
                    </TextEquiv>
                    <TextStyle fontFamily="Arial" fontSize="8.0" superscript="true"/>
                </Word>
                <Word id="w_w2aab1b3b4c15b1b2b1" language="English" custom="readingOrder {index:3;}">
                    <Coords points="416,1949 465,1949 465,1973 416,1973"/>
                    <TextEquiv>
                        <Unicode>-XX</Unicode>
                    </TextEquiv>
                    <TextStyle fontFamily="Arial" fontSize="8.0"/>
                </Word>
                <Word id="w_w2aab1b3b4c15b1b3b1" language="English" custom="readingOrder {index:4;}">
                    <Coords points="468,1950 477,1950 477,1961 468,1961"/>
                    <TextEquiv>
                        <Unicode>e</Unicode>
                    </TextEquiv>
                    <TextStyle fontFamily="Arial" fontSize="8.0" superscript="true"/>
                </Word>
                <Word id="w_w2aab1b3b4c15b1b4b3" language="English" custom="readingOrder {index:5;}">
                    <Coords points="488,1946 570,1946 570,1973 488,1973"/>
                    <TextEquiv>
                        <Unicode>siècle</Unicode>
                    </TextEquiv>
                    <TextStyle fontFamily="Arial" fontSize="8.0"/>
                </Word>
                <Word id="w_w2aab1b3b4c15b1b4c17" language="English" custom="readingOrder {index:6;}">
                    <Coords points="582,1956 586,1956 586,1977 582,1977"/>
                    <TextEquiv>
                        <Unicode>;</Unicode>
                    </TextEquiv>
                    <TextStyle fontFamily="Arial" fontSize="8.0"/>
                </Word>
                <Word id="w_w2aab1b3b4c15b1b4c21" language="English" custom="readingOrder {index:7;}">
                    <Coords points="598,1955 647,1955 647,1982 598,1982"/>
                    <TextEquiv>
                        <Unicode>qqs</Unicode>
                    </TextEquiv>
                    <TextStyle fontFamily="Arial" fontSize="8.0"/>
                </Word>
                <Word id="w_w2aab1b3b4c15b1b4c29" language="English" custom="readingOrder {index:8;}">
                    <Coords points="661,1946 673,1946 673,1974 661,1974"/>
                    <TextEquiv>
                        <Unicode>l.</Unicode>
                    </TextEquiv>
                    <TextStyle fontFamily="Arial" fontSize="8.0"/>
                </Word>
                <Word id="w_w2aab1b3b4c15b1b4c35" language="English" custom="readingOrder {index:9;}">
                    <Coords points="685,1956 718,1956 718,1973 685,1973"/>
                    <TextEquiv>
                        <Unicode>en</Unicode>
                    </TextEquiv>
                    <TextStyle fontFamily="Arial" fontSize="8.0"/>
                </Word>
                <Word id="w_w2aab1b3b4c15b1b4c41" language="English" custom="readingOrder {index:10;}">
                    <Coords points="730,1946 864,1946 864,1973 730,1973"/>
                    <TextEquiv>
                        <Unicode>allemand</Unicode>
                    </TextEquiv>
                    <TextStyle fontFamily="Arial" fontSize="8.0"/>
                </Word>
                <Word id="w_w2aab1b3b4c15b1b4c59" language="English" custom="readingOrder {index:11;}">
                    <Coords points="877,1956 913,1956 913,1973 877,1973"/>
                    <TextEquiv>
                        <Unicode>ou</Unicode>
                    </TextEquiv>
                    <TextStyle fontFamily="Arial" fontSize="8.0"/>
                </Word>
                <Word id="w_w2aab1b3b4c15b1b4c65" language="English" custom="readingOrder {index:12;}">
                    <Coords points="925,1946 1030,1946 1030,1982 925,1982"/>
                    <TextEquiv>
                        <Unicode>anglais.</Unicode>
                    </TextEquiv>
                    <TextStyle fontFamily="Arial" fontSize="8.0"/>
                </Word>
                <Word id="w_w2aab1b3b4c15b1b4c83" language="English" custom="readingOrder {index:13;}">
                    <Coords points="2121,1948 2278,1948 2278,1973 2121,1973"/>
                    <TextEquiv>
                        <Unicode>800/1.000</Unicode>
                    </TextEquiv>
                    <TextStyle fontFamily="Arial" fontSize="8.0"/>
                </Word>
                <TextEquiv>
                    <Unicode>fin XIXe-XXe siècle ; qqs l. en allemand ou anglais. 800/1.000</Unicode>
                </TextEquiv>
            </TextLine>
            <TextEquiv>
                <Unicode>fin XIXe-XXe siècle ; qqs l. en allemand ou anglais. 800/1.000</Unicode>
            </TextEquiv>
        </TextRegion>
        <TextRegion type="paragraph" id="r_2_10" custom="readingOrder {index:10;}">
            <Coords points="307,2007 2279,2007 2279,2221 307,2221"/>
            <TextLine id="tl_30" primaryLanguage="English" custom="readingOrder {index:0;}">
                <Coords points="345,2008 2278,2008 2278,2043 345,2043"/>
                <Baseline points="345,2035 493,2035 516,2035 665,2035 774,2035 883,2035 944,2035 996,2035 1117,2035 1242,2035 1278,2035 1411,2035 1668,2039 1747,2035 1914,2035 2058,2035 2121,2035 2175,2035 2278,2035"/>
                <Word id="w_w2aab1b3b4c17b1ab1" language="English" custom="readingOrder {index:0;}">
                    <Coords points="345,2011 493,2011 493,2035 345,2035"/>
                    <TextEquiv>
                        <Unicode>Intéressant</Unicode>
                    </TextEquiv>
                    <TextStyle fontFamily="Arial" fontSize="6.0"/>
                </Word>
                <Word id="w_w2aab1b3b4c17b1ac25" language="English" custom="readingOrder {index:1;}">
                    <Coords points="506,2008 617,2008 617,2035 506,2035"/>
                    <TextEquiv>
                        <Unicode>ensemble</Unicode>
                    </TextEquiv>
                    <TextStyle fontFamily="Arial" fontSize="6.0"/>
                </Word>
                <Word id="w_w2aab1b3b4c17b1b1b1" language="English" custom="readingOrder {index:2;}">
                    <Coords points="630,2008 665,2008 665,2035 630,2035"/>
                    <TextEquiv>
                        <Unicode>de</Unicode>
                    </TextEquiv>
                    <TextStyle fontFamily="Arial" fontSize="8.0"/>
                </Word>
                <Word id="w_w2aab1b3b4c17b1b1b7" language="English" custom="readingOrder {index:3;}">
                    <Coords points="681,2008 774,2008 774,2035 681,2035"/>
                    <TextEquiv>
                        <Unicode>lettres</Unicode>
                    </TextEquiv>
                    <TextStyle fontFamily="Arial" fontSize="8.0"/>
                </Word>
                <Word id="w_w2aab1b3b4c17b1b1c23" language="English" custom="readingOrder {index:4;}">
                    <Coords points="789,2017 883,2017 883,2042 789,2042"/>
                    <TextEquiv>
                        <Unicode>reçues</Unicode>
                    </TextEquiv>
                    <TextStyle fontFamily="Arial" fontSize="8.0"/>
                </Word>
                <Word id="w_w2aab1b3b4c17b1b1c37" language="English" custom="readingOrder {index:5;}">
                    <Coords points="898,2017 944,2017 944,2043 898,2043"/>
                    <TextEquiv>
                        <Unicode>par</Unicode>
                    </TextEquiv>
                    <TextStyle fontFamily="Arial" fontSize="8.0"/>
                </Word>
                <Word id="w_w2aab1b3b4c17b1b1c45" language="English" custom="readingOrder {index:6;}">
                    <Coords points="959,2008 996,2008 996,2035 959,2035"/>
                    <TextEquiv>
                        <Unicode>les</Unicode>
                    </TextEquiv>
                    <TextStyle fontFamily="Arial" fontSize="8.0"/>
                </Word>
                <Word id="w_w2aab1b3b4c17b1b1c53" language="English" custom="readingOrder {index:7;}">
                    <Coords points="1009,2008 1117,2008 1117,2035 1009,2035"/>
                    <TextEquiv>
                        <Unicode>fameux</Unicode>
                    </TextEquiv>
                    <TextStyle fontFamily="Arial" fontSize="8.0"/>
                </Word>
                <Word id="w_w2aab1b3b4c17b1b1c67" language="English" custom="readingOrder {index:8;}">
                    <Coords points="1133,2008 1242,2008 1242,2035 1133,2035"/>
                    <TextEquiv>
                        <Unicode>luthiers</Unicode>
                    </TextEquiv>
                    <TextStyle fontFamily="Arial" fontSize="8.0"/>
                </Word>
                <Word id="w_w2aab1b3b4c17b1b1c85" language="English" custom="readingOrder {index:9;}">
                    <Coords points="1256,2010 1377,2010 1377,2043 1256,2043"/>
                    <TextEquiv>
                        <Unicode>Georges</Unicode>
                    </TextEquiv>
                    <TextStyle fontFamily="Arial" fontSize="8.0"/>
                </Word>
                <Word id="w_w2aab1b3b4c17b1b2b1" language="English" custom="readingOrder {index:10;}">
                    <Coords points="1392,2008 1496,2008 1496,2043 1392,2043"/>
                    <TextEquiv>
                        <Unicode>Chanot</Unicode>
                    </TextEquiv>
                    <TextStyle fontFamily="Arial" fontSize="6.0"/>
                </Word>
                <Word id="w_w2aab1b3b4c17b1b3b1" language="English" custom="readingOrder {index:11;}">
                    <Coords points="1509,2008 1668,2008 1668,2043 1509,2043"/>
                    <TextEquiv>
                        <Unicode>(1801-1883),</Unicode>
                    </TextEquiv>
                    <TextStyle fontFamily="Arial" fontSize="8.0"/>
                </Word>
                <Word id="w_w2aab1b3b4c17b1b3c27" language="English" custom="readingOrder {index:12;}">
                    <Coords points="1684,2008 1879,2008 1879,2043 1684,2043"/>
                    <TextEquiv>
                        <Unicode>Marie-Joseph</Unicode>
                    </TextEquiv>
                    <TextStyle fontFamily="Arial" fontSize="8.0"/>
                </Word>
                <Word id="w_w2aab1b3b4c17b1b4b1" language="English" custom="readingOrder {index:13;}">
                    <Coords points="1894,2010 2014,2010 2014,2035 1894,2035"/>
                    <TextEquiv>
                        <Unicode>Chardon</Unicode>
                    </TextEquiv>
                    <TextStyle fontFamily="Arial" fontSize="6.0"/>
                </Word>
                <Word id="w_w2aab1b3b4c17b1b5b1" language="English" custom="readingOrder {index:14;}">
                    <Coords points="2028,2013 2058,2013 2058,2035 2028,2035"/>
                    <TextEquiv>
                        <Unicode>et</Unicode>
                    </TextEquiv>
                    <TextStyle fontFamily="Arial" fontSize="8.0"/>
                </Word>
                <Word id="w_w2aab1b3b4c17b1b5b7" language="English" custom="readingOrder {index:15;}">
                    <Coords points="2071,2017 2121,2017 2121,2035 2071,2035"/>
                    <TextEquiv>
                        <Unicode>son</Unicode>
                    </TextEquiv>
                    <TextStyle fontFamily="Arial" fontSize="8.0"/>
                </Word>
                <Word id="w_w2aab1b3b4c17b1b5c15" language="English" custom="readingOrder {index:16;}">
                    <Coords points="2135,2008 2175,2008 2175,2035 2135,2035"/>
                    <TextEquiv>
                        <Unicode>fils</Unicode>
                    </TextEquiv>
                    <TextStyle fontFamily="Arial" fontSize="8.0"/>
                </Word>
                <Word id="w_w2aab1b3b4c17b1b5c25" language="English" custom="readingOrder {index:17;}">
                    <Coords points="2190,2008 2278,2008 2278,2035 2190,2035"/>
                    <TextEquiv>
                        <Unicode>André</Unicode>
                    </TextEquiv>
                    <TextStyle fontFamily="Arial" fontSize="8.0"/>
                </Word>
                <TextEquiv>
                    <Unicode>INTÉRESSANT ENSEMBLE de lettres reçues par les fameux luthiers Georges CHANOT (1801-1883), Marie-Joseph CHARDON et son fils André</Unicode>
                </TextEquiv>
            </TextLine>
            <TextLine id="tl_31" primaryLanguage="English" custom="readingOrder {index:1;}">
                <Coords points="309,2053 2278,2053 2278,2088 309,2088"/>
                <Baseline points="309,2080 328,2080 601,2080 689,2080 739,2080 986,2084 1075,2080 1134,2080 1238,2080 1387,2080 1413,2080 1476,2080 1629,2080 1728,2080 1777,2080 1865,2080 1911,2080 2037,2084 2278,2080"/>
                <Word id="w_w2aab1b3b4c17b3ab1" language="English" custom="readingOrder {index:0;}">
                    <Coords points="309,2053 429,2053 429,2088 309,2088"/>
                    <TextEquiv>
                        <Unicode>Chardon</Unicode>
                    </TextEquiv>
                    <TextStyle fontFamily="Arial" fontSize="6.0"/>
                </Word>
                <Word id="w_w2aab1b3b4c17b3b1b1" language="English" custom="readingOrder {index:1;}">
                    <Coords points="439,2053 601,2053 601,2088 439,2088"/>
                    <TextEquiv>
                        <Unicode>(1897-1963).</Unicode>
                    </TextEquiv>
                    <TextStyle fontFamily="Arial" fontSize="8.0"/>
                </Word>
                <Word id="w_w2aab1b3b4c17b3b1c27" language="English" custom="readingOrder {index:2;}">
                    <Coords points="612,2056 689,2056 689,2080 612,2080"/>
                    <TextEquiv>
                        <Unicode>Parmi</Unicode>
                    </TextEquiv>
                    <TextStyle fontFamily="Arial" fontSize="8.0"/>
                </Word>
                <Word id="w_w2aab1b3b4c17b3b1c39" language="English" custom="readingOrder {index:3;}">
                    <Coords points="702,2053 739,2053 739,2080 702,2080"/>
                    <TextEquiv>
                        <Unicode>les</Unicode>
                    </TextEquiv>
                    <TextStyle fontFamily="Arial" fontSize="8.0"/>
                </Word>
                <Word id="w_w2aab1b3b4c17b3b1c47" language="English" custom="readingOrder {index:4;}">
                    <Coords points="749,2053 986,2053 986,2088 749,2088"/>
                    <TextEquiv>
                        <Unicode>correspondants,</Unicode>
                    </TextEquiv>
                    <TextStyle fontFamily="Arial" fontSize="8.0"/>
                </Word>
                <Word id="w_w2aab1b3b4c17b3b1c79" language="English" custom="readingOrder {index:5;}">
                    <Coords points="996,2058 1075,2058 1075,2080 996,2080"/>
                    <TextEquiv>
                        <Unicode>outre</Unicode>
                    </TextEquiv>
                    <TextStyle fontFamily="Arial" fontSize="8.0"/>
                </Word>
                <Word id="w_w2aab1b3b4c17b3b1c91" language="English" custom="readingOrder {index:6;}">
                    <Coords points="1085,2053 1134,2053 1134,2080 1085,2080"/>
                    <TextEquiv>
                        <Unicode>des</Unicode>
                    </TextEquiv>
                    <TextStyle fontFamily="Arial" fontSize="8.0"/>
                </Word>
                <Word id="w_w2aab1b3b4c17b3b1c99" language="English" custom="readingOrder {index:7;}">
                    <Coords points="1145,2053 1238,2053 1238,2080 1145,2080"/>
                    <TextEquiv>
                        <Unicode>lettres</Unicode>
                    </TextEquiv>
                    <TextStyle fontFamily="Arial" fontSize="8.0"/>
                </Word>
                <Word id="w_w2aab1b3b4c17b3b1d115" language="English" custom="readingOrder {index:8;}">
                    <Coords points="1247,2053 1387,2053 1387,2080 1247,2080"/>
                    <TextEquiv>
                        <Unicode>familiales</Unicode>
                    </TextEquiv>
                    <TextStyle fontFamily="Arial" fontSize="8.0"/>
                </Word>
                <Word id="w_w2aab1b3b4c17b3b1d137" language="English" custom="readingOrder {index:9;}">
                    <Coords points="1397,2053 1446,2053 1446,2080 1397,2080"/>
                    <TextEquiv>
                        <Unicode>des</Unicode>
                    </TextEquiv>
                    <TextStyle fontFamily="Arial" fontSize="8.0"/>
                </Word>
                <Word id="w_w2aab1b3b4c17b3b2b1" language="English" custom="readingOrder {index:10;}">
                    <Coords points="1456,2055 1583,2055 1583,2084 1456,2084"/>
                    <TextEquiv>
                        <Unicode>Chardon,</Unicode>
                    </TextEquiv>
                    <TextStyle fontFamily="Arial" fontSize="6.0"/>
                </Word>
                <Word id="w_w2aab1b3b4c17b3b3b1" language="English" custom="readingOrder {index:11;}">
                    <Coords points="1593,2062 1629,2062 1629,2080 1593,2080"/>
                    <TextEquiv>
                        <Unicode>on</Unicode>
                    </TextEquiv>
                    <TextStyle fontFamily="Arial" fontSize="8.0"/>
                </Word>
                <Word id="w_w2aab1b3b4c17b3b3b7" language="English" custom="readingOrder {index:12;}">
                    <Coords points="1641,2053 1728,2053 1728,2080 1641,2080"/>
                    <TextEquiv>
                        <Unicode>relève</Unicode>
                    </TextEquiv>
                    <TextStyle fontFamily="Arial" fontSize="8.0"/>
                </Word>
                <Word id="w_w2aab1b3b4c17b3b3c21" language="English" custom="readingOrder {index:13;}">
                    <Coords points="1739,2053 1777,2053 1777,2080 1739,2080"/>
                    <TextEquiv>
                        <Unicode>les</Unicode>
                    </TextEquiv>
                    <TextStyle fontFamily="Arial" fontSize="8.0"/>
                </Word>
                <Word id="w_w2aab1b3b4c17b3b3c29" language="English" custom="readingOrder {index:14;}">
                    <Coords points="1787,2062 1865,2062 1865,2080 1787,2080"/>
                    <TextEquiv>
                        <Unicode>noms</Unicode>
                    </TextEquiv>
                    <TextStyle fontFamily="Arial" fontSize="8.0"/>
                </Word>
                <Word id="w_w2aab1b3b4c17b3b3c39" language="English" custom="readingOrder {index:15;}">
                    <Coords points="1875,2053 1911,2053 1911,2080 1875,2080"/>
                    <TextEquiv>
                        <Unicode>de</Unicode>
                    </TextEquiv>
                    <TextStyle fontFamily="Arial" fontSize="8.0"/>
                </Word>
                <Word id="w_w2aab1b3b4c17b3b3c45" language="English" custom="readingOrder {index:16;}">
                    <Coords points="1922,2053 2037,2053 2037,2084 1922,2084"/>
                    <TextEquiv>
                        <Unicode>luthiers,</Unicode>
                    </TextEquiv>
                    <TextStyle fontFamily="Arial" fontSize="8.0"/>
                </Word>
                <Word id="w_w2aab1b3b4c17b3b3c65" language="English" custom="readingOrder {index:17;}">
                    <Coords points="2047,2053 2278,2053 2278,2080 2047,2080"/>
                    <TextEquiv>
                        <Unicode>collectionneurs</Unicode>
                    </TextEquiv>
                    <TextStyle fontFamily="Arial" fontSize="8.0"/>
                </Word>
                <TextEquiv>
                    <Unicode>Chardon (1897-1963). Parmi les correspondants, outre des lettres familiales des Chardon, on relève les noms de luthiers, collectionneurs</Unicode>
                </TextEquiv>
            </TextLine>
            <TextLine id="tl_32" primaryLanguage="English" custom="readingOrder {index:2;}">
                <Coords points="308,2093 2278,2093 2278,2133 308,2133"/>
                <Baseline points="308,2125 337,2125 512,2125 529,2125 558,2125 803,2129 833,2125 983,2129 1002,2129 1125,2125 1163,2125 1203,2125 1349,2125 1388,2125 1511,2125 1678,2125 1705,2125 1740,2125 1886,2129 1915,2125 2049,2125 2278,2125"/>
                <Word id="w_w2aab1b3b4c17b5ab1" language="English" custom="readingOrder {index:0;}">
                    <Coords points="308,2103 337,2103 337,2125 308,2125"/>
                    <TextEquiv>
                        <Unicode>et</Unicode>
                    </TextEquiv>
                    <TextStyle fontFamily="Arial" fontSize="8.0"/>
                </Word>
                <Word id="w_w2aab1b3b4c17b5ab7" language="English" custom="readingOrder {index:1;}">
                    <Coords points="352,2101 512,2101 512,2133 352,2133"/>
                    <TextEquiv>
                        <Unicode>interprètes</Unicode>
                    </TextEquiv>
                    <TextStyle fontFamily="Arial" fontSize="8.0"/>
                </Word>
                <Word id="w_w2aab1b3b4c17b5ac31" language="English" custom="readingOrder {index:2;}">
                    <Coords points="526,2107 529,2107 529,2125 526,2125"/>
                    <TextEquiv>
                        <Unicode>:</Unicode>
                    </TextEquiv>
                    <TextStyle fontFamily="Arial" fontSize="8.0"/>
                </Word>
                <Word id="w_w2aab1b3b4c17b5ac35" language="English" custom="readingOrder {index:3;}">
                    <Coords points="544,2093 663,2093 663,2125 544,2125"/>
                    <TextEquiv>
                        <Unicode>Édouard</Unicode>
                    </TextEquiv>
                    <TextStyle fontFamily="Arial" fontSize="8.0"/>
                </Word>
                <Word id="w_w2aab1b3b4c17b5b1b1" language="English" custom="readingOrder {index:4;}">
                    <Coords points="678,2100 803,2100 803,2129 678,2129"/>
                    <TextEquiv>
                        <Unicode>Agutton,</Unicode>
                    </TextEquiv>
                    <TextStyle fontFamily="Arial" fontSize="6.0"/>
                </Word>
                <Word id="w_w2aab1b3b4c17b5b1c19" language="English" custom="readingOrder {index:5;}">
                    <Coords points="818,2098 882,2098 882,2125 818,2125"/>
                    <TextEquiv>
                        <Unicode>Brice</Unicode>
                    </TextEquiv>
                    <TextStyle fontFamily="Arial" fontSize="6.0"/>
                </Word>
                <Word id="w_w2aab1b3b4c17b5b2b1" language="English" custom="readingOrder {index:6;}">
                    <Coords points="893,2098 983,2098 983,2129 893,2129"/>
                    <TextEquiv>
                        <Unicode>frères,</Unicode>
                    </TextEquiv>
                    <TextStyle fontFamily="Arial" fontSize="8.0"/>
                </Word>
                <Word id="w_w2aab1b3b4c17b5b2c17" language="English" custom="readingOrder {index:7;}">
                    <Coords points="994,2101 1010,2101 1010,2129 994,2129"/>
                    <TextEquiv>
                        <Unicode>J.</Unicode>
                    </TextEquiv>
                    <TextStyle fontFamily="Arial" fontSize="8.0"/>
                </Word>
                <Word id="w_w2aab1b3b4c17b5b3b1" language="English" custom="readingOrder {index:8;}">
                    <Coords points="1025,2101 1125,2101 1125,2125 1025,2125"/>
                    <TextEquiv>
                        <Unicode>Desaint</Unicode>
                    </TextEquiv>
                    <TextStyle fontFamily="Arial" fontSize="6.0"/>
                </Word>
                <Word id="w_w2aab1b3b4c17b5b3c17" language="English" custom="readingOrder {index:9;}">
                    <Coords points="1137,2108 1163,2108 1163,2125 1137,2125"/>
                    <TextEquiv>
                        <Unicode>de</Unicode>
                    </TextEquiv>
                    <TextStyle fontFamily="Arial" fontSize="6.0"/>
                </Word>
                <Word id="w_w2aab1b3b4c17b5b3c23" language="English" custom="readingOrder {index:10;}">
                    <Coords points="1177,2098 1311,2098 1311,2129 1177,2129"/>
                    <TextEquiv>
                        <Unicode>Marthille,</Unicode>
                    </TextEquiv>
                    <TextStyle fontFamily="Arial" fontSize="6.0"/>
                </Word>
                <Word id="w_w2aab1b3b4c17b5b4b1" language="English" custom="readingOrder {index:11;}">
                    <Coords points="1326,2098 1349,2098 1349,2125 1326,2125"/>
                    <TextEquiv>
                        <Unicode>le</Unicode>
                    </TextEquiv>
                    <TextStyle fontFamily="Arial" fontSize="8.0"/>
                </Word>
                <Word id="w_w2aab1b3b4c17b5b4b7" language="English" custom="readingOrder {index:12;}">
                    <Coords points="1364,2101 1477,2101 1477,2133 1364,2133"/>
                    <TextEquiv>
                        <Unicode>marquis</Unicode>
                    </TextEquiv>
                    <TextStyle fontFamily="Arial" fontSize="8.0"/>
                </Word>
                <Word id="w_w2aab1b3b4c17b5b5b1" language="English" custom="readingOrder {index:13;}">
                    <Coords points="1491,2101 1574,2101 1574,2129 1491,2129"/>
                    <TextEquiv>
                        <Unicode>Doria,</Unicode>
                    </TextEquiv>
                    <TextStyle fontFamily="Arial" fontSize="6.0"/>
                </Word>
                <Word id="w_w2aab1b3b4c17b5b6b1" language="English" custom="readingOrder {index:14;}">
                    <Coords points="1587,2101 1678,2101 1678,2125 1587,2125"/>
                    <TextEquiv>
                        <Unicode>Victor</Unicode>
                    </TextEquiv>
                    <TextStyle fontFamily="Arial" fontSize="8.0"/>
                </Word>
                <Word id="w_w2aab1b3b4c17b5b6c15" language="English" custom="readingOrder {index:15;}">
                    <Coords points="1690,2100 1712,2100 1712,2125 1690,2125"/>
                    <TextEquiv>
                        <Unicode>S.</Unicode>
                    </TextEquiv>
                    <TextStyle fontFamily="Arial" fontSize="8.0"/>
                </Word>
                <Word id="w_w2aab1b3b4c17b5b7b1" language="English" custom="readingOrder {index:16;}">
                    <Coords points="1727,2098 1836,2098 1836,2133 1727,2133"/>
                    <TextEquiv>
                        <Unicode>Flechter</Unicode>
                    </TextEquiv>
                    <TextStyle fontFamily="Arial" fontSize="6.0"/>
                </Word>
                <Word id="w_w2aab1b3b4c17b5b8b1" language="English" custom="readingOrder {index:17;}">
                    <Coords points="1848,2098 1886,2098 1886,2133 1848,2133"/>
                    <TextEquiv>
                        <Unicode>(3),</Unicode>
                    </TextEquiv>
                    <TextStyle fontFamily="Arial" fontSize="8.0"/>
                </Word>
                <Word id="w_w2aab1b3b4c17b5b8c11" language="English" custom="readingOrder {index:18;}">
                    <Coords points="1901,2093 2020,2093 2020,2125 1901,2125"/>
                    <TextEquiv>
                        <Unicode>Édouard</Unicode>
                    </TextEquiv>
                    <TextStyle fontFamily="Arial" fontSize="8.0"/>
                </Word>
                <Word id="w_w2aab1b3b4c17b5b9b1" language="English" custom="readingOrder {index:19;}">
                    <Coords points="2036,2100 2125,2100 2125,2129 2036,2129"/>
                    <TextEquiv>
                        <Unicode>Florio,</Unicode>
                    </TextEquiv>
                    <TextStyle fontFamily="Arial" fontSize="6.0"/>
                </Word>
                <Word id="w_w2aab1b3b4c17b5c10b1" language="English" custom="readingOrder {index:20;}">
                    <Coords points="2139,2098 2278,2098 2278,2133 2139,2133"/>
                    <TextEquiv>
                        <Unicode>Alphonse</Unicode>
                    </TextEquiv>
                    <TextStyle fontFamily="Arial" fontSize="8.0"/>
                </Word>
                <TextEquiv>
                    <Unicode>et interprètes : Édouard AGUTTON, BRICE frères, J. DESAINT DE MARTHILLE, le marquis DORIA, Victor S. FLECHTER (3), Édouard FLORIO, Alphonse</Unicode>
                </TextEquiv>
            </TextLine>
            <TextLine id="tl_33" primaryLanguage="English" custom="readingOrder {index:3;}">
                <Coords points="309,2143 2278,2143 2278,2174 309,2174"/>
                <Baseline points="309,2170 330,2170 442,2170 636,2174 664,2170 866,2170 894,2170 1016,2170 1123,2170 1150,2170 1210,2170 1326,2170 1377,2170 1478,2173 1516,2170 1623,2170 1789,2170 1945,2170 1971,2170 2023,2170 2152,2170 2278,2174"/>
                <Word id="w_w2aab1b3b4c17b7ab1" language="English" custom="readingOrder {index:0;}">
                    <Coords points="309,2145 409,2145 409,2174 309,2174"/>
                    <TextEquiv>
                        <Unicode>Gauvin,</Unicode>
                    </TextEquiv>
                    <TextStyle fontFamily="Arial" fontSize="6.0"/>
                </Word>
                <Word id="w_w2aab1b3b4c17b7b1b1" language="English" custom="readingOrder {index:1;}">
                    <Coords points="420,2143 526,2143 526,2174 420,2174"/>
                    <TextEquiv>
                        <Unicode>Gabriel</Unicode>
                    </TextEquiv>
                    <TextStyle fontFamily="Arial" fontSize="8.0"/>
                </Word>
                <Word id="w_w2aab1b3b4c17b7b2b1" language="English" custom="readingOrder {index:2;}">
                    <Coords points="534,2146 636,2146 636,2174 534,2174"/>
                    <TextEquiv>
                        <Unicode>Jeantet,</Unicode>
                    </TextEquiv>
                    <TextStyle fontFamily="Arial" fontSize="6.0"/>
                </Word>
                <Word id="w_w2aab1b3b4c17b7b2c19" language="English" custom="readingOrder {index:3;}">
                    <Coords points="648,2145 797,2145 797,2174 648,2174"/>
                    <TextEquiv>
                        <Unicode>Karbowsky,</Unicode>
                    </TextEquiv>
                    <TextStyle fontFamily="Arial" fontSize="6.0"/>
                </Word>
                <Word id="w_w2aab1b3b4c17b7b3b1" language="English" custom="readingOrder {index:4;}">
                    <Coords points="808,2143 866,2143 866,2170 808,2170"/>
                    <TextEquiv>
                        <Unicode>Séb.</Unicode>
                    </TextEquiv>
                    <TextStyle fontFamily="Arial" fontSize="8.0"/>
                </Word>
                <Word id="w_w2aab1b3b4c17b7b3c11" language="English" custom="readingOrder {index:5;}">
                    <Coords points="878,2146 975,2146 975,2173 878,2173"/>
                    <TextEquiv>
                        <Unicode>Krantz,</Unicode>
                    </TextEquiv>
                    <TextStyle fontFamily="Arial" fontSize="8.0"/>
                </Word>
                <Word id="w_w2aab1b3b4c17b7b4b1" language="English" custom="readingOrder {index:6;}">
                    <Coords points="987,2146 1086,2146 1086,2174 987,2174"/>
                    <TextEquiv>
                        <Unicode>Laberte,</Unicode>
                    </TextEquiv>
                    <TextStyle fontFamily="Arial" fontSize="6.0"/>
                </Word>
                <Word id="w_w2aab1b3b4c17b7b5b1" language="English" custom="readingOrder {index:7;}">
                    <Coords points="1096,2146 1123,2146 1123,2170 1096,2170"/>
                    <TextEquiv>
                        <Unicode>A.</Unicode>
                    </TextEquiv>
                    <TextStyle fontFamily="Arial" fontSize="8.0"/>
                </Word>
                <Word id="w_w2aab1b3b4c17b7b5b7" language="English" custom="readingOrder {index:8;}">
                    <Coords points="1134,2143 1169,2143 1169,2170 1134,2170"/>
                    <TextEquiv>
                        <Unicode>de</Unicode>
                    </TextEquiv>
                    <TextStyle fontFamily="Arial" fontSize="8.0"/>
                </Word>
                <Word id="w_w2aab1b3b4c17b7b6b1" language="English" custom="readingOrder {index:9;}">
                    <Coords points="1181,2146 1210,2146 1210,2170 1181,2170"/>
                    <TextEquiv>
                        <Unicode>La</Unicode>
                    </TextEquiv>
                    <TextStyle fontFamily="Arial" fontSize="6.0"/>
                </Word>
                <Word id="w_w2aab1b3b4c17b7b6b7" language="English" custom="readingOrder {index:10;}">
                    <Coords points="1221,2146 1351,2146 1351,2174 1221,2174"/>
                    <TextEquiv>
                        <Unicode>Laurencie,</Unicode>
                    </TextEquiv>
                    <TextStyle fontFamily="Arial" fontSize="6.0"/>
                </Word>
                <Word id="w_w2aab1b3b4c17b7b7b1" language="English" custom="readingOrder {index:11;}">
                    <Coords points="1362,2146 1383,2146 1383,2170 1362,2170"/>
                    <TextEquiv>
                        <Unicode>E.</Unicode>
                    </TextEquiv>
                    <TextStyle fontFamily="Arial" fontSize="8.0"/>
                </Word>
                <Word id="w_w2aab1b3b4c17b7b8b1" language="English" custom="readingOrder {index:12;}">
                    <Coords points="1395,2146 1478,2146 1478,2173 1395,2173"/>
                    <TextEquiv>
                        <Unicode>Leplat,</Unicode>
                    </TextEquiv>
                    <TextStyle fontFamily="Arial" fontSize="6.0"/>
                </Word>
                <Word id="w_w2aab1b3b4c17b7b8c17" language="English" custom="readingOrder {index:13;}">
                    <Coords points="1489,2146 1592,2146 1592,2174 1489,2174"/>
                    <TextEquiv>
                        <Unicode>Magnié,</Unicode>
                    </TextEquiv>
                    <TextStyle fontFamily="Arial" fontSize="6.0"/>
                </Word>
                <Word id="w_w2aab1b3b4c17b7b9b1" language="English" custom="readingOrder {index:14;}">
                    <Coords points="1603,2143 1751,2143 1751,2170 1603,2170"/>
                    <TextEquiv>
                        <Unicode>Alexandre</Unicode>
                    </TextEquiv>
                    <TextStyle fontFamily="Arial" fontSize="8.0"/>
                </Word>
                <Word id="w_w2aab1b3b4c17b7c10b1" language="English" custom="readingOrder {index:15;}">
                    <Coords points="1762,2145 1862,2145 1862,2173 1762,2173"/>
                    <TextEquiv>
                        <Unicode>Martin,</Unicode>
                    </TextEquiv>
                    <TextStyle fontFamily="Arial" fontSize="6.0"/>
                </Word>
                <Word id="w_w2aab1b3b4c17b7c11b1" language="English" custom="readingOrder {index:16;}">
                    <Coords points="1873,2145 1945,2145 1945,2170 1873,2170"/>
                    <TextEquiv>
                        <Unicode>Otto</Unicode>
                    </TextEquiv>
                    <TextStyle fontFamily="Arial" fontSize="8.0"/>
                </Word>
                <Word id="w_w2aab1b3b4c17b7c11c11" language="English" custom="readingOrder {index:17;}">
                    <Coords points="1955,2143 1990,2143 1990,2170 1955,2170"/>
                    <TextEquiv>
                        <Unicode>de</Unicode>
                    </TextEquiv>
                    <TextStyle fontFamily="Arial" fontSize="8.0"/>
                </Word>
                <Word id="w_w2aab1b3b4c17b7c12b1" language="English" custom="readingOrder {index:18;}">
                    <Coords points="2002,2145 2087,2145 2087,2174 2002,2174"/>
                    <TextEquiv>
                        <Unicode>Niéper,</Unicode>
                    </TextEquiv>
                    <TextStyle fontFamily="Arial" fontSize="6.0"/>
                </Word>
                <Word id="w_w2aab1b3b4c17b7c13b1" language="English" custom="readingOrder {index:19;}">
                    <Coords points="2097,2143 2152,2143 2152,2170 2097,2170"/>
                    <TextEquiv>
                        <Unicode>Alb.</Unicode>
                    </TextEquiv>
                    <TextStyle fontFamily="Arial" fontSize="8.0"/>
                </Word>
                <Word id="w_w2aab1b3b4c17b7c13c11" language="English" custom="readingOrder {index:20;}">
                    <Coords points="2163,2143 2278,2143 2278,2174 2163,2174"/>
                    <TextEquiv>
                        <Unicode>d’Orelli,</Unicode>
                    </TextEquiv>
                    <TextStyle fontFamily="Arial" fontSize="8.0"/>
                </Word>
                <TextEquiv>
                    <Unicode>GAUVIN, Gabriel JEANTET, KARBOWSKY, Séb. Krantz, LABERTE, A. de LALAURENCIE, E. LEPLAT, MAGNIÉ, Alexandre MARTIN, Otto de NIÉPER, Alb. d’Orelli,</Unicode>
                </TextEquiv>
            </TextLine>
            <TextLine id="tl_34" primaryLanguage="English" custom="readingOrder {index:4;}">
                <Coords points="309,2186 1306,2186 1306,2220 309,2220"/>
                <Baseline points="309,2213 323,2213 547,2217 579,2214 692,2216 728,2213 860,2217 891,2213 962,2213 1063,2213 1188,2213 1306,2213"/>
                <Word id="w_w2aab1b3b4c17b9ab1" language="English" custom="readingOrder {index:0;}">
                    <Coords points="309,2189 428,2189 428,2220 309,2220"/>
                    <TextEquiv>
                        <Unicode>François</Unicode>
                    </TextEquiv>
                    <TextStyle fontFamily="Arial" fontSize="8.0"/>
                </Word>
                <Word id="w_w2aab1b3b4c17b9b1b1" language="English" custom="readingOrder {index:1;}">
                    <Coords points="441,2189 547,2189 547,2217 441,2217"/>
                    <TextEquiv>
                        <Unicode>Pingrile,</Unicode>
                    </TextEquiv>
                    <TextStyle fontFamily="Arial" fontSize="6.0"/>
                </Word>
                <Word id="w_w2aab1b3b4c17b9b1c21" language="English" custom="readingOrder {index:2;}">
                    <Coords points="559,2188 586,2188 586,2214 559,2214"/>
                    <TextEquiv>
                        <Unicode>C.</Unicode>
                    </TextEquiv>
                    <TextStyle fontFamily="Arial" fontSize="6.0"/>
                </Word>
                <Word id="w_w2aab1b3b4c17b9b2b1" language="English" custom="readingOrder {index:3;}">
                    <Coords points="599,2186 692,2186 692,2216 599,2216"/>
                    <TextEquiv>
                        <Unicode>Rinkel,</Unicode>
                    </TextEquiv>
                    <TextStyle fontFamily="Arial" fontSize="8.0"/>
                </Word>
                <Word id="w_w2aab1b3b4c17b9b2c17" language="English" custom="readingOrder {index:4;}">
                    <Coords points="705,2189 728,2189 728,2213 705,2213"/>
                    <TextEquiv>
                        <Unicode>R.</Unicode>
                    </TextEquiv>
                    <TextStyle fontFamily="Arial" fontSize="8.0"/>
                </Word>
                <Word id="w_w2aab1b3b4c17b9b2c23" language="English" custom="readingOrder {index:5;}">
                    <Coords points="740,2186 860,2186 860,2217 740,2217"/>
                    <TextEquiv>
                        <Unicode>Scobart,</Unicode>
                    </TextEquiv>
                    <TextStyle fontFamily="Arial" fontSize="8.0"/>
                </Word>
                <Word id="w_w2aab1b3b4c17b9b2c41" language="English" custom="readingOrder {index:6;}">
                    <Coords points="872,2188 895,2188 895,2214 872,2214"/>
                    <TextEquiv>
                        <Unicode>V.</Unicode>
                    </TextEquiv>
                    <TextStyle fontFamily="Arial" fontSize="8.0"/>
                </Word>
                <Word id="w_w2aab1b3b4c17b9b3b1" language="English" custom="readingOrder {index:7;}">
                    <Coords points="907,2188 1033,2188 1033,2217 907,2217"/>
                    <TextEquiv>
                        <Unicode>Sighicelli,</Unicode>
                    </TextEquiv>
                    <TextStyle fontFamily="Arial" fontSize="6.0"/>
                </Word>
                <Word id="w_w2aab1b3b4c17b9b4b1" language="English" custom="readingOrder {index:8;}">
                    <Coords points="1043,2186 1160,2186 1160,2213 1043,2213"/>
                    <TextEquiv>
                        <Unicode>Thomas</Unicode>
                    </TextEquiv>
                    <TextStyle fontFamily="Arial" fontSize="8.0"/>
                </Word>
                <Word id="w_w2aab1b3b4c17b9b5b1" language="English" custom="readingOrder {index:9;}">
                    <Coords points="1172,2189 1242,2189 1242,2218 1172,2218"/>
                    <TextEquiv>
                        <Unicode>Zach,</Unicode>
                    </TextEquiv>
                    <TextStyle fontFamily="Arial" fontSize="6.0"/>
                </Word>
                <Word id="w_w2aab1b3b4c17b9b6b1" language="English" custom="readingOrder {index:10;}">
                    <Coords points="1254,2191 1306,2191 1306,2214 1254,2214"/>
                    <TextEquiv>
                        <Unicode>etc.</Unicode>
                    </TextEquiv>
                    <TextStyle fontFamily="Arial" fontSize="8.0"/>
                </Word>
                <TextEquiv>
                    <Unicode>François PINGRILE, C. Rinkel, R. Scobart, V. SIGHICELLI, Thomas ZACH, etc.</Unicode>
                </TextEquiv>
            </TextLine>
            <TextEquiv>
                <Unicode>INTÉRESSANT ENSEMBLE de lettres reçues par les fameux luthiers Georges CHANOT (1801-1883), Marie-Joseph CHARDON et son fils André
Chardon (1897-1963). Parmi les correspondants, outre des lettres familiales des Chardon, on relève les noms de luthiers, collectionneurs
et interprètes : Édouard AGUTTON, BRICE frères, J. DESAINT DE MARTHILLE, le marquis DORIA, Victor S. FLECHTER (3), Édouard FLORIO, Alphonse
GAUVIN, Gabriel JEANTET, KARBOWSKY, Séb. Krantz, LABERTE, A. de LALAURENCIE, E. LEPLAT, MAGNIÉ, Alexandre MARTIN, Otto de NIÉPER, Alb. d’Orelli,
François PINGRILE, C. Rinkel, R. Scobart, V. SIGHICELLI, Thomas ZACH, etc.</Unicode>
            </TextEquiv>
        </TextRegion>
        <TextRegion type="paragraph" id="r_2_11" custom="readingOrder {index:11;}">
            <Coords points="307,2228 2279,2228 2279,2392 307,2392"/>
            <TextLine id="tl_35" primaryLanguage="English" custom="readingOrder {index:0;}">
                <Coords points="344,2229 2278,2229 2278,2265 344,2265"/>
                <Baseline points="344,2257 528,2257 745,2257 789,2257 839,2257 1023,2261 1225,2257 1389,2257 1471,2256 1664,2261 1739,2256 1872,2261 1967,2257 2010,2257 2106,2257 2156,2257 2278,2257"/>
                <Word id="w_w2aab1b3b4c19b1ab1" language="English" custom="readingOrder {index:0;}">
                    <Coords points="344,2230 528,2230 528,2257 344,2257"/>
                    <TextEquiv>
                        <Unicode>Commandes</Unicode>
                    </TextEquiv>
                    <TextStyle fontFamily="Arial" fontSize="8.0"/>
                </Word>
                <Word id="w_w2aab1b3b4c19b1ac21" language="English" custom="readingOrder {index:1;}">
                    <Coords points="543,2229 745,2229 745,2257 543,2257"/>
                    <TextEquiv>
                        <Unicode>d'instruments</Unicode>
                    </TextEquiv>
                    <TextStyle fontFamily="Arial" fontSize="8.0"/>
                </Word>
                <Word id="w_w2aab1b3b4c19b1ac49" language="English" custom="readingOrder {index:2;}">
                    <Coords points="760,2235 789,2235 789,2257 760,2257"/>
                    <TextEquiv>
                        <Unicode>et</Unicode>
                    </TextEquiv>
                    <TextStyle fontFamily="Arial" fontSize="8.0"/>
                </Word>
                <Word id="w_w2aab1b3b4c19b1ac55" language="English" custom="readingOrder {index:3;}">
                    <Coords points="804,2230 839,2230 839,2257 804,2257"/>
                    <TextEquiv>
                        <Unicode>de</Unicode>
                    </TextEquiv>
                    <TextStyle fontFamily="Arial" fontSize="8.0"/>
                </Word>
                <Word id="w_w2aab1b3b4c19b1ac61" language="English" custom="readingOrder {index:4;}">
                    <Coords points="853,2229 1023,2229 1023,2261 853,2261"/>
                    <TextEquiv>
                        <Unicode>fournitures,</Unicode>
                    </TextEquiv>
                    <TextStyle fontFamily="Arial" fontSize="8.0"/>
                </Word>
                <Word id="w_w2aab1b3b4c19b1ac87" language="English" custom="readingOrder {index:5;}">
                    <Coords points="1039,2233 1225,2233 1225,2265 1039,2265"/>
                    <TextEquiv>
                        <Unicode>propositions</Unicode>
                    </TextEquiv>
                    <TextStyle fontFamily="Arial" fontSize="8.0"/>
                </Word>
                <Word id="w_w2aab1b3b4c19b1ad113" language="English" custom="readingOrder {index:6;}">
                    <Coords points="1240,2230 1389,2230 1389,2265 1240,2265"/>
                    <TextEquiv>
                        <Unicode>d’échange</Unicode>
                    </TextEquiv>
                    <TextStyle fontFamily="Arial" fontSize="8.0"/>
                </Word>
                <Word id="w_w2aab1b3b4c19b1ad133" language="English" custom="readingOrder {index:7;}">
                    <Coords points="1404,2229 1471,2229 1471,2265 1404,2265"/>
                    <TextEquiv>
                        <Unicode>(d'un</Unicode>
                    </TextEquiv>
                    <TextStyle fontFamily="Arial" fontSize="8.0"/>
                </Word>
                <Word id="w_w2aab1b3b4c19b1ad145" language="English" custom="readingOrder {index:8;}">
                    <Coords points="1487,2229 1664,2229 1664,2261 1487,2261"/>
                    <TextEquiv>
                        <Unicode>Stradivarius,</Unicode>
                    </TextEquiv>
                    <TextStyle fontFamily="Arial" fontSize="8.0"/>
                </Word>
                <Word id="w_w2aab1b3b4c19b1ad173" language="English" custom="readingOrder {index:9;}">
                    <Coords points="1679,2229 1739,2229 1739,2257 1679,2257"/>
                    <TextEquiv>
                        <Unicode>d’un</Unicode>
                    </TextEquiv>
                    <TextStyle fontFamily="Arial" fontSize="8.0"/>
                </Word>
                <Word id="w_w2aab1b3b4c19b1ad183" language="English" custom="readingOrder {index:10;}">
                    <Coords points="1755,2230 1872,2230 1872,2265 1755,2265"/>
                    <TextEquiv>
                        <Unicode>Stainer),</Unicode>
                    </TextEquiv>
                    <TextStyle fontFamily="Arial" fontSize="8.0"/>
                </Word>
                <Word id="w_w2aab1b3b4c19b1ad203" language="English" custom="readingOrder {index:11;}">
                    <Coords points="1887,2229 1967,2229 1967,2257 1887,2257"/>
                    <TextEquiv>
                        <Unicode>achat</Unicode>
                    </TextEquiv>
                    <TextStyle fontFamily="Arial" fontSize="8.0"/>
                </Word>
                <Word id="w_w2aab1b3b4c19b1ad215" language="English" custom="readingOrder {index:12;}">
                    <Coords points="1981,2235 2010,2235 2010,2257 1981,2257"/>
                    <TextEquiv>
                        <Unicode>et</Unicode>
                    </TextEquiv>
                    <TextStyle fontFamily="Arial" fontSize="8.0"/>
                </Word>
                <Word id="w_w2aab1b3b4c19b1ad221" language="English" custom="readingOrder {index:13;}">
                    <Coords points="2025,2235 2106,2235 2106,2257 2025,2257"/>
                    <TextEquiv>
                        <Unicode>vente</Unicode>
                    </TextEquiv>
                    <TextStyle fontFamily="Arial" fontSize="8.0"/>
                </Word>
                <Word id="w_w2aab1b3b4c19b1ad233" language="English" custom="readingOrder {index:14;}">
                    <Coords points="2121,2229 2156,2229 2156,2257 2121,2257"/>
                    <TextEquiv>
                        <Unicode>de</Unicode>
                    </TextEquiv>
                    <TextStyle fontFamily="Arial" fontSize="8.0"/>
                </Word>
                <Word id="w_w2aab1b3b4c19b1ad239" language="English" custom="readingOrder {index:15;}">
                    <Coords points="2171,2229 2278,2229 2278,2257 2171,2257"/>
                    <TextEquiv>
                        <Unicode>violons</Unicode>
                    </TextEquiv>
                    <TextStyle fontFamily="Arial" fontSize="8.0"/>
                </Word>
                <TextEquiv>
                    <Unicode>Commandes d'instruments et de fournitures, propositions d’échange (d'un Stradivarius, d’un Stainer), achat et vente de violons</Unicode>
                </TextEquiv>
                <TextStyle fontFamily="Arial" fontSize="8.0"/>
            </TextLine>
            <TextLine id="tl_36" primaryLanguage="English" custom="readingOrder {index:1;}">
                <Coords points="309,2273 2278,2273 2278,2309 309,2309"/>
                <Baseline points="309,2308 441,2304 650,2300 729,2300 881,2304 1017,2300 1063,2300 1211,2300 1339,2300 1551,2300 1694,2304 1849,2300 2043,2300 2087,2300 2169,2300 2278,2304"/>
                <Word id="w_w2aab1b3b4c19b3ab1" language="English" custom="readingOrder {index:0;}">
                    <Coords points="309,2276 441,2276 441,2308 309,2308"/>
                    <TextEquiv>
                        <Unicode>précieux,</Unicode>
                    </TextEquiv>
                    <TextStyle fontFamily="Arial" fontSize="8.0"/>
                </Word>
                <Word id="w_w2aab1b3b4c19b3ac21" language="English" custom="readingOrder {index:1;}">
                    <Coords points="451,2276 650,2276 650,2300 451,2300"/>
                    <TextEquiv>
                        <Unicode>convocations</Unicode>
                    </TextEquiv>
                    <TextStyle fontFamily="Arial" fontSize="8.0"/>
                </Word>
                <Word id="w_w2aab1b3b4c19b3ac47" language="English" custom="readingOrder {index:2;}">
                    <Coords points="661,2282 729,2282 729,2308 661,2308"/>
                    <TextEquiv>
                        <Unicode>pour</Unicode>
                    </TextEquiv>
                    <TextStyle fontFamily="Arial" fontSize="8.0"/>
                </Word>
                <Word id="w_w2aab1b3b4c19b3ac57" language="English" custom="readingOrder {index:3;}">
                    <Coords points="739,2276 881,2276 881,2308 739,2308"/>
                    <TextEquiv>
                        <Unicode>expertise,</Unicode>
                    </TextEquiv>
                    <TextStyle fontFamily="Arial" fontSize="8.0"/>
                </Word>
                <Word id="w_w2aab1b3b4c19b3ac79" language="English" custom="readingOrder {index:4;}">
                    <Coords points="891,2282 1017,2282 1017,2300 891,2300"/>
                    <TextEquiv>
                        <Unicode>annonce</Unicode>
                    </TextEquiv>
                    <TextStyle fontFamily="Arial" fontSize="8.0"/>
                </Word>
                <Word id="w_w2aab1b3b4c19b3ac95" language="English" custom="readingOrder {index:5;}">
                    <Coords points="1027,2282 1063,2282 1063,2300 1027,2300"/>
                    <TextEquiv>
                        <Unicode>ou</Unicode>
                    </TextEquiv>
                    <TextStyle fontFamily="Arial" fontSize="8.0"/>
                </Word>
                <Word id="w_w2aab1b3b4c19b3ad101" language="English" custom="readingOrder {index:6;}">
                    <Coords points="1074,2273 1211,2273 1211,2300 1074,2300"/>
                    <TextEquiv>
                        <Unicode>demande</Unicode>
                    </TextEquiv>
                    <TextStyle fontFamily="Arial" fontSize="8.0"/>
                </Word>
                <Word id="w_w2aab1b3b4c19b3ad117" language="English" custom="readingOrder {index:7;}">
                    <Coords points="1221,2273 1339,2273 1339,2300 1221,2300"/>
                    <TextEquiv>
                        <Unicode>d’envois</Unicode>
                    </TextEquiv>
                    <TextStyle fontFamily="Arial" fontSize="8.0"/>
                </Word>
                <Word id="w_w2aab1b3b4c19b3ad135" language="English" custom="readingOrder {index:8;}">
                    <Coords points="1349,2273 1551,2273 1551,2300 1349,2300"/>
                    <TextEquiv>
                        <Unicode>d’instruments</Unicode>
                    </TextEquiv>
                    <TextStyle fontFamily="Arial" fontSize="8.0"/>
                </Word>
                <Word id="w_w2aab1b3b4c19b3ad163" language="English" custom="readingOrder {index:9;}">
                    <Coords points="1562,2276 1694,2276 1694,2309 1562,2309"/>
                    <TextEquiv>
                        <Unicode>précieux,</Unicode>
                    </TextEquiv>
                    <TextStyle fontFamily="Arial" fontSize="8.0"/>
                </Word>
                <Word id="w_w2aab1b3b4c19b3ad183" language="English" custom="readingOrder {index:10;}">
                    <Coords points="1705,2276 1849,2276 1849,2300 1705,2300"/>
                    <TextEquiv>
                        <Unicode>mémoires</Unicode>
                    </TextEquiv>
                    <TextStyle fontFamily="Arial" fontSize="8.0"/>
                </Word>
                <Word id="w_w2aab1b3b4c19b3ad201" language="English" custom="readingOrder {index:11;}">
                    <Coords points="1859,2273 2043,2273 2043,2308 1859,2308"/>
                    <TextEquiv>
                        <Unicode>(notamment</Unicode>
                    </TextEquiv>
                    <TextStyle fontFamily="Arial" fontSize="8.0"/>
                </Word>
                <Word id="w_w2aab1b3b4c19b3ad223" language="English" custom="readingOrder {index:12;}">
                    <Coords points="2052,2273 2087,2273 2087,2300 2052,2300"/>
                    <TextEquiv>
                        <Unicode>de</Unicode>
                    </TextEquiv>
                    <TextStyle fontFamily="Arial" fontSize="8.0"/>
                </Word>
                <Word id="w_w2aab1b3b4c19b3ad229" language="English" custom="readingOrder {index:13;}">
                    <Coords points="2099,2276 2169,2276 2169,2300 2099,2300"/>
                    <TextEquiv>
                        <Unicode>Brice</Unicode>
                    </TextEquiv>
                    <TextStyle fontFamily="Arial" fontSize="8.0"/>
                </Word>
                <Word id="w_w2aab1b3b4c19b3ad241" language="English" custom="readingOrder {index:14;}">
                    <Coords points="2179,2273 2278,2273 2278,2308 2179,2308"/>
                    <TextEquiv>
                        <Unicode>frères),</Unicode>
                    </TextEquiv>
                    <TextStyle fontFamily="Arial" fontSize="8.0"/>
                </Word>
                <TextEquiv>
                    <Unicode>précieux, convocations pour expertise, annonce ou demande d’envois d’instruments précieux, mémoires (notamment de Brice frères),</Unicode>
                </TextEquiv>
                <TextStyle fontFamily="Arial" fontSize="8.0"/>
            </TextLine>
            <TextLine id="tl_37" primaryLanguage="English" custom="readingOrder {index:2;}">
                <Coords points="310,2316 2278,2316 2278,2352 310,2352"/>
                <Baseline points="310,2344 403,2344 560,2347 734,2343 908,2343 1057,2343 1103,2343 1189,2343 1270,2347 1349,2343 1375,2344 1430,2343 1614,2343 1751,2343 1798,2343 1922,2347 2004,2343 2044,2343 2232,2343 2278,2343"/>
                <Word id="w_w2aab1b3b4c19b5ab1" language="English" custom="readingOrder {index:0;}">
                    <Coords points="310,2316 403,2316 403,2344 310,2344"/>
                    <TextEquiv>
                        <Unicode>lettres</Unicode>
                    </TextEquiv>
                    <TextStyle fontFamily="Arial" fontSize="8.0"/>
                </Word>
                <Word id="w_w2aab1b3b4c19b5ac17" language="English" custom="readingOrder {index:1;}">
                    <Coords points="413,2316 560,2316 560,2347 413,2347"/>
                    <TextEquiv>
                        <Unicode>familiales,</Unicode>
                    </TextEquiv>
                    <TextStyle fontFamily="Arial" fontSize="8.0"/>
                </Word>
                <Word id="w_w2aab1b3b4c19b5ac41" language="English" custom="readingOrder {index:2;}">
                    <Coords points="572,2322 734,2322 734,2352 572,2352"/>
                    <TextEquiv>
                        <Unicode>prospectus</Unicode>
                    </TextEquiv>
                    <TextStyle fontFamily="Arial" fontSize="8.0"/>
                </Word>
                <Word id="w_w2aab1b3b4c19b5ac63" language="English" custom="readingOrder {index:3;}">
                    <Coords points="745,2317 908,2317 908,2352 745,2352"/>
                    <TextEquiv>
                        <Unicode>(Exposition</Unicode>
                    </TextEquiv>
                    <TextStyle fontFamily="Arial" fontSize="8.0"/>
                </Word>
                <Word id="w_w2aab1b3b4c19b5ac87" language="English" custom="readingOrder {index:4;}">
                    <Coords points="920,2316 1057,2316 1057,2344 920,2344"/>
                    <TextEquiv>
                        <Unicode>nationale</Unicode>
                    </TextEquiv>
                    <TextStyle fontFamily="Arial" fontSize="8.0"/>
                </Word>
                <Word id="w_w2aab1b3b4c19b5ad107" language="English" custom="readingOrder {index:5;}">
                    <Coords points="1068,2316 1103,2316 1103,2343 1068,2343"/>
                    <TextEquiv>
                        <Unicode>de</Unicode>
                    </TextEquiv>
                    <TextStyle fontFamily="Arial" fontSize="8.0"/>
                </Word>
                <Word id="w_w2aab1b3b4c19b5ad113" language="English" custom="readingOrder {index:6;}">
                    <Coords points="1115,2319 1189,2319 1189,2343 1115,2343"/>
                    <TextEquiv>
                        <Unicode>Metz</Unicode>
                    </TextEquiv>
                    <TextStyle fontFamily="Arial" fontSize="8.0"/>
                </Word>
                <Word id="w_w2aab1b3b4c19b5ad123" language="English" custom="readingOrder {index:7;}">
                    <Coords points="1198,2319 1270,2319 1270,2347 1198,2347"/>
                    <TextEquiv>
                        <Unicode>1920,</Unicode>
                    </TextEquiv>
                    <TextStyle fontFamily="Arial" fontSize="8.0"/>
                </Word>
                <Word id="w_w2aab1b3b4c19b5ad135" language="English" custom="readingOrder {index:8;}">
                    <Coords points="1281,2316 1349,2316 1349,2351 1281,2351"/>
                    <TextEquiv>
                        <Unicode>etc.).</Unicode>
                    </TextEquiv>
                    <TextStyle fontFamily="Arial" fontSize="8.0"/>
                </Word>
                <Word id="w_w2aab1b3b4c19b5ad149" language="English" custom="readingOrder {index:9;}">
                    <Coords points="1362,2316 1375,2316 1375,2344 1362,2344"/>
                    <TextEquiv>
                        <Unicode>Il</Unicode>
                    </TextEquiv>
                    <TextStyle fontFamily="Arial" fontSize="8.0"/>
                </Word>
                <Word id="w_w2aab1b3b4c19b5ad155" language="English" custom="readingOrder {index:10;}">
                    <Coords points="1387,2322 1430,2322 1430,2344 1387,2344"/>
                    <TextEquiv>
                        <Unicode>est</Unicode>
                    </TextEquiv>
                    <TextStyle fontFamily="Arial" fontSize="8.0"/>
                </Word>
                <Word id="w_w2aab1b3b4c19b5ad163" language="English" custom="readingOrder {index:11;}">
                    <Coords points="1441,2321 1614,2321 1614,2343 1441,2343"/>
                    <TextEquiv>
                        <Unicode>notamment</Unicode>
                    </TextEquiv>
                    <TextStyle fontFamily="Arial" fontSize="8.0"/>
                </Word>
                <Word id="w_w2aab1b3b4c19b5ad183" language="English" custom="readingOrder {index:12;}">
                    <Coords points="1624,2319 1751,2319 1751,2352 1624,2352"/>
                    <TextEquiv>
                        <Unicode>question</Unicode>
                    </TextEquiv>
                    <TextStyle fontFamily="Arial" fontSize="8.0"/>
                </Word>
                <Word id="w_w2aab1b3b4c19b5ad201" language="English" custom="readingOrder {index:13;}">
                    <Coords points="1763,2316 1798,2316 1798,2343 1763,2343"/>
                    <TextEquiv>
                        <Unicode>de</Unicode>
                    </TextEquiv>
                    <TextStyle fontFamily="Arial" fontSize="8.0"/>
                </Word>
                <Word id="w_w2aab1b3b4c19b5ad207" language="English" custom="readingOrder {index:14;}">
                    <Coords points="1809,2316 1922,2316 1922,2347 1809,2347"/>
                    <TextEquiv>
                        <Unicode>violons,</Unicode>
                    </TextEquiv>
                    <TextStyle fontFamily="Arial" fontSize="8.0"/>
                </Word>
                <Word id="w_w2aab1b3b4c19b5ad225" language="English" custom="readingOrder {index:15;}">
                    <Coords points="1933,2316 2004,2316 2004,2344 1933,2344"/>
                    <TextEquiv>
                        <Unicode>altos</Unicode>
                    </TextEquiv>
                    <TextStyle fontFamily="Arial" fontSize="8.0"/>
                </Word>
                <Word id="w_w2aab1b3b4c19b5ad237" language="English" custom="readingOrder {index:16;}">
                    <Coords points="2015,2322 2044,2322 2044,2343 2015,2343"/>
                    <TextEquiv>
                        <Unicode>et</Unicode>
                    </TextEquiv>
                    <TextStyle fontFamily="Arial" fontSize="8.0"/>
                </Word>
                <Word id="w_w2aab1b3b4c19b5ad243" language="English" custom="readingOrder {index:17;}">
                    <Coords points="2054,2316 2232,2316 2232,2344 2054,2344"/>
                    <TextEquiv>
                        <Unicode>violoncelles</Unicode>
                    </TextEquiv>
                    <TextStyle fontFamily="Arial" fontSize="8.0"/>
                </Word>
                <Word id="w_w2aab1b3b4c19b5ad269" language="English" custom="readingOrder {index:18;}">
                    <Coords points="2243,2316 2278,2316 2278,2343 2243,2343"/>
                    <TextEquiv>
                        <Unicode>de</Unicode>
                    </TextEquiv>
                    <TextStyle fontFamily="Arial" fontSize="8.0"/>
                </Word>
                <TextEquiv>
                    <Unicode>lettres familiales, prospectus (Exposition nationale de Metz 1920, etc.). Il est notamment question de violons, altos et violoncelles de</Unicode>
                </TextEquiv>
                <TextStyle fontFamily="Arial" fontSize="8.0"/>
            </TextLine>
            <TextLine id="tl_38" primaryLanguage="English" custom="readingOrder {index:3;}">
                <Coords points="308,2359 1630,2359 1630,2391 308,2391"/>
                <Baseline points="308,2387 474,2391 641,2391 758,2391 852,2391 985,2387 1051,2387 1115,2386 1305,2386 1410,2387 1438,2387 1521,2387 1630,2387"/>
                <Word id="w_w2aab1b3b4c19b7ab1" language="English" custom="readingOrder {index:0;}">
                    <Coords points="308,2362 474,2362 474,2391 308,2391"/>
                    <TextEquiv>
                        <Unicode>Stradivarius,</Unicode>
                    </TextEquiv>
                    <TextStyle fontFamily="Arial" fontSize="6.0"/>
                </Word>
                <Word id="w_w2aab1b3b4c19b7ac29" language="English" custom="readingOrder {index:1;}">
                    <Coords points="486,2362 641,2362 641,2391 486,2391"/>
                    <TextEquiv>
                        <Unicode>Guarnerius,</Unicode>
                    </TextEquiv>
                    <TextStyle fontFamily="Arial" fontSize="6.0"/>
                </Word>
                <Word id="w_w2aab1b3b4c19b7ac53" language="English" custom="readingOrder {index:2;}">
                    <Coords points="651,2362 758,2362 758,2391 651,2391"/>
                    <TextEquiv>
                        <Unicode>Testore,</Unicode>
                    </TextEquiv>
                    <TextStyle fontFamily="Arial" fontSize="6.0"/>
                </Word>
                <Word id="w_w2aab1b3b4c19b7ac71" language="English" custom="readingOrder {index:3;}">
                    <Coords points="770,2362 852,2362 852,2391 770,2391"/>
                    <TextEquiv>
                        <Unicode>Amati,</Unicode>
                    </TextEquiv>
                    <TextStyle fontFamily="Arial" fontSize="6.0"/>
                </Word>
                <Word id="w_w2aab1b3b4c19b7ac85" language="English" custom="readingOrder {index:4;}">
                    <Coords points="864,2360 1023,2360 1023,2391 864,2391"/>
                    <TextEquiv>
                        <Unicode>Guadagnini,</Unicode>
                    </TextEquiv>
                    <TextStyle fontFamily="Arial" fontSize="6.0"/>
                </Word>
                <Word id="w_w2aab1b3b4c19b7b1b1" language="English" custom="readingOrder {index:5;}">
                    <Coords points="1035,2360 1084,2360 1084,2387 1035,2387"/>
                    <TextEquiv>
                        <Unicode>des</Unicode>
                    </TextEquiv>
                    <TextStyle fontFamily="Arial" fontSize="8.0"/>
                </Word>
                <Word id="w_w2aab1b3b4c19b7b2b1" language="English" custom="readingOrder {index:6;}">
                    <Coords points="1095,2359 1233,2359 1233,2391 1095,2391"/>
                    <TextEquiv>
                        <Unicode>Vuillaume,</Unicode>
                    </TextEquiv>
                    <TextStyle fontFamily="Arial" fontSize="6.0"/>
                </Word>
                <Word id="w_w2aab1b3b4c19b7b3b1" language="English" custom="readingOrder {index:7;}">
                    <Coords points="1245,2359 1305,2359 1305,2387 1245,2387"/>
                    <TextEquiv>
                        <Unicode>d’un</Unicode>
                    </TextEquiv>
                    <TextStyle fontFamily="Arial" fontSize="8.0"/>
                </Word>
                <Word id="w_w2aab1b3b4c19b7b3c11" language="English" custom="readingOrder {index:8;}">
                    <Coords points="1317,2360 1410,2360 1410,2387 1317,2387"/>
                    <TextEquiv>
                        <Unicode>archet</Unicode>
                    </TextEquiv>
                    <TextStyle fontFamily="Arial" fontSize="8.0"/>
                </Word>
                <Word id="w_w2aab1b3b4c19b7b3c25" language="English" custom="readingOrder {index:9;}">
                    <Coords points="1421,2360 1456,2360 1456,2387 1421,2387"/>
                    <TextEquiv>
                        <Unicode>de</Unicode>
                    </TextEquiv>
                    <TextStyle fontFamily="Arial" fontSize="8.0"/>
                </Word>
                <Word id="w_w2aab1b3b4c19b7b4b1" language="English" custom="readingOrder {index:10;}">
                    <Coords points="1467,2362 1566,2362 1566,2391 1467,2391"/>
                    <TextEquiv>
                        <Unicode>Tourte,</Unicode>
                    </TextEquiv>
                    <TextStyle fontFamily="Arial" fontSize="6.0"/>
                </Word>
                <Word id="w_w2aab1b3b4c19b7b5b1" language="English" custom="readingOrder {index:11;}">
                    <Coords points="1578,2365 1630,2365 1630,2387 1578,2387"/>
                    <TextEquiv>
                        <Unicode>etc.</Unicode>
                    </TextEquiv>
                    <TextStyle fontFamily="Arial" fontSize="8.0"/>
                </Word>
                <TextEquiv>
                    <Unicode>STRADIVARIUS, GUARNERIUS, TESTORE, AMATI, GUADAGNINI, des VUILLAUME, d’un archet de TOURTE, etc.</Unicode>
                </TextEquiv>
            </TextLine>
            <TextEquiv>
                <Unicode>Commandes d'instruments et de fournitures, propositions d’échange (d'un Stradivarius, d’un Stainer), achat et vente de violons
précieux, convocations pour expertise, annonce ou demande d’envois d’instruments précieux, mémoires (notamment de Brice frères),
lettres familiales, prospectus (Exposition nationale de Metz 1920, etc.). Il est notamment question de violons, altos et violoncelles de
STRADIVARIUS, GUARNERIUS, TESTORE, AMATI, GUADAGNINI, des VUILLAUME, d’un archet de TOURTE, etc.</Unicode>
            </TextEquiv>
        </TextRegion>
        <TextRegion type="paragraph" id="r_2_12" custom="readingOrder {index:12;}">
            <Coords points="220,2473 2279,2473 2279,2510 220,2510"/>
            <TextLine id="tl_39" primaryLanguage="English" custom="readingOrder {index:0;}">
                <Coords points="221,2474 2278,2474 2278,2509 221,2509"/>
                <Baseline points="221,2501 236,2501 388,2501 513,2506 744,2501 784,2501 1015,2509 1217,2501 1243,2501 1340,2505 1420,2501 1494,2501 1538,2501 1565,2501 1632,2505 1659,2500 1753,2501 1827,2504 1968,2501 2278,2501"/>
                <Word id="w_w2aab1b3b4c21b1ab1" language="English" custom="readingOrder {index:0;}">
                    <Coords points="221,2476 258,2476 258,2501 221,2501"/>
                    <TextEquiv>
                        <Unicode>74.</Unicode>
                    </TextEquiv>
                    <TextStyle fontFamily="Arial" fontSize="8.0"/>
                </Word>
                <Word id="w_w2aab1b3b4c21b1b1b1" language="English" custom="readingOrder {index:1;}">
                    <Coords points="308,2477 388,2477 388,2501 308,2501"/>
                    <TextEquiv>
                        <Unicode>Anne</Unicode>
                    </TextEquiv>
                    <TextStyle fontFamily="Arial" fontSize="8.0" bold="true"/>
                </Word>
                <Word id="w_w2aab1b3b4c21b1b1c11" language="English" custom="readingOrder {index:2;}">
                    <Coords points="399,2477 513,2477 513,2506 399,2506"/>
                    <TextEquiv>
                        <Unicode>Boutet,</Unicode>
                    </TextEquiv>
                    <TextStyle fontFamily="Arial" fontSize="8.0" bold="true"/>
                </Word>
                <Word id="w_w2aab1b3b4c21b1b1c27" language="English" custom="readingOrder {index:3;}">
                    <Coords points="524,2474 744,2474 744,2501 524,2501"/>
                    <TextEquiv>
                        <Unicode>Mademoiselle</Unicode>
                    </TextEquiv>
                    <TextStyle fontFamily="Arial" fontSize="8.0" bold="true"/>
                </Word>
                <Word id="w_w2aab1b3b4c21b1b1c53" language="English" custom="readingOrder {index:4;}">
                    <Coords points="756,2474 849,2474 849,2509 756,2509"/>
                    <TextEquiv>
                        <Unicode>MARS</Unicode>
                    </TextEquiv>
                    <TextStyle fontFamily="Arial" fontSize="8.0" bold="true"/>
                </Word>
                <Word id="w_w2aab1b3b4c21b1b2b1" language="English" custom="readingOrder {index:5;}">
                    <Coords points="861,2474 1015,2474 1015,2509 861,2509"/>
                    <TextEquiv>
                        <Unicode>(1779-1847)</Unicode>
                    </TextEquiv>
                    <TextStyle fontFamily="Arial" fontSize="8.0"/>
                </Word>
                <Word id="w_w2aab1b3b4c21b1b2c25" language="English" custom="readingOrder {index:6;}">
                    <Coords points="1027,2474 1217,2474 1217,2501 1027,2501"/>
                    <TextEquiv>
                        <Unicode>comédienne.</Unicode>
                    </TextEquiv>
                    <TextStyle fontFamily="Arial" fontSize="8.0"/>
                </Word>
                <Word id="w_w2aab1b3b4c21b1b2c49" language="English" custom="readingOrder {index:7;}">
                    <Coords points="1229,2476 1243,2476 1243,2501 1229,2501"/>
                    <TextEquiv>
                        <Unicode>2</Unicode>
                    </TextEquiv>
                    <TextStyle fontFamily="Arial" fontSize="8.0"/>
                </Word>
                <Word id="w_w2aab1b3b4c21b1b2c53" language="English" custom="readingOrder {index:8;}">
                    <Coords points="1256,2476 1340,2476 1340,2505 1256,2505"/>
                    <TextEquiv>
                        <Unicode>L.A.S.,</Unicode>
                    </TextEquiv>
                    <TextStyle fontFamily="Arial" fontSize="8.0"/>
                </Word>
                <Word id="w_w2aab1b3b4c21b1b2c69" language="English" custom="readingOrder {index:9;}">
                    <Coords points="1353,2474 1420,2474 1420,2509 1353,2509"/>
                    <TextEquiv>
                        <Unicode>[vers</Unicode>
                    </TextEquiv>
                    <TextStyle fontFamily="Arial" fontSize="8.0"/>
                </Word>
                <Word id="w_w2aab1b3b4c21b1b2c81" language="English" custom="readingOrder {index:10;}">
                    <Coords points="1431,2474 1512,2474 1512,2509 1431,2509"/>
                    <TextEquiv>
                        <Unicode>1828],</Unicode>
                    </TextEquiv>
                    <TextStyle fontFamily="Arial" fontSize="8.0"/>
                </Word>
                <Word id="w_w2aab1b3b4c21b1b3b1" language="English" custom="readingOrder {index:11;}">
                    <Coords points="1524,2476 1538,2476 1538,2501 1524,2501"/>
                    <TextEquiv>
                        <Unicode>à</Unicode>
                    </TextEquiv>
                    <TextStyle fontFamily="Arial" fontSize="6.0"/>
                </Word>
                <Word id="w_w2aab1b3b4c21b1b4b1" language="English" custom="readingOrder {index:12;}">
                    <Coords points="1551,2476 1616,2476 1616,2505 1551,2505"/>
                    <TextEquiv>
                        <Unicode>Empis</Unicode>
                    </TextEquiv>
                    <TextStyle fontFamily="Arial" fontSize="6.0"/>
                </Word>
                <Word id="w_w2aab1b3b4c21b1b5b1" language="English" custom="readingOrder {index:13;}">
                    <Coords points="1627,2483 1632,2483 1632,2505 1627,2505"/>
                    <TextEquiv>
                        <Unicode>;</Unicode>
                    </TextEquiv>
                    <TextStyle fontFamily="Arial" fontSize="8.0"/>
                </Word>
                <Word id="w_w2aab1b3b4c21b1b5b5" language="English" custom="readingOrder {index:14;}">
                    <Coords points="1643,2477 1659,2477 1659,2500 1643,2500"/>
                    <TextEquiv>
                        <Unicode>4</Unicode>
                    </TextEquiv>
                    <TextStyle fontFamily="Arial" fontSize="8.0"/>
                </Word>
                <Word id="w_w2aab1b3b4c21b1b5b9" language="English" custom="readingOrder {index:15;}">
                    <Coords points="1671,2483 1753,2483 1753,2509 1671,2509"/>
                    <TextEquiv>
                        <Unicode>pages</Unicode>
                    </TextEquiv>
                    <TextStyle fontFamily="Arial" fontSize="8.0"/>
                </Word>
                <Word id="w_w2aab1b3b4c21b1b5c21" language="English" custom="readingOrder {index:16;}">
                    <Coords points="1766,2476 1827,2476 1827,2504 1766,2504"/>
                    <TextEquiv>
                        <Unicode>in-8,</Unicode>
                    </TextEquiv>
                    <TextStyle fontFamily="Arial" fontSize="8.0"/>
                </Word>
                <Word id="w_w2aab1b3b4c21b1b5c33" language="English" custom="readingOrder {index:17;}">
                    <Coords points="1839,2474 1968,2474 1968,2501 1839,2501"/>
                    <TextEquiv>
                        <Unicode>adresses.</Unicode>
                    </TextEquiv>
                    <TextStyle fontFamily="Arial" fontSize="8.0"/>
                </Word>
                <Word id="w_w2aab1b3b4c21b1b5c53" language="English" custom="readingOrder {index:18;}">
                    <Coords points="2145,2476 2278,2476 2278,2501 2145,2501"/>
                    <TextEquiv>
                        <Unicode>200/300</Unicode>
                    </TextEquiv>
                    <TextStyle fontFamily="Arial" fontSize="8.0"/>
                </Word>
                <TextEquiv>
                    <Unicode>74. Anne Boutet, Mademoiselle MARS (1779-1847) comédienne. 2 L.A.S., [vers 1828], à EMPIS ; 4 pages in-8, adresses. 200/300</Unicode>
                </TextEquiv>
            </TextLine>
            <TextEquiv>
                <Unicode>74. Anne Boutet, Mademoiselle MARS (1779-1847) comédienne. 2 L.A.S., [vers 1828], à EMPIS ; 4 pages in-8, adresses. 200/300</Unicode>
            </TextEquiv>
        </TextRegion>
        <TextRegion type="paragraph" id="r_2_13" custom="readingOrder {index:13;}">
            <Coords points="304,2531 2279,2531 2279,2829 304,2829"/>
            <TextLine id="tl_40" primaryLanguage="English" custom="readingOrder {index:0;}">
                <Coords points="344,2532 2278,2532 2278,2569 344,2569"/>
                <Baseline points="344,2561 381,2561 401,2561 452,2556 491,2561 500,2548 528,2561 575,2561 620,2561 888,2561 1024,2561 1052,2561 1184,2561 1239,2561 1388,2561 1436,2561 1639,2561 1700,2561 1738,2561 1768,2561 1818,2548 1932,2561 1980,2561 2020,2561 2029,2548 2075,2561 2119,2561 2278,2561"/>
                <Word id="w_w2aab1b3b4c23b1ab1" language="English" custom="readingOrder {index:0;}">
                    <Coords points="344,2536 381,2536 381,2561 344,2561"/>
                    <TextEquiv>
                        <Unicode>Ce</Unicode>
                    </TextEquiv>
                    <TextStyle fontFamily="Arial" fontSize="8.0" italic="true"/>
                </Word>
                <Word id="w_w2aab1b3b4c23b1ab7" language="English" custom="readingOrder {index:1;}">
                    <Coords points="394,2536 426,2536 426,2561 394,2561"/>
                    <TextEquiv>
                        <Unicode>14.</Unicode>
                    </TextEquiv>
                    <TextStyle fontFamily="Arial" fontSize="8.0" italic="true"/>
                </Word>
                <Word id="w_w2aab1b3b4c23b1b1b3" language="English" custom="readingOrder {index:2;}">
                    <Coords points="438,2544 452,2544 452,2556 438,2556"/>
                    <TextEquiv>
                        <Unicode>«</Unicode>
                    </TextEquiv>
                    <TextStyle fontFamily="Arial" fontSize="8.0"/>
                </Word>
                <Word id="w_w2aab1b3b4c23b1b1b7" language="English" custom="readingOrder {index:3;}">
                    <Coords points="465,2536 491,2536 491,2561 465,2561"/>
                    <TextEquiv>
                        <Unicode>M</Unicode>
                    </TextEquiv>
                    <TextStyle fontFamily="Arial" fontSize="8.0"/>
                </Word>
                <Word id="w_w2aab1b3b4c23b1b2b1" language="English" custom="readingOrder {index:4;}">
                    <Coords points="495,2538 500,2538 500,2548 495,2548"/>
                    <TextEquiv>
                        <Unicode>r</Unicode>
                    </TextEquiv>
                    <TextStyle fontFamily="Arial" fontSize="8.0" superscript="true"/>
                </Word>
                <Word id="w_w2aab1b3b4c23b1b3b3" language="English" custom="readingOrder {index:5;}">
                    <Coords points="512,2534 547,2534 547,2561 512,2561"/>
                    <TextEquiv>
                        <Unicode>de</Unicode>
                    </TextEquiv>
                    <TextStyle fontFamily="Arial" fontSize="8.0"/>
                </Word>
                <Word id="w_w2aab1b3b4c23b1b4b1" language="English" custom="readingOrder {index:6;}">
                    <Coords points="560,2536 590,2536 590,2561 560,2561"/>
                    <TextEquiv>
                        <Unicode>La</Unicode>
                    </TextEquiv>
                    <TextStyle fontFamily="Arial" fontSize="6.5"/>
                </Word>
                <Word id="w_w2aab1b3b4c23b1b5b1" language="English" custom="readingOrder {index:7;}">
                    <Coords points="603,2537 808,2537 808,2561 603,2561"/>
                    <TextEquiv>
                        <Unicode>Rochefoucauld</Unicode>
                    </TextEquiv>
                    <TextStyle fontFamily="Arial" fontSize="6.0"/>
                </Word>
                <Word id="w_w2aab1b3b4c23b1b6b1" language="English" custom="readingOrder {index:8;}">
                    <Coords points="820,2537 888,2537 888,2561 820,2561"/>
                    <TextEquiv>
                        <Unicode>avait</Unicode>
                    </TextEquiv>
                    <TextStyle fontFamily="Arial" fontSize="8.0"/>
                </Word>
                <Word id="w_w2aab1b3b4c23b1b6c13" language="English" custom="readingOrder {index:9;}">
                    <Coords points="900,2537 1024,2537 1024,2561 900,2561"/>
                    <TextEquiv>
                        <Unicode>consenti</Unicode>
                    </TextEquiv>
                    <TextStyle fontFamily="Arial" fontSize="8.0"/>
                </Word>
                <Word id="w_w2aab1b3b4c23b1b6c31" language="English" custom="readingOrder {index:10;}">
                    <Coords points="1038,2536 1052,2536 1052,2561 1038,2561"/>
                    <TextEquiv>
                        <Unicode>à</Unicode>
                    </TextEquiv>
                    <TextStyle fontFamily="Arial" fontSize="8.0"/>
                </Word>
                <Word id="w_w2aab1b3b4c23b1b6c35" language="English" custom="readingOrder {index:11;}">
                    <Coords points="1064,2543 1184,2543 1184,2569 1064,2569"/>
                    <TextEquiv>
                        <Unicode>appuyer</Unicode>
                    </TextEquiv>
                    <TextStyle fontFamily="Arial" fontSize="8.0"/>
                </Word>
                <Word id="w_w2aab1b3b4c23b1b6c51" language="English" custom="readingOrder {index:12;}">
                    <Coords points="1197,2543 1239,2543 1239,2561 1197,2561"/>
                    <TextEquiv>
                        <Unicode>ma</Unicode>
                    </TextEquiv>
                    <TextStyle fontFamily="Arial" fontSize="8.0"/>
                </Word>
                <Word id="w_w2aab1b3b4c23b1b6c57" language="English" custom="readingOrder {index:13;}">
                    <Coords points="1251,2534 1388,2534 1388,2561 1251,2561"/>
                    <TextEquiv>
                        <Unicode>demande</Unicode>
                    </TextEquiv>
                    <TextStyle fontFamily="Arial" fontSize="8.0"/>
                </Word>
                <Word id="w_w2aab1b3b4c23b1b6c73" language="English" custom="readingOrder {index:14;}">
                    <Coords points="1401,2534 1436,2534 1436,2561 1401,2561"/>
                    <TextEquiv>
                        <Unicode>du</Unicode>
                    </TextEquiv>
                    <TextStyle fontFamily="Arial" fontSize="8.0"/>
                </Word>
                <Word id="w_w2aab1b3b4c23b1b6c79" language="English" custom="readingOrder {index:15;}">
                    <Coords points="1449,2534 1639,2534 1639,2569 1449,2569"/>
                    <TextEquiv>
                        <Unicode>complément</Unicode>
                    </TextEquiv>
                    <TextStyle fontFamily="Arial" fontSize="8.0"/>
                </Word>
                <Word id="w_w2aab1b3b4c23b1b6d101" language="English" custom="readingOrder {index:16;}">
                    <Coords points="1651,2534 1700,2534 1700,2561 1651,2561"/>
                    <TextEquiv>
                        <Unicode>des</Unicode>
                    </TextEquiv>
                    <TextStyle fontFamily="Arial" fontSize="8.0"/>
                </Word>
                <Word id="w_w2aab1b3b4c23b1b6d109" language="English" custom="readingOrder {index:17;}">
                    <Coords points="1712,2536 1738,2536 1738,2561 1712,2561"/>
                    <TextEquiv>
                        <Unicode>12</Unicode>
                    </TextEquiv>
                    <TextStyle fontFamily="Arial" fontSize="8.0"/>
                </Word>
                <Word id="w_w2aab1b3b4c23b1b6d115" language="English" custom="readingOrder {index:18;}">
                    <Coords points="1751,2536 1809,2536 1809,2561 1751,2561"/>
                    <TextEquiv>
                        <Unicode>000</Unicode>
                    </TextEquiv>
                    <TextStyle fontFamily="Arial" fontSize="8.0"/>
                </Word>
                <Word id="w_w2aab1b3b4c23b1b7b1" language="English" custom="readingOrder {index:19;}">
                    <Coords points="1811,2532 1825,2532 1825,2548 1811,2548"/>
                    <TextEquiv>
                        <Unicode>ff</Unicode>
                    </TextEquiv>
                    <TextStyle fontFamily="Arial" fontSize="8.0" superscript="true"/>
                </Word>
                <Word id="w_w2aab1b3b4c23b1b8b3" language="English" custom="readingOrder {index:20;}">
                    <Coords points="1836,2537 1932,2537 1932,2569 1836,2569"/>
                    <TextEquiv>
                        <Unicode>auprès</Unicode>
                    </TextEquiv>
                    <TextStyle fontFamily="Arial" fontSize="8.0"/>
                </Word>
                <Word id="w_w2aab1b3b4c23b1b8c17" language="English" custom="readingOrder {index:21;}">
                    <Coords points="1945,2534 1980,2534 1980,2561 1945,2561"/>
                    <TextEquiv>
                        <Unicode>de</Unicode>
                    </TextEquiv>
                    <TextStyle fontFamily="Arial" fontSize="8.0"/>
                </Word>
                <Word id="w_w2aab1b3b4c23b1b8c23" language="English" custom="readingOrder {index:22;}">
                    <Coords points="1993,2537 2020,2537 2020,2561 1993,2561"/>
                    <TextEquiv>
                        <Unicode>M</Unicode>
                    </TextEquiv>
                    <TextStyle fontFamily="Arial" fontSize="8.0"/>
                </Word>
                <Word id="w_w2aab1b3b4c23b1b9b1" language="English" custom="readingOrder {index:23;}">
                    <Coords points="2023,2538 2029,2538 2029,2548 2023,2548"/>
                    <TextEquiv>
                        <Unicode>r</Unicode>
                    </TextEquiv>
                    <TextStyle fontFamily="Arial" fontSize="8.0" superscript="true"/>
                </Word>
                <Word id="w_w2aab1b3b4c23b1c10b3" language="English" custom="readingOrder {index:24;}">
                    <Coords points="2040,2534 2075,2534 2075,2561 2040,2561"/>
                    <TextEquiv>
                        <Unicode>de</Unicode>
                    </TextEquiv>
                    <TextStyle fontFamily="Arial" fontSize="8.0"/>
                </Word>
                <Word id="w_w2aab1b3b4c23b1c10b9" language="English" custom="readingOrder {index:25;}">
                    <Coords points="2089,2537 2119,2537 2119,2561 2089,2561"/>
                    <TextEquiv>
                        <Unicode>La</Unicode>
                    </TextEquiv>
                    <TextStyle fontFamily="Arial" fontSize="8.0"/>
                </Word>
                <Word id="w_w2aab1b3b4c23b1c10c15" language="English" custom="readingOrder {index:26;}">
                    <Coords points="2132,2534 2278,2534 2278,2561 2132,2561"/>
                    <TextEquiv>
                        <Unicode>Bouillerie.</Unicode>
                    </TextEquiv>
                    <TextStyle fontFamily="Arial" fontSize="8.0"/>
                </Word>
                <TextEquiv>
                    <Unicode>Ce 14. « Mr de LA ROCHEFOUCAULD avait consenti à appuyer ma demande du complément des 12 000ff auprès de Mr de La Bouillerie.</Unicode>
                </TextEquiv>
            </TextLine>
            <TextLine id="tl_41" primaryLanguage="English" custom="readingOrder {index:1;}">
                <Coords points="305,2577 2278,2577 2278,2613 305,2613"/>
                <Baseline points="305,2608 333,2604 390,2604 524,2604 623,2604 670,2604 743,2608 785,2604 821,2604 956,2604 1029,2604 1128,2604 1153,2604 1228,2604 1307,2604 1388,2604 1433,2604 1465,2594 1529,2604 1664,2604 1752,2604 1779,2604 2038,2604 2143,2604 2278,2604"/>
                <Word id="w_w2aab1b3b4c23b3ab1" language="English" custom="readingOrder {index:0;}">
                    <Coords points="305,2580 333,2580 333,2608 305,2608"/>
                    <TextEquiv>
                        <Unicode>Je</Unicode>
                    </TextEquiv>
                    <TextStyle fontFamily="Arial" fontSize="8.0"/>
                </Word>
                <Word id="w_w2aab1b3b4c23b3ab7" language="English" custom="readingOrder {index:1;}">
                    <Coords points="346,2577 390,2577 390,2604 346,2604"/>
                    <TextEquiv>
                        <Unicode>n’ai</Unicode>
                    </TextEquiv>
                    <TextStyle fontFamily="Arial" fontSize="8.0"/>
                </Word>
                <Word id="w_w2aab1b3b4c23b3ac17" language="English" custom="readingOrder {index:2;}">
                    <Coords points="403,2577 524,2577 524,2604 403,2604"/>
                    <TextEquiv>
                        <Unicode>entendu</Unicode>
                    </TextEquiv>
                    <TextStyle fontFamily="Arial" fontSize="8.0"/>
                </Word>
                <Word id="w_w2aab1b3b4c23b3ac33" language="English" custom="readingOrder {index:3;}">
                    <Coords points="538,2577 623,2577 623,2613 538,2613"/>
                    <TextEquiv>
                        <Unicode>parler</Unicode>
                    </TextEquiv>
                    <TextStyle fontFamily="Arial" fontSize="8.0"/>
                </Word>
                <Word id="w_w2aab1b3b4c23b3ac47" language="English" custom="readingOrder {index:4;}">
                    <Coords points="635,2577 670,2577 670,2604 635,2604"/>
                    <TextEquiv>
                        <Unicode>de</Unicode>
                    </TextEquiv>
                    <TextStyle fontFamily="Arial" fontSize="8.0"/>
                </Word>
                <Word id="w_w2aab1b3b4c23b3ac53" language="English" custom="readingOrder {index:5;}">
                    <Coords points="683,2580 743,2580 743,2608 683,2608"/>
                    <TextEquiv>
                        <Unicode>rien,</Unicode>
                    </TextEquiv>
                    <TextStyle fontFamily="Arial" fontSize="8.0"/>
                </Word>
                <Word id="w_w2aab1b3b4c23b3ac65" language="English" custom="readingOrder {index:6;}">
                    <Coords points="756,2582 785,2582 785,2604 756,2604"/>
                    <TextEquiv>
                        <Unicode>et</Unicode>
                    </TextEquiv>
                    <TextStyle fontFamily="Arial" fontSize="8.0"/>
                </Word>
                <Word id="w_w2aab1b3b4c23b3ac71" language="English" custom="readingOrder {index:7;}">
                    <Coords points="795,2580 821,2580 821,2612 795,2612"/>
                    <TextEquiv>
                        <Unicode>je</Unicode>
                    </TextEquiv>
                    <TextStyle fontFamily="Arial" fontSize="8.0"/>
                </Word>
                <Word id="w_w2aab1b3b4c23b3ac77" language="English" custom="readingOrder {index:8;}">
                    <Coords points="833,2577 956,2577 956,2604 833,2604"/>
                    <TextEquiv>
                        <Unicode>voudrais</Unicode>
                    </TextEquiv>
                    <TextStyle fontFamily="Arial" fontSize="8.0"/>
                </Word>
                <Word id="w_w2aab1b3b4c23b3ac95" language="English" custom="readingOrder {index:9;}">
                    <Coords points="969,2577 1029,2577 1029,2604 969,2604"/>
                    <TextEquiv>
                        <Unicode>bien</Unicode>
                    </TextEquiv>
                    <TextStyle fontFamily="Arial" fontSize="8.0"/>
                </Word>
                <Word id="w_w2aab1b3b4c23b3ad105" language="English" custom="readingOrder {index:10;}">
                    <Coords points="1042,2580 1128,2580 1128,2604 1042,2604"/>
                    <TextEquiv>
                        <Unicode>savoir</Unicode>
                    </TextEquiv>
                    <TextStyle fontFamily="Arial" fontSize="8.0"/>
                </Word>
                <Word id="w_w2aab1b3b4c23b3ad119" language="English" custom="readingOrder {index:11;}">
                    <Coords points="1139,2580 1153,2580 1153,2604 1139,2604"/>
                    <TextEquiv>
                        <Unicode>à</Unicode>
                    </TextEquiv>
                    <TextStyle fontFamily="Arial" fontSize="8.0"/>
                </Word>
                <Word id="w_w2aab1b3b4c23b3ad123" language="English" custom="readingOrder {index:12;}">
                    <Coords points="1165,2580 1228,2580 1228,2613 1165,2613"/>
                    <TextEquiv>
                        <Unicode>quoi</Unicode>
                    </TextEquiv>
                    <TextStyle fontFamily="Arial" fontSize="8.0"/>
                </Word>
                <Word id="w_w2aab1b3b4c23b3ad133" language="English" custom="readingOrder {index:13;}">
                    <Coords points="1243,2577 1307,2577 1307,2604 1243,2604"/>
                    <TextEquiv>
                        <Unicode>m’en</Unicode>
                    </TextEquiv>
                    <TextStyle fontFamily="Arial" fontSize="8.0"/>
                </Word>
                <Word id="w_w2aab1b3b4c23b3ad143" language="English" custom="readingOrder {index:14;}">
                    <Coords points="1319,2580 1388,2580 1388,2604 1319,2604"/>
                    <TextEquiv>
                        <Unicode>tenir</Unicode>
                    </TextEquiv>
                    <TextStyle fontFamily="Arial" fontSize="8.0"/>
                </Word>
                <Word id="w_w2aab1b3b4c23b3ad155" language="English" custom="readingOrder {index:15;}">
                    <Coords points="1400,2587 1433,2587 1433,2604 1400,2604"/>
                    <TextEquiv>
                        <Unicode>»...</Unicode>
                    </TextEquiv>
                    <TextStyle fontFamily="Arial" fontSize="8.0"/>
                </Word>
                <Word id="w_w2aab1b3b4c23b3ad165" language="English" custom="readingOrder {index:16;}">
                    <Coords points="1446,2593 1465,2593 1465,2594 1446,2594"/>
                    <TextEquiv>
                        <Unicode>-</Unicode>
                    </TextEquiv>
                    <TextStyle fontFamily="Arial" fontSize="8.0"/>
                </Word>
                <Word id="w_w2aab1b3b4c23b3ad169" language="English" custom="readingOrder {index:17;}">
                    <Coords points="1478,2577 1529,2577 1529,2604 1478,2604"/>
                    <TextEquiv>
                        <Unicode>Elle</Unicode>
                    </TextEquiv>
                    <TextStyle fontFamily="Arial" fontSize="8.0"/>
                </Word>
                <Word id="w_w2aab1b3b4c23b3ad179" language="English" custom="readingOrder {index:18;}">
                    <Coords points="1541,2577 1664,2577 1664,2604 1541,2604"/>
                    <TextEquiv>
                        <Unicode>voudrait</Unicode>
                    </TextEquiv>
                    <TextStyle fontFamily="Arial" fontSize="8.0"/>
                </Word>
                <Word id="w_w2aab1b3b4c23b3ad197" language="English" custom="readingOrder {index:19;}">
                    <Coords points="1674,2580 1752,2580 1752,2612 1674,2612"/>
                    <TextEquiv>
                        <Unicode>jouer</Unicode>
                    </TextEquiv>
                    <TextStyle fontFamily="Arial" fontSize="8.0"/>
                </Word>
                <Word id="w_w2aab1b3b4c23b3ad209" language="English" custom="readingOrder {index:20;}">
                    <Coords points="1763,2577 1907,2577 1907,2604 1763,2604"/>
                    <TextEquiv>
                        <Unicode>dimanche</Unicode>
                    </TextEquiv>
                    <TextStyle fontFamily="Arial" fontSize="8.0"/>
                </Word>
                <Word id="w_w2aab1b3b4c23b3b1b1" language="English" custom="readingOrder {index:21;}">
                    <Coords points="1919,2577 2116,2577 2116,2613 1919,2613"/>
                    <TextEquiv>
                        <Unicode>Misanthropie</Unicode>
                    </TextEquiv>
                    <TextStyle fontFamily="Arial" fontSize="8.0" italic="true"/>
                </Word>
                <Word id="w_w2aab1b3b4c23b3b2b3" language="English" custom="readingOrder {index:22;}">
                    <Coords points="2127,2579 2156,2579 2156,2604 2127,2604"/>
                    <TextEquiv>
                        <Unicode>et</Unicode>
                    </TextEquiv>
                    <TextStyle fontFamily="Arial" fontSize="8.0"/>
                </Word>
                <Word id="w_w2aab1b3b4c23b3b3b1" language="English" custom="readingOrder {index:23;}">
                    <Coords points="2168,2577 2278,2577 2278,2604 2168,2604"/>
                    <TextEquiv>
                        <Unicode>Chacun</Unicode>
                    </TextEquiv>
                    <TextStyle fontFamily="Arial" fontSize="8.0" italic="true"/>
                </Word>
                <TextEquiv>
                    <Unicode>Je n’ai entendu parler de rien, et je voudrais bien savoir à quoi m’en tenir »... - Elle voudrait jouer dimanche Misanthropie et Chacun</Unicode>
                </TextEquiv>
            </TextLine>
            <TextLine id="tl_42" primaryLanguage="English" custom="readingOrder {index:2;}">
                <Coords points="308,2620 2278,2620 2278,2656 308,2656"/>
                <Baseline points="308,2648 342,2648 403,2647 480,2648 495,2648 521,2643 591,2648 682,2648 819,2648 879,2647 1000,2648 1047,2648 1105,2648 1132,2647 1274,2648 1316,2647 1363,2647 1419,2648 1455,2648 1600,2648 1616,2651 1694,2648 1733,2647 1742,2635 1773,2647 1946,2648 2109,2648 2190,2647 2278,2648"/>
                <Word id="w_w2aab1b3b4c23b5ab1" language="English" custom="readingOrder {index:0;}">
                    <Coords points="308,2621 342,2621 342,2648 308,2648"/>
                    <TextEquiv>
                        <Unicode>de</Unicode>
                    </TextEquiv>
                    <TextStyle fontFamily="Arial" fontSize="8.0" italic="true"/>
                </Word>
                <Word id="w_w2aab1b3b4c23b5ab7" language="English" custom="readingOrder {index:1;}">
                    <Coords points="353,2630 403,2630 403,2648 353,2648"/>
                    <TextEquiv>
                        <Unicode>son</Unicode>
                    </TextEquiv>
                    <TextStyle fontFamily="Arial" fontSize="8.0" italic="true"/>
                </Word>
                <Word id="w_w2aab1b3b4c23b5ac15" language="English" custom="readingOrder {index:2;}">
                    <Coords points="416,2623 480,2623 480,2648 416,2648"/>
                    <TextEquiv>
                        <Unicode>côté</Unicode>
                    </TextEquiv>
                    <TextStyle fontFamily="Arial" fontSize="8.0" italic="true"/>
                </Word>
                <Word id="w_w2aab1b3b4c23b5ac25" language="English" custom="readingOrder {index:3;}">
                    <Coords points="491,2630 495,2630 495,2648 491,2648"/>
                    <TextEquiv>
                        <Unicode>:</Unicode>
                    </TextEquiv>
                    <TextStyle fontFamily="Arial" fontSize="8.0" italic="true"/>
                </Word>
                <Word id="w_w2aab1b3b4c23b5b1b3" language="English" custom="readingOrder {index:4;}">
                    <Coords points="507,2631 521,2631 521,2643 507,2643"/>
                    <TextEquiv>
                        <Unicode>«</Unicode>
                    </TextEquiv>
                    <TextStyle fontFamily="Arial" fontSize="8.0"/>
                </Word>
                <Word id="w_w2aab1b3b4c23b5b1b7" language="English" custom="readingOrder {index:5;}">
                    <Coords points="532,2621 591,2621 591,2648 532,2648"/>
                    <TextEquiv>
                        <Unicode>cela</Unicode>
                    </TextEquiv>
                    <TextStyle fontFamily="Arial" fontSize="8.0"/>
                </Word>
                <Word id="w_w2aab1b3b4c23b5b1c17" language="English" custom="readingOrder {index:6;}">
                    <Coords points="603,2623 682,2623 682,2648 603,2648"/>
                    <TextEquiv>
                        <Unicode>serait</Unicode>
                    </TextEquiv>
                    <TextStyle fontFamily="Arial" fontSize="8.0"/>
                </Word>
                <Word id="w_w2aab1b3b4c23b5b1c31" language="English" custom="readingOrder {index:7;}">
                    <Coords points="694,2620 819,2620 819,2656 694,2656"/>
                    <TextEquiv>
                        <Unicode>agréable</Unicode>
                    </TextEquiv>
                    <TextStyle fontFamily="Arial" fontSize="8.0"/>
                </Word>
                <Word id="w_w2aab1b3b4c23b5b1c49" language="English" custom="readingOrder {index:8;}">
                    <Coords points="831,2630 879,2630 879,2648 831,2648"/>
                    <TextEquiv>
                        <Unicode>aux</Unicode>
                    </TextEquiv>
                    <TextStyle fontFamily="Arial" fontSize="8.0"/>
                </Word>
                <Word id="w_w2aab1b3b4c23b5b1c57" language="English" custom="readingOrder {index:9;}">
                    <Coords points="892,2626 1000,2626 1000,2648 892,2648"/>
                    <TextEquiv>
                        <Unicode>auteurs</Unicode>
                    </TextEquiv>
                    <TextStyle fontFamily="Arial" fontSize="8.0"/>
                </Word>
                <Word id="w_w2aab1b3b4c23b5b1c73" language="English" custom="readingOrder {index:10;}">
                    <Coords points="1012,2620 1047,2620 1047,2648 1012,2648"/>
                    <TextEquiv>
                        <Unicode>de</Unicode>
                    </TextEquiv>
                    <TextStyle fontFamily="Arial" fontSize="8.0"/>
                </Word>
                <Word id="w_w2aab1b3b4c23b5b1c79" language="English" custom="readingOrder {index:11;}">
                    <Coords points="1059,2630 1105,2630 1105,2648 1059,2648"/>
                    <TextEquiv>
                        <Unicode>ces</Unicode>
                    </TextEquiv>
                    <TextStyle fontFamily="Arial" fontSize="8.0"/>
                </Word>
                <Word id="w_w2aab1b3b4c23b5b1c87" language="English" custom="readingOrder {index:12;}">
                    <Coords points="1117,2623 1132,2623 1132,2647 1117,2647"/>
                    <TextEquiv>
                        <Unicode>2</Unicode>
                    </TextEquiv>
                    <TextStyle fontFamily="Arial" fontSize="8.0"/>
                </Word>
                <Word id="w_w2aab1b3b4c23b5b1c91" language="English" custom="readingOrder {index:13;}">
                    <Coords points="1144,2630 1274,2630 1274,2656 1144,2656"/>
                    <TextEquiv>
                        <Unicode>ouvrages</Unicode>
                    </TextEquiv>
                    <TextStyle fontFamily="Arial" fontSize="8.0"/>
                </Word>
                <Word id="w_w2aab1b3b4c23b5b1d109" language="English" custom="readingOrder {index:14;}">
                    <Coords points="1287,2626 1316,2626 1316,2648 1287,2648"/>
                    <TextEquiv>
                        <Unicode>et</Unicode>
                    </TextEquiv>
                    <TextStyle fontFamily="Arial" fontSize="8.0"/>
                </Word>
                <Word id="w_w2aab1b3b4c23b5b1d115" language="English" custom="readingOrder {index:15;}">
                    <Coords points="1328,2620 1393,2620 1393,2648 1328,2648"/>
                    <TextEquiv>
                        <Unicode>utile</Unicode>
                    </TextEquiv>
                    <TextStyle fontFamily="Arial" fontSize="8.0"/>
                </Word>
                <Word id="w_w2aab1b3b4c23b5b2b1" language="English" custom="readingOrder {index:16;}">
                    <Coords points="1405,2620 1419,2620 1419,2648 1405,2648"/>
                    <TextEquiv>
                        <Unicode>à</Unicode>
                    </TextEquiv>
                    <TextStyle fontFamily="Arial" fontSize="6.0"/>
                </Word>
                <Word id="w_w2aab1b3b4c23b5b3b1" language="English" custom="readingOrder {index:17;}">
                    <Coords points="1433,2620 1455,2620 1455,2648 1433,2648"/>
                    <TextEquiv>
                        <Unicode>la</Unicode>
                    </TextEquiv>
                    <TextStyle fontFamily="Arial" fontSize="8.0"/>
                </Word>
                <Word id="w_w2aab1b3b4c23b5b3b7" language="English" custom="readingOrder {index:18;}">
                    <Coords points="1467,2620 1600,2620 1600,2648 1467,2648"/>
                    <TextEquiv>
                        <Unicode>Comédie</Unicode>
                    </TextEquiv>
                    <TextStyle fontFamily="Arial" fontSize="8.0"/>
                </Word>
                <Word id="w_w2aab1b3b4c23b5b3c23" language="English" custom="readingOrder {index:19;}">
                    <Coords points="1612,2630 1616,2630 1616,2651 1612,2651"/>
                    <TextEquiv>
                        <Unicode>;</Unicode>
                    </TextEquiv>
                    <TextStyle fontFamily="Arial" fontSize="8.0"/>
                </Word>
                <Word id="w_w2aab1b3b4c23b5b3c27" language="English" custom="readingOrder {index:20;}">
                    <Coords points="1629,2623 1694,2623 1694,2648 1629,2648"/>
                    <TextEquiv>
                        <Unicode>mais</Unicode>
                    </TextEquiv>
                    <TextStyle fontFamily="Arial" fontSize="8.0"/>
                </Word>
                <Word id="w_w2aab1b3b4c23b5b3c37" language="English" custom="readingOrder {index:21;}">
                    <Coords points="1707,2623 1733,2623 1733,2647 1707,2647"/>
                    <TextEquiv>
                        <Unicode>M</Unicode>
                    </TextEquiv>
                    <TextStyle fontFamily="Arial" fontSize="8.0"/>
                </Word>
                <Word id="w_w2aab1b3b4c23b5b4b1" language="English" custom="readingOrder {index:22;}">
                    <Coords points="1737,2625 1742,2625 1742,2635 1737,2635"/>
                    <TextEquiv>
                        <Unicode>r</Unicode>
                    </TextEquiv>
                    <TextStyle fontFamily="Arial" fontSize="8.0" superscript="true"/>
                </Word>
                <Word id="w_w2aab1b3b4c23b5b6b1" language="English" custom="readingOrder {index:23;}">
                    <Coords points="1753,2623 1859,2623 1859,2647 1753,2647"/>
                    <TextEquiv>
                        <Unicode>Armand</Unicode>
                    </TextEquiv>
                    <TextStyle fontFamily="Arial" fontSize="6.0"/>
                </Word>
                <Word id="w_w2aab1b3b4c23b5b7b1" language="English" custom="readingOrder {index:24;}">
                    <Coords points="1872,2620 1946,2620 1946,2648 1872,2648"/>
                    <TextEquiv>
                        <Unicode>m’est</Unicode>
                    </TextEquiv>
                    <TextStyle fontFamily="Arial" fontSize="8.0"/>
                </Word>
                <Word id="w_w2aab1b3b4c23b5b7c13" language="English" custom="readingOrder {index:25;}">
                    <Coords points="1959,2623 2109,2623 2109,2648 1959,2648"/>
                    <TextEquiv>
                        <Unicode>nécessaire</Unicode>
                    </TextEquiv>
                    <TextStyle fontFamily="Arial" fontSize="8.0"/>
                </Word>
                <Word id="w_w2aab1b3b4c23b5b7c35" language="English" custom="readingOrder {index:26;}">
                    <Coords points="2122,2630 2190,2630 2190,2656 2122,2656"/>
                    <TextEquiv>
                        <Unicode>pour</Unicode>
                    </TextEquiv>
                    <TextStyle fontFamily="Arial" fontSize="8.0"/>
                </Word>
                <Word id="w_w2aab1b3b4c23b5b7c45" language="English" custom="readingOrder {index:27;}">
                    <Coords points="2202,2626 2278,2626 2278,2648 2202,2648"/>
                    <TextEquiv>
                        <Unicode>cette</Unicode>
                    </TextEquiv>
                    <TextStyle fontFamily="Arial" fontSize="8.0"/>
                </Word>
                <TextEquiv>
                    <Unicode>de son côté : « cela serait agréable aux auteurs de ces 2 ouvrages et utile à la Comédie ; mais Mr ARMAND m’est nécessaire pour cette</Unicode>
                </TextEquiv>
            </TextLine>
            <TextLine id="tl_43" primaryLanguage="English" custom="readingOrder {index:3;}">
                <Coords points="310,2664 2278,2664 2278,2699 310,2699"/>
                <Baseline points="310,2691 532,2694 571,2691 617,2691 671,2691 721,2691 784,2691 822,2691 938,2691 980,2691 1097,2691 1173,2691 1261,2691 1371,2691 1551,2691 1607,2691 1749,2691 1763,2695 1826,2691 1860,2691 2010,2695 2195,2695 2278,2691"/>
                <Word id="w_w2aab1b3b4c23b7ab1" language="English" custom="readingOrder {index:0;}">
                    <Coords points="310,2666 532,2666 532,2699 310,2699"/>
                    <TextEquiv>
                        <Unicode>représentation,</Unicode>
                    </TextEquiv>
                    <TextStyle fontFamily="Arial" fontSize="8.0"/>
                </Word>
                <Word id="w_w2aab1b3b4c23b7ac33" language="English" custom="readingOrder {index:1;}">
                    <Coords points="542,2669 571,2669 571,2691 542,2691"/>
                    <TextEquiv>
                        <Unicode>et</Unicode>
                    </TextEquiv>
                    <TextStyle fontFamily="Arial" fontSize="8.0"/>
                </Word>
                <Word id="w_w2aab1b3b4c23b7ac39" language="English" custom="readingOrder {index:2;}">
                    <Coords points="581,2673 617,2673 617,2691 581,2691"/>
                    <TextEquiv>
                        <Unicode>on</Unicode>
                    </TextEquiv>
                    <TextStyle fontFamily="Arial" fontSize="8.0"/>
                </Word>
                <Word id="w_w2aab1b3b4c23b7ac45" language="English" custom="readingOrder {index:3;}">
                    <Coords points="628,2673 671,2673 671,2691 628,2691"/>
                    <TextEquiv>
                        <Unicode>me</Unicode>
                    </TextEquiv>
                    <TextStyle fontFamily="Arial" fontSize="8.0"/>
                </Word>
                <Word id="w_w2aab1b3b4c23b7ac51" language="English" custom="readingOrder {index:4;}">
                    <Coords points="682,2664 721,2664 721,2691 682,2691"/>
                    <TextEquiv>
                        <Unicode>dit</Unicode>
                    </TextEquiv>
                    <TextStyle fontFamily="Arial" fontSize="8.0"/>
                </Word>
                <Word id="w_w2aab1b3b4c23b7ac59" language="English" custom="readingOrder {index:5;}">
                    <Coords points="730,2673 784,2673 784,2699 730,2699"/>
                    <TextEquiv>
                        <Unicode>que</Unicode>
                    </TextEquiv>
                    <TextStyle fontFamily="Arial" fontSize="8.0"/>
                </Word>
                <Word id="w_w2aab1b3b4c23b7ac67" language="English" custom="readingOrder {index:6;}">
                    <Coords points="794,2673 822,2673 822,2691 794,2691"/>
                    <TextEquiv>
                        <Unicode>sa</Unicode>
                    </TextEquiv>
                    <TextStyle fontFamily="Arial" fontSize="8.0"/>
                </Word>
                <Word id="w_w2aab1b3b4c23b7ac73" language="English" custom="readingOrder {index:7;}">
                    <Coords points="833,2666 938,2666 938,2691 833,2691"/>
                    <TextEquiv>
                        <Unicode>rentrée</Unicode>
                    </TextEquiv>
                    <TextStyle fontFamily="Arial" fontSize="8.0"/>
                </Word>
                <Word id="w_w2aab1b3b4c23b7ac89" language="English" custom="readingOrder {index:8;}">
                    <Coords points="948,2673 980,2673 980,2691 948,2691"/>
                    <TextEquiv>
                        <Unicode>au</Unicode>
                    </TextEquiv>
                    <TextStyle fontFamily="Arial" fontSize="8.0"/>
                </Word>
                <Word id="w_w2aab1b3b4c23b7ac95" language="English" custom="readingOrder {index:9;}">
                    <Coords points="990,2664 1097,2664 1097,2691 990,2691"/>
                    <TextEquiv>
                        <Unicode>théâtre</Unicode>
                    </TextEquiv>
                    <TextStyle fontFamily="Arial" fontSize="8.0"/>
                </Word>
                <Word id="w_w2aab1b3b4c23b7ad111" language="English" custom="readingOrder {index:10;}">
                    <Coords points="1108,2664 1173,2664 1173,2691 1108,2691"/>
                    <TextEquiv>
                        <Unicode>n’est</Unicode>
                    </TextEquiv>
                    <TextStyle fontFamily="Arial" fontSize="8.0"/>
                </Word>
                <Word id="w_w2aab1b3b4c23b7ad123" language="English" custom="readingOrder {index:11;}">
                    <Coords points="1183,2667 1261,2667 1261,2699 1183,2699"/>
                    <TextEquiv>
                        <Unicode>point</Unicode>
                    </TextEquiv>
                    <TextStyle fontFamily="Arial" fontSize="8.0"/>
                </Word>
                <Word id="w_w2aab1b3b4c23b7ad135" language="English" custom="readingOrder {index:12;}">
                    <Coords points="1270,2673 1371,2673 1371,2691 1270,2691"/>
                    <TextEquiv>
                        <Unicode>encore</Unicode>
                    </TextEquiv>
                    <TextStyle fontFamily="Arial" fontSize="8.0"/>
                </Word>
                <Word id="w_w2aab1b3b4c23b7ad149" language="English" custom="readingOrder {index:13;}">
                    <Coords points="1381,2664 1551,2664 1551,2691 1381,2691"/>
                    <TextEquiv>
                        <Unicode>déterminée</Unicode>
                    </TextEquiv>
                    <TextStyle fontFamily="Arial" fontSize="8.0"/>
                </Word>
                <Word id="w_w2aab1b3b4c23b7ad171" language="English" custom="readingOrder {index:14;}">
                    <Coords points="1562,2673 1607,2673 1607,2699 1562,2699"/>
                    <TextEquiv>
                        <Unicode>par</Unicode>
                    </TextEquiv>
                    <TextStyle fontFamily="Arial" fontSize="8.0"/>
                </Word>
                <Word id="w_w2aab1b3b4c23b7ad179" language="English" custom="readingOrder {index:15;}">
                    <Coords points="1619,2664 1749,2664 1749,2691 1619,2691"/>
                    <TextEquiv>
                        <Unicode>l’autorité</Unicode>
                    </TextEquiv>
                    <TextStyle fontFamily="Arial" fontSize="8.0"/>
                </Word>
                <Word id="w_w2aab1b3b4c23b7ad201" language="English" custom="readingOrder {index:16;}">
                    <Coords points="1759,2673 1763,2673 1763,2695 1759,2695"/>
                    <TextEquiv>
                        <Unicode>;</Unicode>
                    </TextEquiv>
                    <TextStyle fontFamily="Arial" fontSize="8.0"/>
                </Word>
                <Word id="w_w2aab1b3b4c23b7ad205" language="English" custom="readingOrder {index:17;}">
                    <Coords points="1773,2673 1826,2673 1826,2699 1773,2699"/>
                    <TextEquiv>
                        <Unicode>que</Unicode>
                    </TextEquiv>
                    <TextStyle fontFamily="Arial" fontSize="8.0"/>
                </Word>
                <Word id="w_w2aab1b3b4c23b7ad213" language="English" custom="readingOrder {index:18;}">
                    <Coords points="1838,2664 1860,2664 1860,2691 1838,2691"/>
                    <TextEquiv>
                        <Unicode>la</Unicode>
                    </TextEquiv>
                    <TextStyle fontFamily="Arial" fontSize="8.0"/>
                </Word>
                <Word id="w_w2aab1b3b4c23b7ad219" language="English" custom="readingOrder {index:19;}">
                    <Coords points="1870,2664 2010,2664 2010,2695 1870,2695"/>
                    <TextEquiv>
                        <Unicode>difficulté,</Unicode>
                    </TextEquiv>
                    <TextStyle fontFamily="Arial" fontSize="8.0"/>
                </Word>
                <Word id="w_w2aab1b3b4c23b7ad243" language="English" custom="readingOrder {index:20;}">
                    <Coords points="2021,2667 2195,2667 2195,2695 2021,2695"/>
                    <TextEquiv>
                        <Unicode>maintenant,</Unicode>
                    </TextEquiv>
                    <TextStyle fontFamily="Arial" fontSize="8.0"/>
                </Word>
                <Word id="w_w2aab1b3b4c23b7ad267" language="English" custom="readingOrder {index:21;}">
                    <Coords points="2205,2667 2278,2667 2278,2691 2205,2691"/>
                    <TextEquiv>
                        <Unicode>vient</Unicode>
                    </TextEquiv>
                    <TextStyle fontFamily="Arial" fontSize="8.0"/>
                </Word>
                <TextEquiv>
                    <Unicode>représentation, et on me dit que sa rentrée au théâtre n’est point encore déterminée par l’autorité ; que la difficulté, maintenant, vient</Unicode>
                </TextEquiv>
                <TextStyle fontFamily="Arial" fontSize="8.0"/>
            </TextLine>
            <TextLine id="tl_44" primaryLanguage="English" custom="readingOrder {index:4;}">
                <Coords points="308,2707 2278,2707 2278,2743 308,2743"/>
                <Baseline points="308,2734 344,2734 383,2734 392,2721 439,2734 481,2734 640,2738 695,2734 738,2734 807,2734 866,2734 984,2734 1108,2738 1157,2734 1262,2734 1288,2734 1443,2734 1490,2734 1608,2734 1643,2734 1817,2734 1872,2734 1954,2734 2063,2734 2127,2734 2253,2734 2278,2734"/>
                <Word id="w_w2aab1b3b4c23b9ab1" language="English" custom="readingOrder {index:0;}">
                    <Coords points="308,2707 344,2707 344,2734 308,2734"/>
                    <TextEquiv>
                        <Unicode>de</Unicode>
                    </TextEquiv>
                    <TextStyle fontFamily="Arial" fontSize="8.0"/>
                </Word>
                <Word id="w_w2aab1b3b4c23b9ab7" language="English" custom="readingOrder {index:1;}">
                    <Coords points="357,2710 383,2710 383,2734 357,2734"/>
                    <TextEquiv>
                        <Unicode>M</Unicode>
                    </TextEquiv>
                    <TextStyle fontFamily="Arial" fontSize="8.0"/>
                </Word>
                <Word id="w_w2aab1b3b4c23b9b1b1" language="English" custom="readingOrder {index:2;}">
                    <Coords points="387,2711 392,2711 392,2721 387,2721"/>
                    <TextEquiv>
                        <Unicode>r</Unicode>
                    </TextEquiv>
                    <TextStyle fontFamily="Arial" fontSize="8.0" superscript="true"/>
                </Word>
                <Word id="w_w2aab1b3b4c23b9b2b3" language="English" custom="readingOrder {index:3;}">
                    <Coords points="403,2707 439,2707 439,2734 403,2734"/>
                    <TextEquiv>
                        <Unicode>de</Unicode>
                    </TextEquiv>
                    <TextStyle fontFamily="Arial" fontSize="8.0"/>
                </Word>
                <Word id="w_w2aab1b3b4c23b9b2b9" language="English" custom="readingOrder {index:4;}">
                    <Coords points="452,2710 481,2710 481,2734 452,2734"/>
                    <TextEquiv>
                        <Unicode>La</Unicode>
                    </TextEquiv>
                    <TextStyle fontFamily="Arial" fontSize="8.0"/>
                </Word>
                <Word id="w_w2aab1b3b4c23b9b2c15" language="English" custom="readingOrder {index:5;}">
                    <Coords points="495,2707 640,2707 640,2738 495,2738"/>
                    <TextEquiv>
                        <Unicode>Bouillerie,</Unicode>
                    </TextEquiv>
                    <TextStyle fontFamily="Arial" fontSize="8.0"/>
                </Word>
                <Word id="w_w2aab1b3b4c23b9b2c39" language="English" custom="readingOrder {index:6;}">
                    <Coords points="653,2710 695,2710 695,2743 653,2743"/>
                    <TextEquiv>
                        <Unicode>qui</Unicode>
                    </TextEquiv>
                    <TextStyle fontFamily="Arial" fontSize="8.0"/>
                </Word>
                <Word id="w_w2aab1b3b4c23b9b2c47" language="English" custom="readingOrder {index:7;}">
                    <Coords points="709,2716 738,2716 738,2734 709,2734"/>
                    <TextEquiv>
                        <Unicode>se</Unicode>
                    </TextEquiv>
                    <TextStyle fontFamily="Arial" fontSize="8.0"/>
                </Word>
                <Word id="w_w2aab1b3b4c23b9b2c53" language="English" custom="readingOrder {index:8;}">
                    <Coords points="751,2707 839,2707 839,2734 751,2734"/>
                    <TextEquiv>
                        <Unicode>refuse</Unicode>
                    </TextEquiv>
                    <TextStyle fontFamily="Arial" fontSize="8.0"/>
                </Word>
                <Word id="w_w2aab1b3b4c23b9b3b1" language="English" custom="readingOrder {index:9;}">
                    <Coords points="852,2707 866,2707 866,2734 852,2734"/>
                    <TextEquiv>
                        <Unicode>à</Unicode>
                    </TextEquiv>
                    <TextStyle fontFamily="Arial" fontSize="6.0"/>
                </Word>
                <Word id="w_w2aab1b3b4c23b9b4b1" language="English" custom="readingOrder {index:10;}">
                    <Coords points="878,2707 984,2707 984,2734 878,2734"/>
                    <TextEquiv>
                        <Unicode>donner</Unicode>
                    </TextEquiv>
                    <TextStyle fontFamily="Arial" fontSize="8.0"/>
                </Word>
                <Word id="w_w2aab1b3b4c23b9b4c15" language="English" custom="readingOrder {index:11;}">
                    <Coords points="997,2707 1108,2707 1108,2742 997,2742"/>
                    <TextEquiv>
                        <Unicode>l’argent,</Unicode>
                    </TextEquiv>
                    <TextStyle fontFamily="Arial" fontSize="8.0"/>
                </Word>
                <Word id="w_w2aab1b3b4c23b9b4c35" language="English" custom="readingOrder {index:12;}">
                    <Coords points="1121,2717 1157,2717 1157,2734 1121,2734"/>
                    <TextEquiv>
                        <Unicode>ou</Unicode>
                    </TextEquiv>
                    <TextStyle fontFamily="Arial" fontSize="8.0"/>
                </Word>
                <Word id="w_w2aab1b3b4c23b9b4c41" language="English" custom="readingOrder {index:13;}">
                    <Coords points="1171,2707 1262,2707 1262,2743 1171,2743"/>
                    <TextEquiv>
                        <Unicode>plutôt</Unicode>
                    </TextEquiv>
                    <TextStyle fontFamily="Arial" fontSize="8.0"/>
                </Word>
                <Word id="w_w2aab1b3b4c23b9b4c55" language="English" custom="readingOrder {index:14;}">
                    <Coords points="1274,2710 1288,2710 1288,2734 1274,2734"/>
                    <TextEquiv>
                        <Unicode>à</Unicode>
                    </TextEquiv>
                    <TextStyle fontFamily="Arial" fontSize="8.0"/>
                </Word>
                <Word id="w_w2aab1b3b4c23b9b4c59" language="English" custom="readingOrder {index:15;}">
                    <Coords points="1300,2710 1443,2710 1443,2734 1300,2734"/>
                    <TextEquiv>
                        <Unicode>continuer</Unicode>
                    </TextEquiv>
                    <TextStyle fontFamily="Arial" fontSize="8.0"/>
                </Word>
                <Word id="w_w2aab1b3b4c23b9b4c79" language="English" custom="readingOrder {index:16;}">
                    <Coords points="1455,2707 1490,2707 1490,2734 1455,2734"/>
                    <TextEquiv>
                        <Unicode>de</Unicode>
                    </TextEquiv>
                    <TextStyle fontFamily="Arial" fontSize="8.0"/>
                </Word>
                <Word id="w_w2aab1b3b4c23b9b4c85" language="English" custom="readingOrder {index:17;}">
                    <Coords points="1502,2707 1608,2707 1608,2734 1502,2734"/>
                    <TextEquiv>
                        <Unicode>donner</Unicode>
                    </TextEquiv>
                    <TextStyle fontFamily="Arial" fontSize="8.0"/>
                </Word>
                <Word id="w_w2aab1b3b4c23b9b4c99" language="English" custom="readingOrder {index:18;}">
                    <Coords points="1621,2707 1643,2707 1643,2734 1621,2734"/>
                    <TextEquiv>
                        <Unicode>la</Unicode>
                    </TextEquiv>
                    <TextStyle fontFamily="Arial" fontSize="8.0"/>
                </Word>
                <Word id="w_w2aab1b3b4c23b9b4d105" language="English" custom="readingOrder {index:19;}">
                    <Coords points="1656,2707 1817,2707 1817,2734 1656,2734"/>
                    <TextEquiv>
                        <Unicode>subvention</Unicode>
                    </TextEquiv>
                    <TextStyle fontFamily="Arial" fontSize="8.0"/>
                </Word>
                <Word id="w_w2aab1b3b4c23b9b4d127" language="English" custom="readingOrder {index:20;}">
                    <Coords points="1830,2710 1872,2710 1872,2743 1830,2743"/>
                    <TextEquiv>
                        <Unicode>qui</Unicode>
                    </TextEquiv>
                    <TextStyle fontFamily="Arial" fontSize="8.0"/>
                </Word>
                <Word id="w_w2aab1b3b4c23b9b4d135" language="English" custom="readingOrder {index:21;}">
                    <Coords points="1886,2710 1954,2710 1954,2734 1886,2734"/>
                    <TextEquiv>
                        <Unicode>était</Unicode>
                    </TextEquiv>
                    <TextStyle fontFamily="Arial" fontSize="8.0"/>
                </Word>
                <Word id="w_w2aab1b3b4c23b9b4d147" language="English" custom="readingOrder {index:22;}">
                    <Coords points="1965,2707 2100,2707 2100,2734 1965,2734"/>
                    <TextEquiv>
                        <Unicode>accordée</Unicode>
                    </TextEquiv>
                    <TextStyle fontFamily="Arial" fontSize="8.0"/>
                </Word>
                <Word id="w_w2aab1b3b4c23b9b5b1" language="English" custom="readingOrder {index:23;}">
                    <Coords points="2113,2710 2127,2710 2127,2734 2113,2734"/>
                    <TextEquiv>
                        <Unicode>à</Unicode>
                    </TextEquiv>
                    <TextStyle fontFamily="Arial" fontSize="6.0"/>
                </Word>
                <Word id="w_w2aab1b3b4c23b9b6b1" language="English" custom="readingOrder {index:24;}">
                    <Coords points="2139,2707 2253,2707 2253,2734 2139,2734"/>
                    <TextEquiv>
                        <Unicode>Armand</Unicode>
                    </TextEquiv>
                    <TextStyle fontFamily="Arial" fontSize="8.0"/>
                </Word>
                <Word id="w_w2aab1b3b4c23b9b6c15" language="English" custom="readingOrder {index:25;}">
                    <Coords points="2267,2708 2278,2708 2278,2734 2267,2734"/>
                    <TextEquiv>
                        <Unicode>?</Unicode>
                    </TextEquiv>
                    <TextStyle fontFamily="Arial" fontSize="8.0"/>
                </Word>
                <TextEquiv>
                    <Unicode>de Mr de La Bouillerie, qui se refuse à donner l’argent, ou plutôt à continuer de donner la subvention qui était accordée à Armand ?</Unicode>
                </TextEquiv>
            </TextLine>
            <TextLine id="tl_45" primaryLanguage="English" custom="readingOrder {index:5;}">
                <Coords points="309,2750 2278,2750 2278,2786 309,2786"/>
                <Baseline points="309,2778 472,2778 544,2778 728,2778 776,2777 845,2777 904,2778 1063,2782 1192,2778 1253,2777 1360,2778 1403,2778 1513,2778 1645,2778 1727,2778 1765,2778 1887,2778 2028,2778 2112,2777 2150,2778 2278,2778"/>
                <Word id="w_w2aab1b3b4c23c11ab1" language="English" custom="readingOrder {index:0;}">
                    <Coords points="309,2751 472,2751 472,2786 309,2786"/>
                    <TextEquiv>
                        <Unicode>Cependant</Unicode>
                    </TextEquiv>
                    <TextStyle fontFamily="Arial" fontSize="8.0"/>
                </Word>
                <Word id="w_w2aab1b3b4c23c11ac21" language="English" custom="readingOrder {index:1;}">
                    <Coords points="486,2751 544,2751 544,2778 486,2778"/>
                    <TextEquiv>
                        <Unicode>cela</Unicode>
                    </TextEquiv>
                    <TextStyle fontFamily="Arial" fontSize="8.0"/>
                </Word>
                <Word id="w_w2aab1b3b4c23c11ac31" language="English" custom="readingOrder {index:2;}">
                    <Coords points="560,2750 728,2750 728,2786 560,2786"/>
                    <TextEquiv>
                        <Unicode>n’augmente</Unicode>
                    </TextEquiv>
                    <TextStyle fontFamily="Arial" fontSize="8.0"/>
                </Word>
                <Word id="w_w2aab1b3b4c23c11ac53" language="English" custom="readingOrder {index:3;}">
                    <Coords points="742,2760 776,2760 776,2778 742,2778"/>
                    <TextEquiv>
                        <Unicode>en</Unicode>
                    </TextEquiv>
                    <TextStyle fontFamily="Arial" fontSize="8.0"/>
                </Word>
                <Word id="w_w2aab1b3b4c23c11ac59" language="English" custom="readingOrder {index:4;}">
                    <Coords points="793,2753 845,2753 845,2778 793,2778"/>
                    <TextEquiv>
                        <Unicode>rien</Unicode>
                    </TextEquiv>
                    <TextStyle fontFamily="Arial" fontSize="8.0"/>
                </Word>
                <Word id="w_w2aab1b3b4c23c11ac69" language="English" custom="readingOrder {index:5;}">
                    <Coords points="861,2760 904,2760 904,2778 861,2778"/>
                    <TextEquiv>
                        <Unicode>ses</Unicode>
                    </TextEquiv>
                    <TextStyle fontFamily="Arial" fontSize="8.0"/>
                </Word>
                <Word id="w_w2aab1b3b4c23c11ac77" language="English" custom="readingOrder {index:6;}">
                    <Coords points="919,2751 1063,2751 1063,2786 919,2786"/>
                    <TextEquiv>
                        <Unicode>dépenses,</Unicode>
                    </TextEquiv>
                    <TextStyle fontFamily="Arial" fontSize="8.0"/>
                </Word>
                <Word id="w_w2aab1b3b4c23c11ac97" language="English" custom="readingOrder {index:7;}">
                    <Coords points="1079,2753 1192,2753 1192,2786 1079,2786"/>
                    <TextEquiv>
                        <Unicode>puisque</Unicode>
                    </TextEquiv>
                    <TextStyle fontFamily="Arial" fontSize="8.0"/>
                </Word>
                <Word id="w_w2aab1b3b4c23c11ad113" language="English" custom="readingOrder {index:8;}">
                    <Coords points="1207,2756 1253,2756 1253,2778 1207,2778"/>
                    <TextEquiv>
                        <Unicode>cet</Unicode>
                    </TextEquiv>
                    <TextStyle fontFamily="Arial" fontSize="8.0"/>
                </Word>
                <Word id="w_w2aab1b3b4c23c11ad121" language="English" custom="readingOrder {index:9;}">
                    <Coords points="1267,2756 1360,2756 1360,2786 1267,2786"/>
                    <TextEquiv>
                        <Unicode>argent</Unicode>
                    </TextEquiv>
                    <TextStyle fontFamily="Arial" fontSize="8.0"/>
                </Word>
                <Word id="w_w2aab1b3b4c23c11ad135" language="English" custom="readingOrder {index:10;}">
                    <Coords points="1374,2760 1403,2760 1403,2778 1374,2778"/>
                    <TextEquiv>
                        <Unicode>se</Unicode>
                    </TextEquiv>
                    <TextStyle fontFamily="Arial" fontSize="8.0"/>
                </Word>
                <Word id="w_w2aab1b3b4c23c11ad141" language="English" custom="readingOrder {index:11;}">
                    <Coords points="1417,2756 1513,2756 1513,2778 1417,2778"/>
                    <TextEquiv>
                        <Unicode>trouve</Unicode>
                    </TextEquiv>
                    <TextStyle fontFamily="Arial" fontSize="8.0"/>
                </Word>
                <Word id="w_w2aab1b3b4c23c11ad155" language="English" custom="readingOrder {index:12;}">
                    <Coords points="1528,2753 1645,2753 1645,2786 1528,2786"/>
                    <TextEquiv>
                        <Unicode>compris</Unicode>
                    </TextEquiv>
                    <TextStyle fontFamily="Arial" fontSize="8.0"/>
                </Word>
                <Word id="w_w2aab1b3b4c23c11ad171" language="English" custom="readingOrder {index:13;}">
                    <Coords points="1660,2750 1727,2750 1727,2778 1660,2778"/>
                    <TextEquiv>
                        <Unicode>dans</Unicode>
                    </TextEquiv>
                    <TextStyle fontFamily="Arial" fontSize="8.0"/>
                </Word>
                <Word id="w_w2aab1b3b4c23c11ad181" language="English" custom="readingOrder {index:14;}">
                    <Coords points="1743,2751 1765,2751 1765,2778 1743,2778"/>
                    <TextEquiv>
                        <Unicode>la</Unicode>
                    </TextEquiv>
                    <TextStyle fontFamily="Arial" fontSize="8.0"/>
                </Word>
                <Word id="w_w2aab1b3b4c23c11ad187" language="English" custom="readingOrder {index:15;}">
                    <Coords points="1780,2760 1887,2760 1887,2778 1780,2778"/>
                    <TextEquiv>
                        <Unicode>somme</Unicode>
                    </TextEquiv>
                    <TextStyle fontFamily="Arial" fontSize="8.0"/>
                </Word>
                <Word id="w_w2aab1b3b4c23c11ad199" language="English" custom="readingOrder {index:16;}">
                    <Coords points="1902,2751 2028,2751 2028,2778 1902,2778"/>
                    <TextEquiv>
                        <Unicode>destinée</Unicode>
                    </TextEquiv>
                    <TextStyle fontFamily="Arial" fontSize="8.0"/>
                </Word>
                <Word id="w_w2aab1b3b4c23c11ad217" language="English" custom="readingOrder {index:17;}">
                    <Coords points="2043,2760 2112,2760 2112,2786 2043,2786"/>
                    <TextEquiv>
                        <Unicode>pour</Unicode>
                    </TextEquiv>
                    <TextStyle fontFamily="Arial" fontSize="8.0"/>
                </Word>
                <Word id="w_w2aab1b3b4c23c11ad227" language="English" custom="readingOrder {index:18;}">
                    <Coords points="2127,2751 2150,2751 2150,2778 2127,2778"/>
                    <TextEquiv>
                        <Unicode>le</Unicode>
                    </TextEquiv>
                    <TextStyle fontFamily="Arial" fontSize="8.0"/>
                </Word>
                <Word id="w_w2aab1b3b4c23c11ad233" language="English" custom="readingOrder {index:19;}">
                    <Coords points="2164,2751 2278,2751 2278,2778 2164,2778"/>
                    <TextEquiv>
                        <Unicode>Théâtre</Unicode>
                    </TextEquiv>
                    <TextStyle fontFamily="Arial" fontSize="8.0"/>
                </Word>
                <TextEquiv>
                    <Unicode>Cependant cela n’augmente en rien ses dépenses, puisque cet argent se trouve compris dans la somme destinée pour le Théâtre</Unicode>
                </TextEquiv>
                <TextStyle fontFamily="Arial" fontSize="8.0"/>
            </TextLine>
            <TextLine id="tl_46" primaryLanguage="English" custom="readingOrder {index:6;}">
                <Coords points="310,2796 470,2796 470,2828 310,2828"/>
                <Baseline points="310,2821 425,2821 470,2821"/>
                <Word id="w_w2aab1b3b4c23c13ab1" language="English" custom="readingOrder {index:0;}">
                    <Coords points="310,2796 425,2796 425,2828 310,2828"/>
                    <TextEquiv>
                        <Unicode>Français</Unicode>
                    </TextEquiv>
                    <TextStyle fontFamily="Arial" fontSize="8.0"/>
                </Word>
                <Word id="w_w2aab1b3b4c23c13ac19" language="English" custom="readingOrder {index:1;}">
                    <Coords points="436,2804 470,2804 470,2821 436,2821"/>
                    <TextEquiv>
                        <Unicode>»...</Unicode>
                    </TextEquiv>
                    <TextStyle fontFamily="Arial" fontSize="8.0"/>
                </Word>
                <TextEquiv>
                    <Unicode>Français »...</Unicode>
                </TextEquiv>
                <TextStyle fontFamily="Arial" fontSize="8.0"/>
            </TextLine>
            <TextEquiv>
                <Unicode>Ce 14. « Mr de LA ROCHEFOUCAULD avait consenti à appuyer ma demande du complément des 12 000ff auprès de Mr de La Bouillerie.
Je n’ai entendu parler de rien, et je voudrais bien savoir à quoi m’en tenir »... - Elle voudrait jouer dimanche Misanthropie et Chacun
de son côté : « cela serait agréable aux auteurs de ces 2 ouvrages et utile à la Comédie ; mais Mr ARMAND m’est nécessaire pour cette
représentation, et on me dit que sa rentrée au théâtre n’est point encore déterminée par l’autorité ; que la difficulté, maintenant, vient
de Mr de La Bouillerie, qui se refuse à donner l’argent, ou plutôt à continuer de donner la subvention qui était accordée à Armand ?
Cependant cela n’augmente en rien ses dépenses, puisque cet argent se trouve compris dans la somme destinée pour le Théâtre
Français »...</Unicode>
            </TextEquiv>
        </TextRegion>
        <TextRegion type="paragraph" id="r_3_1" custom="readingOrder {index:14;}">
            <Coords points="130,3078 159,3078 159,3104 130,3104"/>
            <TextLine id="tl_47" primaryLanguage="English" custom="readingOrder {index:0;}">
                <Coords points="131,3079 158,3079 158,3103 131,3103"/>
                <Baseline points="131,3103 158,3103"/>
                <Word id="w_w2aab1b5b2b1b1ab1" language="English" custom="readingOrder {index:0;}">
                    <Coords points="131,3079 158,3079 158,3103 131,3103"/>
                    <TextEquiv>
                        <Unicode>16</Unicode>
                    </TextEquiv>
                    <TextStyle fontFamily="Arial" fontSize="7.5"/>
                </Word>
                <TextEquiv>
                    <Unicode>16</Unicode>
                </TextEquiv>
                <TextStyle fontFamily="Arial" fontSize="7.5"/>
            </TextLine>
            <TextEquiv>
                <Unicode>16</Unicode>
            </TextEquiv>
        </TextRegion>
    </Page>
</PcGts>
