2480 3188
309 237 450 262 Constant
461 237 634 266 COQUELIN
646 235 710 269 aîné
721 235 883 269 (1841-1909).
894 237 910 261 4
923 237 1007 265 L.A.S.,
1018 237 1160 262 1879-1886
1172 239 1201 261 et
1212 234 1256 261 s.d.
1269 244 1272 265 ;
1285 237 1300 261 6
1313 243 1394 270 pages
1406 240 1435 261 et
1446 234 1537 262 demie
1550 237 1611 265 in-8,
1625 234 1647 262 la
1659 237 1789 270 première
1801 237 1815 261 à
1827 243 1876 262 son
1888 234 1990 262 chiffre.

345 296 440 331 [Juillet
451 298 518 327 1879,
529 299 543 328 à
550 296 659 328 Juliette
670 297 761 331 Adam],
773 296 997 324 recommandant
1007 305 1057 323 son
1068 299 1118 323 ami
1131 298 1152 324 E.
1163 296 1252 327 Cahen,
1263 296 1397 324 directeur
1407 296 1442 328 du
1448 296 1559 328 Journal
1569 296 1616 323 des
1628 299 1742 323 Travaux
1750 296 1860 332 publics,
1872 306 1940 332 pour
1950 299 2008 324 être
2018 296 2121 324 décoré
2132 306 2136 323 :
2145 306 2160 319 «
2171 296 2184 323 il
2196 299 2279 323 aurait

308 344 355 369 été
367 344 479 369 nommé
490 351 523 369 en
535 344 568 368 77
579 341 614 369 s'il
627 342 717 369 n’avait
729 341 818 369 refusé
829 341 955 369 d’insérer
967 341 1004 369 les
1016 341 1137 369 discours
1150 341 1296 377 politiques
1308 342 1343 368 de
1356 344 1382 368 M
1386 346 1391 356 r
1403 344 1472 369 Paris.
1485 341 1555 369 C’est
1567 351 1600 369 un
1611 344 1666 369 très
1679 341 1801 369 honnête
1814 341 1932 371 homme,
1943 344 1998 369 très
2010 341 2119 369 dévoué
2130 347 2159 369 et
2169 344 2225 369 très
2236 344 2279 369 sûr

309 387 355 422 [...].
369 387 382 414 Il
394 396 408 414 a
420 390 466 414 été
479 386 574 422 parfait
586 396 654 422 pour
666 396 730 414 mon
741 386 810 414 frère
822 387 888 414 dans
900 396 933 414 un
946 392 1071 414 moment
1082 386 1192 414 difficile
1203 387 1237 422 »...
1247 387 1295 422 [20
1306 387 1421 414 octobre
1433 387 1513 422 1886],
1525 389 1539 414 à
1551 396 1603 414 une
1615 387 1702 414 dame.
1713 397 1727 409 «
1739 389 1838 414 Laissez
1850 396 1941 422 passer
1953 389 1979 414 M
1983 391 1988 401 r
1998 389 2093 422 Scapin
2105 392 2134 414 et
2145 396 2278 422 envoyez-

309 435 362 459 moi
376 437 453 459 votre
466 435 550 467 pièce,
562 435 587 467 je
600 432 706 467 préfère
719 432 741 459 la
755 432 798 459 lire
811 435 978 463 moi-même,
991 437 1020 459 et
1031 435 1056 467 je
1068 441 1135 459 vous
1148 437 1270 467 promets
1282 435 1399 459 aussitôt
1412 432 1454 459 lue
1466 441 1519 467 que
1530 432 1578 467 j’en
1592 432 1699 467 parlerai
1713 435 1727 459 à
1740 432 1889 459 Deslandes
1901 427 1935 459 »...
1947 427 1967 459 À
1981 432 2098 459 Frédéric
2111 432 2212 467 Mistral
2223 432 2278 467 (en¬

308 480 368 504 tête
380 477 492 504 Théâtre
502 477 585 504 Sarah
596 477 751 512 Bernhardt)
762 486 766 504 :
776 487 791 500 «
798 480 826 508 Je
838 477 881 504 n’ai
895 486 942 513 pas
953 486 986 504 eu
999 477 1021 504 la
1032 477 1136 504 chance
1147 477 1182 504 de
1193 486 1260 504 vous
1273 483 1427 504 rencontrer
1438 480 1452 504 à
1464 480 1528 504 Paris
1540 480 1604 504 mais
1613 480 1639 512 je
1650 480 1702 504 suis
1714 486 1778 504 avec
1789 486 1856 504 ceux
1867 480 1910 512 qui
1922 486 1989 504 vous
2000 477 2133 504 admirent
2145 477 2168 504 le
2180 477 2238 512 plus
2250 482 2279 504 et

309 525 448 558 peut-être
462 522 485 550 le
497 525 584 549 mieux
595 532 609 545 »
620 532 624 553 ;
637 522 650 549 il
664 522 687 550 le
699 525 754 558 prie
766 522 801 550 de
814 522 1019 550 recommander
1030 532 1079 550 aux
1092 522 1259 558 professeurs
1271 522 1306 550 de
1319 522 1341 550 la
1352 522 1454 550 faculté
1466 522 1515 550 des
1528 522 1621 550 lettres
1633 522 1700 550 d’Aix
1713 522 1737 550 le
1747 525 1827 557 jeune
1840 522 1954 550 Ludovic
1967 522 2069 550 Lorciali
2082 525 2124 558 qui
2138 532 2217 558 passe
2228 532 2278 550 son

309 567 517 595 baccalauréat...
529 570 572 595 On
581 577 647 598 joint
658 570 673 595 6
686 570 763 595 L.A.S.
775 568 810 595 de
823 568 845 595 la
857 573 973 603 voyante
985 570 1060 595 Anne
1072 568 1107 595 de
1117 570 1202 595 Thèbes
1213 570 1227 595 à
1239 568 1378 603 Coquelin.

308 710 450 735 Constant
461 710 633 740 COQUELIN
644 709 715 735 aîné.
726 710 758 735 38
770 710 854 738 L.A.S.,
865 710 1012 735 1888-1900
1023 713 1053 735 et
1063 707 1115 737 s.d.,
1126 710 1140 735 à
1151 710 1285 735 Victorien
1297 710 1394 735 Sardou
1406 710 1409 738 ;
1421 710 1457 735 80
1469 717 1551 743 pages
1561 707 1674 735 formats
1686 707 1779 738 divers,
1790 717 1839 743 qqs
1851 710 1973 735 en-têtes
1985 707 2098 735 Théâtre
2108 707 2142 735 de
2153 707 2178 735 la
2189 710 2278 735 Porte-

308 755 504 780 Saint-Martin.
2107 755 2278 780 1.200/1.500

345 817 505 842 Intéressante
515 824 728 842 correspondance
739 824 769 842 du
780 819 900 842 comédien
911 819 925 842 à
936 814 1042 842 l’auteur
1052 817 1079 842 de
1091 817 1234 842 Thermidor.

344 860 488 887 New-York
504 862 527 887 13
542 860 657 887 octobre
674 862 744 887 1888.
762 862 927 895 Importante
944 860 1023 887 lettre
1039 860 1178 887 déclarant
1193 869 1221 887 sa
1237 860 1359 887 décision
1376 860 1411 887 de
1427 869 1461 887 ne
1477 869 1524 895 pas
1541 865 1640 887 rentrer
1655 863 1670 887 à
1687 860 1709 887 la
1724 860 1858 887 Comédie
1875 862 2014 894 Française.
2030 860 2162 895 Coquelin
2180 860 2212 887 lie
2228 869 2278 887 son

309 908 483 940 acceptation
497 905 546 932 des
561 908 747 940 propositions
761 905 796 932 de
811 905 833 932 la
848 907 1131 936 Porte-Saint-Martin,
1145 908 1159 932 à
1174 905 1196 932 la
1210 905 1360 940 possibilité
1374 905 1499 941 qu’aurait
1512 905 1614 932 Sardou
1628 905 1737 932 d’écrire
1751 914 1800 932 son
1815 905 1907 932 drame
1920 908 1990 932 situé
2004 914 2068 932 sous
2083 905 2105 932 la
2117 908 2223 932 Terreur
2236 914 2239 932 :
2255 905 2278 932 le

309 950 366 977 rôle
378 950 448 977 dont
460 950 488 977 ils
500 955 550 977 ont
562 950 634 986 parlé
645 960 659 973 «
671 955 738 986 peut
749 953 806 977 être
819 950 987 986 magnifique,
999 955 1028 977 et
1039 959 1072 977 en
1086 950 1219 977 l’écrivant
1231 959 1299 986 pour
1311 953 1372 981 moi,
1384 959 1451 977 vous
1462 959 1551 977 verrez
1564 950 1624 977 bien
1636 959 1668 977 ce
1679 959 1733 986 que
1743 953 1768 985 je
1781 953 1883 986 pourrai
1896 959 1963 977 vous
1974 960 1990 985 y
2001 955 2131 986 apporter
2142 953 2176 977 »...
2187 953 2279 977 Nîmes

311 998 335 1022 14
348 998 402 1023 mai
412 996 505 1030 [1897],
519 1005 561 1023 sur
575 995 597 1023 la
609 998 726 1023 tournée
739 998 753 1023 à
767 995 910 1026 Bordeaux,
923 995 1064 1025 Toulouse,
1078 995 1254 1031 Montpellier
1266 995 1301 1023 de
1316 995 1475 1026 Thermidor,
1489 1001 1518 1023 et
1531 995 1674 1023 réflexions
1688 1005 1756 1031 pour
1769 995 1818 1023 des
1832 998 2062 1031 représentations
2074 995 2199 1023 futures...
2212 998 2279 1023 Paris

310 1043 334 1068 12
346 1041 461 1068 octobre
474 1043 540 1072 1897,
552 1044 567 1068 à
579 1050 682 1076 propos
694 1041 773 1068 d’une
786 1043 884 1076 reprise
896 1041 931 1068 de
944 1040 1099 1068 Thermidor
1110 1044 1187 1076 après
1201 1041 1223 1068 la
1236 1043 1314 1076 pièce
1326 1041 1361 1068 de
1375 1040 1535 1071 Déroulède,
1548 1046 1577 1068 et
1589 1050 1617 1068 sa
1629 1040 1743 1068 volonté
1756 1041 1791 1068 de
1803 1041 1884 1068 doter
1897 1041 1919 1068 la
1933 1043 2009 1068 Porte
2021 1043 2205 1068 Saint-Martin
2218 1041 2278 1068 d'un

309 1089 457 1121 répertoire
471 1095 581 1113 comme
596 1086 619 1113 le
632 1086 681 1113 fait
694 1086 771 1113 Sarah
787 1088 943 1113 Bernhardt...
955 1088 989 1113 24
1002 1089 1072 1113 août
1085 1088 1158 1117 1900,
1173 1086 1187 1113 il
1200 1086 1303 1113 félicite
1316 1086 1418 1113 Sardou
1432 1095 1474 1113 sur
1487 1095 1516 1113 sa
1530 1089 1688 1121 promotion
1702 1086 1768 1113 dans
1784 1086 1806 1113 la
1820 1089 1915 1121 Légion
1930 1086 2080 1113 d’honneur
2093 1091 2122 1113 et
2137 1086 2160 1113 le
2175 1089 2230 1122 prie
2243 1086 2278 1113 de

308 1131 372 1158 faire
383 1134 468 1167 partie
479 1131 514 1158 du
525 1134 628 1158 comité
638 1131 673 1158 de
685 1136 832 1167 patronage
842 1131 921 1158 d’une
931 1134 1093 1167 exposition,
1104 1131 1171 1158 chez
1182 1134 1254 1162 Petit,
1264 1131 1300 1158 de
1311 1134 1436 1167 portraits
1447 1131 1496 1158 des
1506 1134 1613 1158 artistes
1623 1131 1804 1166 dramatiques
1815 1131 1850 1158 du
1861 1131 1950 1162 siècle,
1961 1140 2025 1158 avec
2036 1131 2157 1162 Claretie,
2169 1134 2278 1161 Bonnat,

308 1176 394 1207 Sarah,
410 1179 512 1212 Réjane,
529 1179 623 1207 Bartet,
638 1179 764 1204 Crânien..
780 1179 881 1204 Lettres
896 1176 931 1204 de
945 1179 1076 1204 tournées
1090 1179 1104 1203 à
1119 1179 1289 1207 Saint-Louis,
1304 1176 1510 1212 Copenhague...
1527 1179 1687 1212 Remarques
1702 1186 1744 1204 sur
1760 1176 1797 1204 les
1812 1179 1907 1204 succès
1922 1176 1957 1204 de
1971 1176 2073 1204 Sardou
2089 1179 2092 1203 :
2107 1179 2140 1203 La
2153 1179 2278 1206 Sorcière,

308 1222 458 1252 Flambeau,
473 1224 518 1249 Les
532 1224 659 1252 Heureux,
675 1222 816 1249 Théodora
831 1231 834 1251 ;
849 1231 892 1249 sur
907 1222 944 1249 les
959 1224 1147 1257 négociations
1161 1231 1226 1249 avec
1242 1221 1264 1249 la
1279 1224 1562 1253 Porte-Saint-Martin,
1577 1231 1611 1249 un
1627 1224 1731 1257 procès,
1744 1232 1758 1244 «
1774 1222 1797 1249 le
1812 1221 1870 1249 clan
1886 1222 2026 1257 hugolâtre
2040 1232 2060 1253 »,
2075 1222 2161 1249 divers
2177 1225 2278 1257 projets

309 1267 331 1302 («
343 1267 429 1294 allons
443 1276 474 1294 au
487 1267 575 1294 travail
589 1276 625 1294 ou
639 1276 671 1294 au
684 1267 796 1294 combat
808 1267 950 1294 ensemble
962 1267 1005 1302 »)...
1019 1269 1062 1294 On
1077 1272 1219 1294 rencontre
1232 1267 1264 1294 au
1277 1267 1303 1294 fil
1317 1267 1366 1294 des
1380 1267 1473 1294 lettres
1488 1267 1525 1294 les
1539 1276 1617 1294 noms
1630 1267 1665 1294 de
1679 1269 1876 1297 Mounet-Sully,
1890 1269 2001 1298 Claretie,
2016 1267 2073 1294 Paul
2088 1269 2198 1298 Meurice,
2208 1267 2278 1298 Jules

309 1315 424 1343 Lemaître,
437 1315 578 1343 Déroulède,
591 1315 668 1343 Porel,
681 1315 827 1343 Duquesnel,
839 1314 1001 1342 Clemenceau,
1014 1315 1130 1343 Rostand,
1142 1314 1235 1343 Ohnet,
1248 1315 1416 1343 Porto-Riche,
1429 1315 1514 1342 Brieux,
1526 1317 1578 1339 etc.

344 1360 387 1385 On
397 1360 462 1387 joint
473 1360 488 1384 8
501 1360 578 1385 L.A.S.
590 1357 626 1385 de
637 1360 761 1388 Coquelin
773 1360 857 1388 Cadet,
869 1363 898 1385 et
910 1367 962 1385 une
974 1357 1009 1385 de
1022 1357 1077 1385 leur
1087 1357 1156 1385 frère
1168 1360 1286 1385 Gustave
1298 1357 1437 1393 Coquelin,
1449 1360 1463 1384 à
1474 1360 1497 1384 V.
1509 1357 1618 1385 Sardou.

1100 1426 1299 1462 Reproduction
1309 1435 1381 1462 page
1391 1429 1522 1453 ci-contre

309 1568 450 1593 Constant
460 1568 633 1598 COQUELIN
644 1568 715 1593 aîné.
726 1568 756 1593 32
768 1566 861 1593 lettres
872 1575 908 1593 ou
920 1569 1018 1601 pièces,
1031 1566 1053 1593 la
1065 1566 1172 1601 plupart
1183 1568 1260 1593 L.A.S.
1271 1566 1294 1601 (3
1306 1566 1503 1601 incomplètes),
1514 1568 1657 1593 1897-1908
1668 1571 1697 1593 et
1707 1566 1759 1597 s.d.,
1770 1569 1784 1593 à
1795 1566 1881 1593 divers
1892 1575 1896 1597 ;
1907 1569 2017 1593 environ
2029 1568 2061 1593 65
2073 1575 2154 1601 pages
2164 1566 2278 1593 formats

308 1611 401 1642 divers,
413 1620 463 1647 qqs
474 1613 604 1638 en-têtes.
2121 1613 2278 1638 800/1.000

344 1656 588 1692 Correspondance
598 1659 612 1684 à
621 1666 655 1684 ses
664 1659 730 1684 amies
739 1656 814 1684 Aline
823 1657 915 1691 (suivie
925 1656 1003 1684 d'une
1014 1656 1093 1684 lettre
1103 1656 1138 1684 de
1148 1666 1197 1684 son
1207 1656 1247 1684 fils
1254 1657 1333 1691 Jean),
1343 1656 1418 1691 Anne
1428 1656 1460 1691 (2)
1470 1662 1499 1684 et
1508 1656 1601 1691 Céline
1610 1657 1641 1691 (4,
1650 1667 1664 1679 «
1674 1666 1716 1683 ma
1726 1656 1807 1684 chère
1817 1659 1904 1692 petite
1914 1656 2109 1692 Coquelinette
2118 1657 2140 1691 »)
2150 1659 2154 1687 ;
2163 1659 2178 1684 à
2187 1659 2279 1684 Astruc

308 1702 407 1737 (renvoi
419 1702 478 1729 d’un
490 1705 635 1729 manuscrit
645 1711 687 1729 sur
698 1702 870 1737 Beethoven),
881 1704 985 1729 Gaston
996 1702 1117 1737 Calmette
1126 1702 1149 1737 («
1158 1704 1229 1729 Vous
1239 1704 1299 1729 êtes
1310 1711 1343 1729 un
1354 1704 1404 1729 ami
1416 1704 1528 1737 exquis...
1538 1702 1567 1737 »),
1578 1702 1670 1729 Albert
1680 1704 1762 1733 Carré,
1774 1704 1843 1729 Léon
1854 1704 1981 1729 Carvalho
1990 1702 2014 1737 (à
2025 1711 2127 1737 propos
2137 1701 2277 1729 d’Antonin

309 1749 401 1774 Proust
414 1752 443 1774 et
455 1747 491 1774 de
506 1747 528 1774 la
541 1747 642 1782 dignité
656 1747 691 1774 du
705 1747 867 1782 comédien),
882 1747 1000 1774 Frédéric
1014 1749 1098 1778 Febvre,
1112 1756 1144 1774 au
1159 1749 1191 1774 Dr
1204 1749 1287 1778 Schiff,
1300 1756 1332 1774 au
1347 1747 1439 1782 syndic
1452 1747 1501 1774 des
1515 1752 1609 1782 agents
1623 1747 1658 1774 de
1671 1747 1782 1782 change,
1795 1750 1810 1774 à
1824 1756 1857 1774 un
1872 1747 1971 1774 illustre
1984 1747 2034 1782 ami
2049 1747 2072 1782 (à
2087 1747 2228 1774 l’occasion
2242 1747 2277 1774 du

309 1794 343 1819 50
345 1796 354 1807 e
368 1795 543 1819 anniversaire
558 1792 593 1819 de
608 1801 657 1819 son
672 1795 768 1819 entrée
782 1801 814 1819 au
831 1792 1002 1828 Burgtheater
1016 1792 1052 1819 de
1066 1793 1182 1827 Vienne),
1197 1795 1212 1819 à
1227 1801 1260 1819 un
1276 1792 1418 1819 rédacteur
1432 1792 1467 1819 du
1482 1795 1572 1828 Figaro
1587 1792 1735 1828 (évoquant
1750 1795 1838 1819 Emma
1852 1792 1949 1827 Calvé),
1964 1795 1979 1819 à
1994 1801 2027 1819 un
2043 1792 2185 1823 Président,
2200 1792 2214 1819 à
2229 1792 2278 1819 des

308 1840 394 1865 amis...

344 1885 397 1910 Son
410 1892 566 1910 engagement
576 1892 665 1910 comme
676 1892 838 1910 pensionnaire
849 1892 876 1910 de
887 1892 912 1910 la
923 1885 1032 1910 Comédie
1044 1885 1173 1915 Française,
1184 1885 1258 1918 signé
1270 1885 1337 1910 aussi
1351 1892 1397 1918 par
1409 1882 1449 1910 Ld.
1460 1883 1569 1918 Thierry,
1581 1885 1596 1910 8
1607 1882 1692 1918 juillet
1702 1885 1766 1910 1861.

345 1931 496 1955 MANUSCRITS
508 1928 690 1963 autographes
702 1928 706 1955 J
718 1928 840 1955 discours
852 1937 888 1955 ou
901 1928 993 1955 article
1006 1937 1048 1955 sur
1061 1928 1084 1955 le
1097 1928 1228 1955 Paradoxe
1240 1928 1275 1955 du
1288 1928 1434 1955 comédien
1446 1928 1482 1955 de
1495 1930 1597 1955 DIDEROT
1607 1928 1611 1959 J
1624 1928 1745 1955 discours
1758 1937 1826 1963 pour
1839 1928 2037 1963 l’inauguration
2050 1928 2128 1955 d'une
2141 1933 2231 1955 statue
2243 1928 2278 1955 de

309 1973 423 2000 Molière
436 1982 440 2004 ;
454 1976 550 2008 poésie
563 1982 566 2004 ;
581 1982 749 2008 programme
762 1973 798 2000 de
812 1973 1010 2009 l’inauguration
1024 1973 1059 2000 du
1072 1973 1179 2000 théâtre
1192 1973 1228 2000 de
1242 1973 1264 2000 la
1278 1976 1381 2000 maison
1394 1973 1430 2000 de
1444 1976 1550 2000 retraite
1563 1973 1612 2000 des
1625 1973 1785 2000 comédiens
1798 1982 1830 2000 au
1845 1976 2087 2000 Pont-aux-Dames
2100 1983 2104 2004 ;
2119 1978 2185 2000 note
2198 1982 2241 2000 sur
2255 1973 2278 2000 le

307 2018 415 2045 théâtre
426 2018 462 2046 de
475 2018 591 2046 l’Odéon
603 2028 607 2048 ;
620 2024 700 2046 notes
712 2018 851 2046 diverses...

344 2066 387 2093 On
397 2066 462 2093 joint
472 2066 488 2091 6
499 2069 588 2091 cartes
599 2067 613 2091 à
626 2063 658 2091 lui
670 2063 811 2091 adressées
823 2073 859 2091 ou
871 2066 885 2091 à
897 2073 946 2091 son
959 2073 1023 2091 nom
1035 2063 1113 2098 (dont
1125 2073 1158 2091 un
1172 2064 1371 2099 laissez-passer
1382 2064 1416 2091 du
1429 2069 1645 2099 gouvernement
1656 2063 1691 2091 de
1704 2063 1726 2091 la
1738 2063 1856 2091 Défense
1869 2063 2014 2099 nationale)
2026 2073 2030 2094 ;
2041 2073 2091 2099 qqs
2104 2064 2197 2091 lettres
2209 2063 2279 2091 dont

309 2118 361 2136 une
373 2109 408 2136 de
421 2112 538 2136 Maurice
551 2112 659 2140 Richard,
672 2112 789 2136 ministre
801 2109 850 2136 des
863 2111 1027 2139 Beaux-Arts,
1039 2114 1068 2136 et
1080 2118 1113 2136 un
1127 2108 1219 2136 brevet
1230 2114 1259 2136 et
1270 2109 1356 2136 divers
1368 2109 1430 2136 doc.
1443 2109 1541 2136 relatifs
1553 2111 1568 2136 à
1581 2109 1680 2136 l’Ordre
1692 2109 1727 2136 du
1741 2112 1888 2136 Dannebrog
1900 2109 1997 2144 auquel
2011 2109 2024 2136 il
2037 2114 2080 2136 est
2092 2112 2209 2136 nommé.
2223 2109 2278 2136 Plus

308 2156 323 2181 2
336 2156 412 2181 L.A.S.
425 2154 460 2181 de
471 2156 595 2184 Coquelin
607 2156 692 2185 Cadet,
703 2156 718 2181 2
730 2154 765 2181 de
773 2157 836 2185 Jean
848 2154 987 2190 Coquelin,
1000 2159 1029 2181 et
1040 2156 1055 2181 9
1067 2159 1155 2181 cartes
1167 2163 1203 2181 ou
1216 2154 1430 2189 photographies
1443 2154 1466 2181 le
1479 2157 1673 2189 représentant.

1100 2223 1299 2258 Reproduction
1309 2232 1380 2258 page
1391 2226 1522 2250 ci-contre

309 2365 450 2390 Constant
461 2365 634 2395 COQUELIN
647 2364 717 2390 aîné.
729 2365 753 2390 71
768 2365 852 2393 L.A.S.,
864 2365 1011 2394 1898-1907,
1023 2365 1037 2390 à
1050 2365 1133 2390 Marie
1144 2365 1217 2390 Cazin
1230 2365 1233 2393 ;
1245 2365 1292 2390 104
1305 2372 1386 2398 pages
1398 2362 1511 2390 formats
1523 2362 1609 2390 divers
1622 2363 1700 2397 (dont
1710 2365 1726 2389 7
1737 2368 1825 2390 cartes
1838 2363 1976 2398 postales),
1989 2363 2136 2390 nombreux
2149 2365 2278 2394 en-têtes,

308 2408 431 2435 adresses
443 2413 472 2435 et
483 2408 660 2443 enveloppes.
2097 2410 2278 2435 1.500/2.000

345 2472 488 2497 Importante
498 2479 711 2497 correspondance
721 2474 735 2497 à
747 2472 823 2497 Marie
834 2472 914 2501 Cazin,
926 2479 1012 2497 peintre
1023 2479 1047 2497 et
1056 2479 1180 2497 sculpteur
1190 2479 1257 2497 dont
1267 2472 1391 2500 Coquelin
1402 2479 1599 2497 collectionnait
1610 2479 1643 2497 les
1654 2479 1753 2497 œuvres.

342 2515 422 2550 [Paris
439 2518 455 2542 7
468 2515 533 2542 avril
551 2515 630 2550 1898],
650 2515 663 2542 Il
679 2515 789 2546 souffre,
807 2515 820 2542 il
838 2524 852 2542 a
870 2515 964 2542 besoin
982 2515 1017 2542 de
1034 2515 1153 2550 quelque
1170 2515 1256 2542 chose
1272 2515 1356 2546 d’elle,
1373 2524 1483 2542 comme
1501 2515 1524 2542 le
1541 2515 1621 2551 grand
1640 2515 1734 2551 pastel,
1751 2524 1793 2542 sur
1811 2515 1899 2550 lequel
1918 2515 1931 2542 il
1949 2515 2074 2542 souhaite
2092 2524 2144 2542 une
2160 2525 2174 2537 «
2192 2518 2278 2551 petite

310 2560 452 2587 réduction
466 2561 500 2595 »...
513 2560 642 2596 [Palinges
654 2562 687 2587 25
696 2560 785 2595 juillet
799 2561 868 2595 1901]
881 2569 884 2587 :
897 2570 912 2583 «
926 2560 996 2588 C’est
1011 2560 1034 2587 le
1048 2563 1135 2587 moins
1150 2570 1203 2596 que
1218 2560 1356 2596 Boulogne
1371 2563 1460 2596 puisse
1473 2560 1538 2587 faire
1551 2560 1587 2587 de
1601 2560 1706 2587 donner
1721 2560 1745 2587 le
1759 2569 1823 2587 nom
1838 2560 1873 2587 de
1884 2563 1900 2591 J.
1915 2560 2023 2587 Charles
2038 2563 2116 2587 Cazin
2130 2563 2144 2587 à
2159 2569 2211 2587 une
2226 2569 2278 2591 rue,

307 2605 418 2641 j’espère
430 2605 507 2641 qu'on
521 2605 543 2632 la
555 2605 668 2633 choisira
680 2605 748 2633 bien.
760 2608 804 2633 On
816 2605 918 2633 devrait
930 2605 1044 2641 prendre
1055 2605 1124 2633 celle
1136 2608 1172 2633 où
1184 2608 1252 2633 était
1265 2605 1287 2633 la
1299 2608 1402 2633 maison
1414 2605 1450 2633 de
1462 2615 1511 2633 son
1525 2608 1588 2641 père
1599 2606 1633 2640 »...
1644 2606 1686 2640 [10
1697 2606 1783 2640 août],
1796 2608 1944 2641 précisions
1956 2615 1998 2633 sur
2009 2615 2037 2633 sa
2048 2608 2165 2633 tournée
2177 2615 2181 2632 :
2193 2605 2278 2641 Vichy,

309 2654 385 2686 Lyon,
399 2646 480 2681 Évian,
493 2653 612 2681 Genève,
626 2653 696 2681 Paris,
711 2653 822 2686 Dieppe,
836 2650 1000 2686 Dunkerque,
1015 2650 1080 2682 Lille,
1094 2651 1253 2686 Boulogne...
1264 2651 1418 2686 [Saint-Prix
1430 2653 1447 2678 8
1457 2650 1628 2686 septembre],
1642 2650 1656 2678 il
1669 2660 1683 2678 a
1697 2654 1776 2686 passé
1789 2660 1822 2678 un
1834 2653 1893 2686 jour
1905 2656 1934 2678 et
1947 2660 1999 2678 une
2013 2653 2069 2678 nuit
2081 2651 2148 2678 chez
2162 2653 2278 2682 Rostand,

309 2699 374 2723 mais
385 2696 399 2723 il
411 2701 527 2731 regrette
538 2705 566 2723 sa
576 2699 696 2723 semaine
706 2699 720 2723 à
732 2696 846 2731 Equihen
858 2696 935 2731 [chez
945 2696 978 2723 ell
982 2696 1028 2731 é]...
1037 2696 1119 2731 [Lyon
1128 2698 1162 2723 24
1171 2696 1337 2731 septembre]
1345 2705 1373 2723 :«
1383 2699 1591 2731 Apportez-moi
1604 2696 1626 2723 la
1636 2696 1704 2723 fuite
1714 2705 1747 2723 en
1759 2691 1865 2731 Égypte.
1873 2696 1975 2731 J’aspire
1986 2696 2046 2731 déjà
2057 2699 2135 2731 après
2147 2696 2234 2723 l’autre
2244 2706 2278 2723 »...

307 2741 456 2776 [Grenoble
467 2743 500 2768 25
511 2741 677 2777 septembre]
689 2751 693 2768 :
705 2751 719 2764 «
732 2744 883 2768 Avez-vous
896 2744 978 2768 causé
991 2750 1056 2768 avec
1070 2741 1168 2768 Michel
1183 2741 1218 2768 de
1233 2741 1254 2768 la
1269 2744 1356 2777 petite
1369 2744 1490 2776 esquisse
1503 2741 1538 2768 de
1553 2741 1575 2768 la
1589 2744 1699 2768 Lecture
1712 2742 1723 2768 ?
1736 2744 1770 2768 »...
1783 2741 1914 2768 Bruxelles
1929 2743 1956 2768 10
1965 2744 2069 2776 janvier
2082 2743 2145 2768 1902
2158 2751 2162 2768 :
2174 2751 2189 2764 «
2203 2744 2278 2768 Nous

307 2789 407 2822 jouons
421 2789 500 2814 notre
512 2789 656 2822 Bourgeois
669 2786 769 2814 devant
782 2786 831 2814 des
844 2786 923 2814 salles
937 2786 1067 2817 combles,
1081 2792 1110 2814 et
1124 2786 1172 2813 l’on
1187 2789 1217 2814 rit
1229 2789 1468 2822 vigoureusement
1480 2789 1514 2813 »...
1527 2786 1664 2814 Francfort
1674 2787 1711 2821 [13
1720 2787 1836 2822 janvier]
1847 2796 1851 2813 :
1864 2796 1878 2809 «
1892 2789 1951 2813 Petit
1964 2786 2065 2814 m’écrit
2078 2786 2137 2822 qu’il
2151 2796 2166 2814 a
2179 2786 2278 2814 acheté

307 2834 373 2859 trois
384 2832 420 2859 de
431 2841 479 2859 vos
489 2832 622 2863 tableaux,
633 2837 710 2859 entre
721 2837 810 2859 autres
822 2832 845 2859 la
857 2834 943 2867 petite
955 2834 1058 2859 maison
1070 2834 1112 2867 qui
1125 2834 1192 2859 était
1203 2835 1217 2859 à
1229 2832 1335 2859 l’atelier
1345 2837 1374 2859 et
1385 2841 1438 2867 que
1448 2834 1473 2867 je
1484 2832 1592 2859 désirais
1605 2832 1749 2867 beaucoup
1760 2832 1794 2867 »...
1804 2831 1899 2867 [Berlin
1912 2834 1936 2859 16
1943 2832 2063 2867 janvier],
2075 2832 2155 2867 grand
2167 2834 2263 2859 succès
2274 2841 2278 2859 :

309 2880 457 2912 précisions
469 2886 511 2904 sur
524 2877 561 2904 les
574 2882 699 2904 recettes.
712 2880 822 2904 Demain
836 2877 849 2904 il
863 2880 896 2904 ira
907 2877 978 2904 enfin
991 2886 1023 2904 au
1036 2880 1136 2904 musée.
1148 2887 1162 2899 «
1170 2877 1209 2908 J’ai
1221 2877 1270 2904 fait
1282 2877 1304 2904 la
1316 2880 1511 2904 connaissance
1523 2877 1558 2904 de
1571 2880 1722 2904 Liebermann.
1736 2877 1749 2904 Il
1761 2886 1776 2904 a
1788 2877 1933 2912 beaucoup
1944 2877 1980 2904 de
1990 2877 2078 2904 talent
2089 2882 2118 2904 et
2130 2880 2225 2904 Manet
2236 2882 2279 2904 est

309 2931 358 2949 son
372 2925 444 2949 Dieu.
458 2922 471 2949 Il
484 2931 517 2949 en
530 2931 544 2949 a
556 2922 752 2958 quelques-uns
764 2925 807 2957 qui
820 2927 884 2949 sont
895 2922 951 2949 fort
963 2922 1055 2953 beaux,
1067 2927 1144 2949 entre
1155 2927 1244 2949 autres
1256 2922 1326 2949 deux
1338 2922 1463 2949 tableaux
1476 2922 1511 2949 de
1522 2922 1603 2949 fleurs
1615 2922 1682 2949 dans
1694 2922 1743 2949 des
1755 2931 1831 2949 vases
1843 2922 1878 2949 de
1890 2931 1970 2953 verre,
1982 2922 2047 2949 c’est
2058 2925 2188 2949 vraiment
2199 2922 2278 2949 d'une

137 3079 153 3103 8
