2480 3188
219 314 258 344 45.
306 314 373 344 Jean
386 312 559 346 COQUELIN
573 312 738 346 (1865-1944).
751 314 782 339 25
796 314 873 339 L.A.S.
886 317 915 338 et
929 314 942 339 5
955 316 1043 339 cartes
1057 311 1179 347 postales
1192 321 1241 341 a.s.,
1253 314 1396 339 1883-1908
1409 317 1438 339 et
1451 311 1503 342 s.d.,
1516 314 1530 339 à
1542 321 1590 339 son
1603 314 1651 339 père
1663 314 1798 339 Constant
1810 314 1934 342 Coquelin
1946 316 1998 343 aîné
2009 321 2014 343 ;
2026 314 2064 338 114
2078 321 2160 347 pages
2174 314 2228 338 in-8
2242 321 2277 339 ou

310 359 381 387 in-12,
394 356 542 384 nombreux
554 359 676 384 en-têtes
689 356 801 384 Théâtre
812 356 846 384 de
858 356 883 384 la
894 359 1182 387 Porte-Saint-Martin,
1194 362 1252 387 etc.,
1264 366 1314 392 qqs
1326 356 1448 384 adresses
1460 361 1489 384 et
1500 356 1677 392 enveloppes.
2146 358 2278 384 500/600

345 421 408 445 Belle
419 428 632 445 correspondance
644 428 674 445 du
684 428 751 448 jeune
759 421 815 449 Jean
828 420 952 448 Coquelin
964 422 978 445 à
989 427 1037 445 son
1049 423 1103 445 père.
1117 420 1132 445 9
1143 418 1208 445 avril
1221 420 1281 445 1883
1294 427 1297 445 :
1312 418 1325 445 il
1339 427 1372 445 ne
1384 423 1480 445 trouve
1493 427 1540 453 pas
1553 427 1606 453 que
1620 418 1643 445 le
1656 418 1725 454 style
1737 418 1772 445 du
1785 418 1799 445 «
1812 418 1873 445 livre
1885 418 2058 445 abominable
2071 427 2085 445 »
2096 421 2150 445 soit
2162 418 2229 445 celui
2243 418 2278 445 de

309 465 419 494 Molière,
431 466 496 490 mais
506 473 522 498 y
533 466 590 490 voit
602 463 624 490 la
636 472 732 490 source
743 463 803 490 d’un
816 472 928 498 passage
939 463 975 490 du
986 463 1194 498 Misanthrope...
1208 465 1215 490 1
1216 467 1234 478 er
1239 466 1343 498 janvier
1355 465 1421 494 1895,
1432 463 1543 490 tendres
1554 472 1643 494 vœux,
1655 468 1684 490 et
1695 472 1836 490 assurance
1848 463 1883 490 de
1894 472 1944 490 son
1958 463 2113 490 inaltérable
2124 463 2278 498 gratitude...

307 508 465 535 Alexandrie
477 510 512 535 30
524 517 595 535 mars
610 510 679 535 1905.
695 508 708 535 Il
722 513 765 535 est
779 511 826 535 ravi
841 508 876 535 du
891 511 986 535 succès
1000 508 1035 535 de
1048 510 1107 544 Coq
1121 508 1187 535 dans
1202 508 1226 535 le
1238 510 1351 535 Scarron
1364 508 1400 535 de
1413 508 1518 535 Catulle
1532 511 1631 539 Mendès
1644 517 1648 539 ;
1662 508 1711 535 dès
1726 508 1748 535 la
1763 508 1871 538 lecture,
1887 508 1900 535 il
1914 511 1982 535 avait
1994 518 2008 531 «
2021 511 2089 535 senti
2104 508 2279 535 absolument

308 553 529 588 complètement
538 562 591 588 que
600 562 632 580 ce
643 553 699 580 rôle
709 556 788 580 serait
798 562 831 580 un
841 553 890 580 des
901 553 959 589 plus
969 553 1054 580 beaux
1064 553 1099 580 de
1108 558 1136 580 ta
1145 553 1279 588 glorieuse
1288 556 1399 580 carrière
1408 556 1442 580 »...
1452 556 1484 580 Le
1493 555 1569 580 Caire
1579 555 1595 580 9
1603 553 1667 580 avril
1677 562 1680 580 :
1689 563 1703 575 «
1712 555 1822 580 Scarron
1833 558 1876 580 est
1885 562 1954 589 pour
1961 556 2008 584 toi,
2019 553 2277 588 personnellement,

309 607 342 625 un
359 607 482 625 nouveau
498 600 601 633 Cyrano
617 608 621 629 ;
636 603 665 625 et
679 601 704 633 je
720 607 754 625 ne
769 598 856 625 doute
872 607 919 633 pas
935 607 988 633 que
1005 598 1028 625 le
1042 601 1123 633 jeune
1139 598 1265 629 Rostand,
1280 601 1323 633 qui
1339 607 1369 625 se
1385 603 1491 633 permet
1506 598 1555 625 des
1570 598 1708 625 fantaisies
1723 598 1759 625 de
1775 601 1891 625 mauvais
1906 601 1973 633 goût
1989 598 2028 633 (...)
2045 607 2078 625 ne
2093 601 2147 625 soit
2162 607 2194 625 au
2209 598 2277 625 fond

309 643 501 678 parfaitement
515 646 582 670 vexé
596 653 630 670 »...
646 643 793 670 Nouvelles
808 643 844 670 de
859 652 887 670 sa
903 652 1000 679 propre
1014 646 1131 670 tournée
1145 645 1210 670 avec
1225 645 1304 670 Cadet
1317 652 1351 670 en
1368 638 1487 679 Égypte...
1501 645 1536 670 30
1546 646 1650 678 janvier
1665 645 1734 674 1907,
1750 652 1852 679 propos
1866 648 1946 670 tenus
1962 652 2007 679 par
2022 646 2096 670 Mme
2112 646 2222 670 Rostand
2236 652 2279 670 sur

309 688 475 719 Chantecler,
486 688 652 723 qu’Edmond
664 691 733 715 croit
742 688 806 715 faire
818 697 909 723 passer
919 697 951 715 au
964 690 1133 724 printemps...
1145 690 1153 715 1
1154 692 1171 703 er
1180 688 1281 719 février,
1291 688 1467 715 félicitations
1479 697 1547 724 pour
1557 690 1606 719 son
1618 688 1797 719 Quasimodo.
1808 698 1822 711 «
1831 691 1881 719 Toi,
1891 691 1916 723 je
1928 697 1961 715 ne
1971 693 2000 715 te
2011 688 2208 723 complimente
2220 688 2278 723 plus

309 733 348 768 (...)
361 742 365 764 ;
377 742 423 760 ces
436 738 555 760 recettes
568 733 768 760 londoniennes
780 738 844 760 sont
855 733 1035 768 fantastiques
1047 735 1081 760 »...
1091 735 1129 760 20
1135 736 1198 768 juin,
1211 733 1352 760 nouvelles
1364 733 1413 760 des
1424 733 1552 763 théâtres,
1564 733 1600 760 de
1613 736 1862 764 Pont-aux-Dames,
1874 738 1933 764 etc.,
1946 733 2068 768 pendant
2081 733 2103 760 la
2114 736 2231 760 tournée
2243 733 2278 760 de

309 780 367 813 Coq
379 787 413 805 en
425 781 568 814 Amérique
580 778 615 805 du
627 778 680 805 Sud
692 787 696 809 ;
710 778 732 805 la
744 781 810 805 crise
822 778 871 805 des
883 778 1048 805 viticulteurs
1060 778 1126 805 dans
1140 778 1163 805 le
1176 778 1261 805 Midi...
1271 780 1304 805 25
1311 778 1405 813 juillet.
1418 781 1528 805 Rostand
1539 787 1553 805 a
1565 787 1598 805 eu
1612 787 1664 805 une
1675 783 1788 813 attaque
1799 778 2006 813 d'appendicite,
2018 780 2115 805 Sardou
2127 783 2170 805 est
2183 781 2230 805 ravi
2243 778 2278 805 de

310 823 332 850 la
343 823 425 857 façon
437 823 507 850 dont
518 826 592 850 vient
603 832 631 850 sa
644 823 722 858 pièce
734 823 861 858 [L'Affaire
872 823 919 850 des
929 826 1041 858 poisons
1044 824 1052 858 ]
1065 833 1068 850 :
1079 833 1093 846 «
1103 825 1156 850 Ton
1170 832 1339 858 personnage
1351 823 1412 850 s’est
1424 832 1457 850 un
1470 832 1522 858 peu
1536 823 1647 850 modifié
1659 833 1663 854 ;
1675 832 1707 850 ce
1719 823 1784 850 n’est
1796 823 1854 858 plus
1866 832 1899 850 un
1913 823 2057 859 bourgeois
2069 833 2073 854 ;
2085 826 2150 850 mais
2162 832 2195 850 un
2208 823 2278 850 abbé

308 868 344 895 de
357 877 423 895 cour
435 871 468 895 »...
481 871 587 903 Arnaga
598 868 643 903 [24
657 868 752 895 février
765 868 847 903 1908],
861 870 971 895 Rostand
984 877 1041 895 sera
1054 868 1125 902 déçu
1138 870 1157 895 si
1171 868 1333 895 Chantecler
1345 868 1410 895 n’est
1423 877 1470 903 pas
1482 871 1546 903 joué
1560 868 1629 895 deux
1643 877 1689 895 ans
1702 868 1871 895 consécutifs
1885 878 1888 895 :
1903 868 1916 895 il
1930 877 1944 895 a
1957 868 2065 895 dessiné
2080 868 2117 895 les
2130 873 2278 895 costumes.

308 915 402 944 Quant
412 916 426 940 à
438 913 460 940 la
471 913 650 944 distribution,
662 913 675 940 il
687 922 701 940 a
713 913 785 948 parlé
796 913 831 940 de
843 916 917 940 Mme
929 916 959 940 Le
971 916 1053 948 Bargy,
1066 913 1168 948 Darthy,
1180 913 1298 940 Mellot...
1307 916 1369 944 Jean
1380 918 1424 940 est
1434 922 1467 940 en
1480 913 1571 940 bonne
1582 916 1643 940 voie
1655 922 1723 948 pour
1733 913 1841 940 obtenir
1851 916 1901 940 son
1912 916 1990 940 Faust
1999 922 2003 940 :
2013 923 2027 936 «
2039 913 2052 940 Il
2064 922 2078 940 a
2090 922 2142 940 une
2152 913 2220 940 dent
2231 922 2278 948 pas

308 958 439 985 ordinaire
452 963 548 985 contre
561 958 638 985 Sarah
652 963 681 985 et
694 963 789 985 contre
804 958 826 985 la
839 958 1122 992 Comédie-Française
1136 959 1140 985 !
1153 958 1187 993 »...
1199 958 1243 993 [25
1256 958 1367 993 février],
1382 958 1499 985 Rostand
1515 958 1546 985 lui
1560 967 1574 985 a
1587 958 1792 985 formellement
1805 961 1904 993 promis
1917 961 2000 989 Faust,
2014 961 2079 985 mais
2091 963 2156 985 veut
2168 958 2277 985 d’abord

308 1006 379 1030 avoir
392 1003 414 1030 la
425 1006 480 1038 joie
492 1003 528 1030 de
542 1003 565 1030 le
579 1003 679 1030 refuser
691 1006 705 1030 à
718 1003 833 1030 Claretie
845 1012 849 1034 ;
863 1003 876 1030 il
891 1003 922 1030 lui
936 1012 969 1030 en
983 1012 997 1030 a
1011 1003 1034 1030 lu
1046 1006 1112 1030 trois
1123 1003 1249 1030 tableaux
1262 1012 1266 1030 :
1278 1013 1292 1026 «
1304 1003 1369 1030 c’est
1380 1003 1555 1030 absolument
1568 1003 1736 1038 magnifique,
1748 1012 1858 1030 comme
1870 1008 1934 1030 tout
1946 1012 1978 1030 ce
1990 1006 2033 1038 qui
2046 1008 2104 1030 sort
2116 1003 2151 1030 du
2164 1012 2277 1030 cerveau

308 1048 343 1075 de
357 1057 389 1075 ce
403 1048 543 1083 bougre-là
556 1058 589 1075 »...
604 1051 703 1083 Propos
717 1048 752 1075 de
766 1051 876 1075 Rostand
889 1057 932 1075 sur
946 1048 969 1075 le
982 1048 1242 1084 cinématographe...
1255 1048 1397 1084 fréquents
1411 1053 1535 1083 rapports
1548 1057 1591 1075 sur
1605 1048 1642 1075 les
1656 1053 1775 1075 recettes
1788 1048 1823 1075 de
1838 1048 1860 1075 la
1874 1050 2171 1075 Porte-Saint-Martin...
2185 1050 2278 1075 Cartes

310 1093 431 1129 postales
444 1093 576 1120 illustrées
587 1093 623 1120 de
635 1096 760 1123 Messine,
773 1096 863 1123 Patras,
875 1093 1002 1124 Athènes,
1014 1093 1124 1123 Corfou,
1136 1095 1266 1128 Smyrne...
1279 1095 1329 1120 Etc.
1341 1095 1384 1123 On
1394 1096 1459 1123 joint
1469 1096 1485 1120 4
1498 1095 1574 1120 L.A.S.
1587 1096 1601 1120 à
1612 1102 1641 1120 sa
1653 1096 1732 1120 mère.

217 1235 258 1260 46.
309 1233 426 1260 Camille
437 1233 554 1267 COROT
565 1233 727 1268 (1796-1875).
740 1235 824 1263 L.A.S.,
836 1232 900 1260 Ville
912 1232 1015 1268 d’Avray
1027 1235 1040 1260 5
1052 1232 1169 1260 octobre
1180 1235 1244 1263 1861,
1256 1235 1270 1260 à
1282 1242 1334 1260 une
1346 1233 1426 1260 dame
1438 1235 1442 1263 ;
1453 1235 1460 1268 1
1475 1235 1542 1268 page
1555 1235 1617 1260 in-8.
2147 1235 2278 1260 300/400

343 1304 357 1316 «
370 1296 472 1321 Lavieille
483 1297 526 1321 est
537 1296 552 1321 à
565 1294 779 1325 Fontainebleau,
792 1294 806 1321 il
817 1294 895 1321 ferait
907 1296 1046 1329 peut-être
1059 1297 1145 1321 mieux
1158 1294 1193 1321 de
1205 1296 1348 1321 continuer
1359 1296 1373 1321 à
1384 1294 1513 1321 travailler
1526 1294 1548 1329 là
1559 1303 1613 1329 que
1625 1294 1660 1321 de
1673 1297 1772 1321 revenir
1784 1303 1852 1329 pour
1864 1297 1944 1329 partir
1955 1297 1969 1321 à
1982 1294 2147 1321 Pierrefonds
2159 1294 2279 1321 d’autant

308 1338 368 1374 qu’il
384 1338 443 1365 faut
459 1348 512 1374 que
527 1341 552 1373 je
569 1341 623 1366 sois
639 1338 675 1366 de
692 1341 782 1366 retour
798 1341 812 1366 à
829 1341 893 1366 Paris
911 1338 934 1366 le
950 1341 976 1366 14
993 1341 1014 1366 &
1029 1341 1135 1365 ensuite
1149 1341 1175 1374 je
1192 1341 1244 1366 vais
1261 1341 1275 1366 à
1292 1338 1499 1365 Fontainebleau
1517 1348 1608 1374 passer
1624 1338 1757 1374 quelques
1771 1341 1851 1374 jours,
1867 1341 1881 1374 à
1899 1341 1978 1374 partir
1994 1338 2029 1365 du
2045 1341 2072 1366 17
2087 1341 2108 1366 &
2124 1348 2192 1365 nous
2209 1348 2278 1366 nous

309 1386 507 1410 retrouverions
518 1383 585 1410 dans
598 1383 620 1410 la
631 1383 711 1410 forêt.
723 1383 762 1418 (...)
776 1386 851 1410 Nous
864 1383 993 1410 referions
1004 1388 1081 1410 cette
1093 1386 1178 1418 partie
1190 1383 1225 1410 de
1238 1383 1404 1410 Pierrefonds
1417 1383 1440 1410 le
1453 1386 1601 1418 printemps
1614 1383 1741 1418 prochain
1753 1393 1787 1410 »...

344 1430 387 1457 On
396 1427 462 1457 joint
474 1427 497 1455 le
508 1427 648 1463 faire-part
659 1427 694 1455 de
706 1437 755 1455 son
768 1427 852 1462 décès
864 1427 897 1462 (21
909 1427 1006 1455 février
1016 1428 1093 1463 1875),
1105 1427 1214 1455 adressé
1225 1437 1257 1455 au
1269 1437 1376 1463 graveur
1387 1427 1483 1463 Aglaüs
1496 1430 1629 1455 Bouvenne.

223 1569 258 1593 47.
309 1567 423 1594 Nicolas
435 1567 607 1602 DALAYRAC
618 1567 774 1602 (1753-1809)
785 1569 977 1602 compositeur.
990 1569 1074 1598 L.A.S.,
1087 1569 1150 1594 Paris
1161 1569 1179 1593 11
1193 1567 1322 1594 brumaire
1334 1569 1368 1593 XII
1381 1567 1403 1602 (3
1415 1567 1532 1594 octobre
1542 1567 1621 1602 1803),
1633 1569 1647 1594 à
1659 1567 1767 1594 Charles
1779 1567 1814 1594 de
1826 1569 1907 1600 Luçay,
1920 1566 2006 1594 Préfet
2017 1567 2052 1594 du
2065 1567 2143 1594 Palais
2154 1576 2158 1598 ;
2170 1569 2184 1593 2
2197 1576 2278 1602 pages

310 1614 370 1638 in-4.
2143 1613 2278 1638 400/500

346 1675 504 1700 Intéressante
518 1682 593 1699 lettre
606 1682 648 1700 sur
661 1682 708 1700 son
723 1675 794 1700 opéra
808 1675 836 1699 Le
849 1675 960 1700 Pavillon
972 1682 1005 1700 du
1018 1675 1100 1703 Calife,
1116 1682 1151 1700 ou
1163 1675 1298 1700 Almanzor
1312 1682 1338 1699 et
1348 1675 1448 1700 Zobéïde
1460 1672 1531 1707 (créé
1546 1672 1560 1700 à
1576 1672 1681 1708 l’Opéra
1697 1672 1721 1700 le
1734 1675 1761 1699 12
1775 1672 1834 1700 avril
1849 1673 1931 1707 1804).
1947 1672 1960 1699 Il
1976 1682 1990 1700 a
2006 1675 2084 1708 passé
2100 1682 2152 1700 une
2165 1675 2278 1708 journée

309 1720 412 1744 entière
424 1720 488 1744 avec
502 1720 640 1744 Deschamps
652 1720 666 1744 à
678 1720 793 1752 corriger
806 1717 829 1744 le
842 1720 944 1752 poème
956 1717 992 1744 du
1004 1717 1121 1744 Pavillon
1133 1717 1169 1744 du
1181 1717 1271 1744 Calife.
1285 1717 1452 1752 Deschamps
1465 1726 1479 1744 a
1492 1717 1590 1752 profité
1603 1717 1638 1744 de
1649 1722 1744 1744 toutes
1758 1717 1795 1744 les
1808 1717 2002 1747 observations,
2015 1722 2044 1744 et
2056 1726 2070 1744 a
2083 1717 2204 1752 procédé
2217 1717 2231 1744 à
2243 1717 2278 1744 de

309 1761 487 1789 nombreuses
498 1762 699 1789 améliorations
710 1771 714 1789 :
724 1772 739 1784 «
751 1761 764 1789 il
775 1771 790 1789 a
799 1761 848 1789 fait
858 1761 1014 1797 disparaître
1024 1767 1088 1789 tous
1100 1761 1137 1789 les
1149 1767 1222 1789 mots
1233 1762 1355 1789 douteux
1367 1762 1404 1797 (...)
1416 1762 1451 1789 de
1462 1764 1579 1789 manière
1590 1771 1643 1797 que
1652 1764 1678 1797 je
1689 1771 1723 1789 ne
1734 1764 1802 1789 crois
1814 1771 1861 1797 pas
1872 1771 1925 1797 que
1938 1762 1960 1789 la
1972 1764 2049 1797 pièce
2060 1761 2132 1789 offre
2142 1765 2156 1789 à
2168 1764 2278 1797 présent

310 1806 332 1833 la
346 1806 468 1833 moindre
481 1806 563 1833 tache
576 1816 596 1833 ».
611 1806 639 1833 Ils
652 1811 703 1833 ont
716 1809 809 1841 ajouté
823 1815 856 1833 un
870 1806 968 1833 chœur
980 1806 1041 1833 final
1056 1809 1098 1842 qui
1113 1806 1206 1833 donne
1220 1816 1252 1833 au
1266 1806 1456 1833 dénouement
1468 1816 1482 1829 «
1496 1815 1548 1833 une
1561 1809 1704 1833 extension
1718 1806 1894 1833 convenable.
1909 1809 1947 1833 Du
1962 1811 2039 1837 reste,
2055 1806 2076 1833 la
2091 1809 2226 1842 partition,
2241 1806 2278 1833 les

309 1851 386 1882 rôles,
400 1851 438 1878 les
451 1854 549 1886 parties
562 1851 731 1880 d’orchestre,
743 1856 824 1878 toute
837 1851 860 1878 la
872 1854 994 1886 musique
1006 1851 1085 1881 enfin,
1097 1856 1141 1878 est
1152 1853 1251 1886 copiée
1263 1856 1292 1878 et
1304 1853 1382 1886 prête
1393 1854 1408 1878 à
1421 1853 1532 1886 répéter.
1543 1853 1694 1878 Semiramis
1706 1860 1763 1878 sera
1773 1853 1856 1886 jouée
1868 1851 1903 1878 de
1915 1851 2022 1878 demain
2035 1851 2162 1878 vendredi
2175 1860 2209 1878 en
2223 1851 2279 1878 huit

307 1898 380 1930 jours
391 1905 411 1927 »,
423 1900 452 1923 et
463 1898 570 1923 ensuite
583 1895 605 1922 la
617 1895 682 1922 salle
694 1905 751 1922 sera
765 1895 827 1922 libre
840 1905 908 1931 pour
921 1895 958 1923 les
971 1898 1132 1931 répétitions
1144 1895 1179 1922 du
1191 1895 1328 1922 Pavillon...
1340 1906 1354 1918 «
1366 1898 1442 1923 Nous
1454 1895 1559 1923 n’avons
1572 1898 1594 1922 ni
1607 1895 1748 1925 embarras,
1761 1898 1783 1922 ni
1796 1895 1920 1931 dépense
1932 1905 1936 1926 ;
1950 1895 1972 1922 la
1985 1898 2107 1931 musique
2119 1901 2162 1922 est
2172 1895 2252 1923 facile
2264 1898 2278 1922 à

308 1940 466 1975 apprendre,
480 1940 580 1975 n’ayant
592 1949 646 1975 que
658 1940 714 1967 fort
727 1949 779 1975 peu
793 1940 828 1967 de
841 1940 959 1971 chœurs,
973 1949 1042 1967 nous
1056 1940 1221 1967 n’entravons
1235 1940 1281 1975 pas
1295 1940 1332 1967 les
1345 1940 1441 1967 Bardes
1454 1949 1458 1971 ;
1472 1949 1505 1967 un
1520 1949 1572 1975 peu
1586 1940 1621 1967 de
1635 1940 1726 1967 bonne
1739 1940 1854 1967 volonté
1867 1940 1902 1967 de
1916 1940 1938 1967 la
1952 1945 2011 1975 part
2024 1940 2073 1967 des
2086 1943 2176 1975 sujets,
2189 1940 2278 1967 suffira

310 1994 378 2020 pour
387 1984 451 2012 faire
463 1990 571 2012 monter
581 1990 658 2012 cette
670 1987 747 2020 pièce
759 1984 820 2012 bien
832 1984 890 2020 plus
902 1987 955 2012 vite
966 1994 1020 2020 que
1030 1990 1124 2012 toutte
1135 1990 1210 2012 autre
1221 1990 1250 2012 et
1262 1994 1330 2020 pour
1340 1984 1446 2012 donner
1457 1994 1488 2012 au
1501 1984 1591 2020 public
1602 1994 1654 2012 une
1666 1987 1828 2015 nouveauté,
1840 1994 1873 2012 en
1885 1984 2030 2012 attendant
2040 1994 2093 2020 que
2106 1984 2153 2012 l’on
2166 1987 2278 2020 prépare

310 2029 467 2056 l’execution
480 2029 539 2056 d’un
553 2029 611 2065 plus
622 2029 703 2065 grand
715 2038 832 2065 ouvrage
843 2039 875 2056 »...

217 2171 258 2195 48.
308 2168 476 2201 Aimé-Jutes
488 2168 600 2203 DALOU
613 2168 772 2203 (1838-1902)
784 2168 925 2204 sculpteur.
938 2170 1022 2199 L.A.S.,
1034 2171 1061 2195 18
1074 2168 1112 2195 bis
1125 2171 1240 2204 impasse
1252 2168 1287 2195 du
1300 2171 1401 2195 Marine
1413 2171 1448 2195 20
1460 2168 1607 2195 novembre
1618 2171 1686 2199 1889,
1698 2171 1712 2195 à
1721 2171 1783 2200 Jean
1796 2171 1893 2199 Gigoux
1905 2178 1909 2199 ;
1920 2171 1927 2195 1
1942 2177 2009 2204 page
2021 2173 2050 2195 et
2061 2168 2152 2195 demie
2165 2170 2226 2195 in-8.

2153 2215 2278 2240 150/200

346 2274 359 2301 Il
371 2274 431 2301 doit
443 2279 571 2301 remettre
584 2274 638 2301 leur
649 2277 748 2301 séance
759 2274 837 2309 (pour
849 2274 873 2301 le
885 2274 964 2301 buste
975 2274 1010 2301 de
1022 2274 1134 2309 Gigoux)
1146 2283 1149 2301 :
1160 2284 1174 2296 «
1184 2277 1209 2309 je
1220 2277 1273 2301 suis
1283 2274 1360 2301 forcé
1371 2274 1406 2301 de
1418 2274 1548 2301 m’atteler
1559 2277 1573 2301 à
1585 2283 1648 2301 mon
1660 2277 1750 2301 Victor
1762 2277 1826 2301 Noir
1838 2283 1906 2310 pour
1915 2279 1997 2301 toute
2008 2279 2084 2301 cette
2095 2277 2215 2301 semaine
2226 2274 2277 2301 afin

308 2318 366 2346 d’en
378 2318 435 2345 finir
445 2328 478 2346 au
491 2328 539 2354 pus
551 2321 605 2346 vite
617 2321 631 2346 à
642 2328 724 2346 cause
736 2319 771 2346 de
784 2319 806 2346 la
817 2318 897 2346 fonte
908 2328 961 2354 que
971 2321 997 2354 je
1009 2319 1096 2346 désire
1107 2322 1179 2346 avoir
1191 2328 1259 2354 pour
1271 2319 1295 2346 le
1306 2318 1382 2346 salon
1396 2318 1523 2354 prochain
1535 2321 1569 2346 »...
1581 2321 1625 2346 On
1634 2328 1700 2348 joint
1711 2328 1763 2346 une
1775 2321 1791 2345 R
1796 2321 1848 2346 A.S.
1860 2319 1895 2346 de
1908 2321 2027 2353 François
2040 2321 2151 2346 Pompon.

203 2457 216 2484 f
222 2460 261 2485 49.
309 2460 363 2485 Léo
375 2458 499 2493 DELIBES
511 2458 668 2493 (1836-1891).
681 2460 765 2489 L.A.S.,
778 2458 957 2493 [Compiègne
968 2460 983 2484 7
994 2457 1111 2485 octobre
1122 2458 1202 2493 1883],
1213 2453 1228 2485 à
1240 2453 1318 2485 Émile
1331 2461 1433 2489 Durand
1444 2467 1448 2489 ;
1460 2460 1474 2485 2
1487 2467 1568 2493 pages
1582 2460 1643 2488 in-8,
1655 2457 1818 2493 enveloppe.
2162 2460 2278 2485 120/150

346 2519 359 2546 Il
371 2519 503 2546 s’absente
514 2519 549 2546 de
561 2522 625 2546 Paris
635 2529 649 2541 «
660 2528 728 2554 pour
739 2521 753 2546 2
764 2528 800 2546 ou
811 2521 824 2546 3
836 2522 911 2546 mois.
919 2522 947 2550 Je
958 2528 1025 2546 vous
1036 2519 1144 2546 adresse
1156 2519 1283 2546 Madame
1294 2521 1345 2546 Sari
1357 2519 1392 2546 de
1403 2521 1558 2554 S'Georges
1568 2519 1636 2546 chez
1646 2522 1688 2554 qui
1699 2522 1725 2554 je
1736 2519 1829 2546 donne
1840 2519 1889 2546 des
1901 2519 1995 2553 leçons
2006 2519 2184 2549 d’Harmonie,
2195 2524 2224 2546 et
2234 2522 2277 2554 qui

309 2573 353 2590 me
365 2563 502 2591 demande
514 2563 550 2591 de
564 2563 595 2591 lui
610 2563 730 2599 indiquer
741 2563 885 2599 quelqu’un
899 2573 966 2599 pour
979 2573 1022 2591 me
1036 2563 1183 2599 remplacer
1196 2563 1317 2599 pendant
1330 2573 1394 2591 mon
1407 2563 1531 2591 absence.
1541 2566 1569 2595 Je
1581 2567 1661 2591 serais
1672 2566 1727 2591 très
1741 2563 1857 2591 heureux
1869 2563 1936 2591 dans
1949 2563 2064 2591 l’intérêt
2076 2563 2111 2591 de
2124 2573 2188 2591 mon
2201 2563 2278 2591 élève

309 2617 362 2643 que
373 2617 440 2635 vous
452 2608 548 2635 voulez
561 2608 621 2635 bien
633 2617 700 2635 vous
712 2608 821 2643 charger
832 2608 867 2635 de
879 2608 937 2635 cela
948 2618 982 2635 »...

218 2748 258 2782 50.
310 2748 444 2782 [Gustave
463 2742 552 2782 DORÉ
570 2747 741 2782 (1832-1883)].
761 2750 937 2783 Photographie
956 2756 1001 2783 par
1020 2750 1101 2774 Pierre
1121 2750 1200 2778 Durât
1217 2756 1221 2778 ;
1239 2747 1340 2774 format
1358 2752 1432 2774 carte
1450 2747 1486 2774 de
1504 2750 1581 2774 visite
1599 2757 1603 2777 ;
1623 2750 1715 2783 papier
1733 2747 1868 2774 albuminé
1886 2756 1929 2774 sur
1947 2752 2021 2774 carte
2039 2750 2054 2774 à
2074 2747 2096 2774 la
2115 2756 2224 2783 marque
2242 2747 2277 2775 du

309 2792 500 2827 photographe
512 2794 516 2819 :
528 2792 724 2827 Photographie
735 2792 770 2819 de
781 2792 910 2819 l'Alcazar.
2158 2794 2278 2819 100/120

345 2856 453 2880 Portrait
464 2853 500 2880 de
513 2853 618 2880 l’artiste
630 2856 701 2884 assis,
713 2862 746 2880 en
758 2858 892 2884 costume,
905 2862 950 2888 par
962 2856 1043 2880 Pierre
1056 2856 1141 2880 Durât.

131 3078 158 3103 12
