2480 3188
218 205 258 236 82.
306 206 412 236 Jeanne
428 206 548 238 Roques,
563 203 624 230 dite
639 203 821 238 MUSIDORA
837 203 993 238 (1889-1957)
1009 206 1115 230 actrice.
1133 205 1217 234 L.A.S.,
1233 205 1255 230 31
1272 203 1419 230 décembre
1434 205 1502 233 1929,
1518 206 1532 230 à
1548 212 1597 230 son
1614 206 1683 230 amie
1700 203 1827 230 Marcelle
1843 212 1846 234 ;
1863 205 1877 230 2
1894 212 1976 238 pages
1991 208 2020 230 et
2036 203 2126 230 demie
2143 205 2198 230 in-8
2214 212 2278 230 avec

308 248 430 281 vignette
441 248 455 273 à
467 255 517 272 son
529 248 625 281 visage.
2153 247 2278 273 150/200

345 305 451 332 L’année
464 304 586 332 dernière
599 307 613 332 à
625 310 702 332 cette
715 304 778 332 date
791 304 844 332 elle
857 304 962 340 perdait
974 314 1002 332 sa
1016 314 1114 340 pauvre
1128 314 1233 332 maman
1247 314 1250 335 ;
1264 314 1292 332 sa
1304 310 1379 332 carte
1393 304 1424 332 lui
1439 305 1559 340 apprend
1574 304 1597 332 la
1608 307 1685 332 triste
1698 304 1824 332 nouvelle
1837 304 1872 332 de
1887 304 1909 332 la
1922 310 1994 332 mort
2006 315 2020 327 «
2032 304 2092 332 d’un
2105 307 2163 335 ami,
2176 310 2205 332 et
2218 304 2277 332 d'un

308 352 403 374 auteur
414 347 620 382 compréhensif
630 352 659 374 et
672 347 821 382 intelligent
832 352 861 374 et
873 347 1039 382 scrupuleux.
1052 347 1122 378 Quel
1135 347 1249 382 chagrin,
1261 347 1342 374 chère
1355 347 1488 377 Marcelle,
1501 347 1591 383 quelle
1604 350 1690 382 peine.
1700 350 1728 378 Je
1740 356 1774 374 ne
1787 350 1844 383 puis
1858 347 1881 374 le
1893 350 1978 374 croire
1990 352 2068 374 mort.
2082 347 2120 382 (...)
2134 350 2277 374 Dites-moi

308 392 344 417 où
358 389 371 417 il
384 395 427 417 est
438 392 545 417 enterré
556 395 585 417 et
597 392 615 417 si
628 399 695 417 vous
706 390 803 417 voulez
812 392 838 425 je
850 399 917 417 vous
928 392 1151 425 accompagnerai
1165 399 1233 425 pour
1245 389 1276 417 lui
1289 389 1395 417 donner
1407 399 1459 417 une
1472 393 1575 425 pensée
1586 393 1674 421 émue,
1686 399 1728 417 sur
1739 399 1768 417 sa
1778 390 1876 417 tombe
1887 399 1922 417 »...

203 467 216 494 f
223 470 261 495 83.
309 470 470 500 MUSIQUE.
482 470 495 495 3
508 467 601 495 lettres
613 477 649 495 ou
662 470 760 503 pièces.
2163 469 2278 495 130/150

345 529 426 554 Pierre
440 529 563 554 Monteux
576 526 656 562 (belle
671 527 760 562 photo
773 526 940 562 dédicacée),
953 529 1059 554 Saverio
1074 529 1234 554 Mercadante
1246 527 1379 562 (musique
1392 536 1440 558 a.s.,
1455 536 1523 562 page
1536 527 1667 562 d’album),
1680 527 1820 554 Ambroise
1832 529 1937 554 Thomas
1950 527 2017 562 (l.a.s.
2031 530 2045 554 à
2059 536 2111 554 une
2124 529 2278 558 cantatrice,

308 569 384 604 1857).

203 647 263 674 784.
309 647 379 674 Félix
389 647 584 679 Tournachon,
595 647 638 674 dit
649 647 765 682 NADAR
776 647 932 682 (1820-1910)
945 647 1136 682 photographe
1147 652 1176 674 et
1187 647 1359 674 dessinateur.
1372 649 1456 677 L.A.S.,
1468 649 1574 674 Cannes
1585 649 1611 674 17
1621 647 1764 674 février-22
1777 656 1844 674 mars
1855 649 1928 678 1904,
1940 650 1954 674 à
1966 656 1999 674 un
2012 650 2061 674 ami
2075 656 2078 678 ;
2090 650 2106 674 4
2118 656 2200 682 pages
2213 649 2274 674 in-8.

2147 692 2278 717 300/400

343 759 357 771 «
370 748 518 776 L'adorable
531 749 616 776 adoré
629 752 703 784 parti,
716 754 793 776 votre
806 752 886 784 peine
899 751 913 776 à
925 754 995 780 tous,
1010 749 1032 776 la
1044 752 1144 779 tienne,
1158 764 1176 766 -
1191 748 1213 776 la
1226 754 1404 784 permanente
1418 749 1582 784 inquiétude,
1596 749 1685 784 quand
1699 758 1731 776 ce
1744 748 1809 776 n'est
1822 758 1868 784 pas
1883 749 2003 776 l’anxiété
2016 758 2084 784 pour
2097 754 2175 776 notre
2188 748 2230 776 clé
2243 749 2278 776 de

308 794 392 818 voûte
405 791 465 818 bien
479 794 573 822 aimée,
584 796 648 818 tout
661 791 749 822 hante,
761 791 866 818 excède
878 801 920 818 ma
932 794 1008 818 triste
1020 794 1136 822 vétusté,
1150 800 1195 827 par
1208 791 1246 818 les
1256 794 1336 826 jours,
1350 791 1387 818 les
1400 794 1476 821 nuits,
1489 806 1508 809 -
1519 791 1620 827 jusqu’à
1633 800 1666 818 un
1678 796 1742 818 tout
1754 794 1848 818 récent
1859 791 1962 818 suicide
1975 800 2020 827 par
2033 794 2098 818 Nice
2110 791 2170 818 d'un
2183 794 2277 818 ancien

308 834 437 869 employé
452 834 487 861 de
502 839 580 861 notre
595 836 706 864 maison,
720 849 739 851 -
754 839 783 861 et
797 836 864 861 aussi
882 833 904 861 la
919 836 1022 869 pensée
1036 834 1164 861 obstinée
1178 833 1214 861 de
1228 839 1304 861 cette
1320 833 1435 861 horrible
1449 843 1541 869 guerre
1556 834 1591 861 de
1607 834 1712 861 là-bas...
1726 836 1793 861 Tout
1807 843 1838 868 ça
1852 839 1895 861 est
1908 839 1971 869 trop
1987 843 2055 869 pour
2069 843 2133 861 mon
2147 839 2210 869 trop
2225 843 2277 869 peu

309 876 344 903 de
356 876 432 903 force
446 881 571 903 restante.
581 876 730 907 J’étouffe...
745 879 776 903 Le
789 879 828 912 pis
841 881 884 903 est
896 885 956 912 que,
970 876 1069 912 malgré
1080 881 1144 903 tout
1156 876 1248 907 effort,
1261 881 1290 903 et
1304 876 1317 903 il
1329 886 1346 912 y
1358 881 1408 907 est,
1419 879 1445 911 je
1456 881 1553 903 trouve
1566 885 1666 903 encore
1679 879 1693 903 à
1706 879 1824 903 attrister
1836 885 1868 903 ce
1881 879 1923 912 qui
1937 881 1980 903 est
1992 881 2090 903 autour
2102 876 2137 903 de
2151 879 2204 903 moi
2218 876 2279 911 déjà

308 922 391 946 triste.
405 921 471 946 Mais
482 924 546 946 tout
557 924 600 946 est
613 921 670 946 noir
681 918 781 946 devant
794 928 862 946 nous
874 929 908 946 »...
922 919 935 946 Il
948 928 962 946 a
975 919 1035 946 bien
1048 922 1134 954 songé
1146 921 1160 946 à
1172 928 1206 946 un
1219 922 1295 946 vieux
1308 921 1396 954 projet
1408 918 1532 948 d’article,
1544 929 1557 941 «
1570 921 1634 946 mais
1646 922 1661 946 à
1673 924 1749 946 cette
1762 918 1843 946 heure
1855 918 2029 946 abominable
2041 919 2090 946 des
2102 919 2278 946 canonnades

309 964 459 997 asiatiques,
474 970 521 997 pas
535 961 612 997 place
625 971 659 988 »...
673 964 836 988 Retrouvant
849 970 877 988 sa
892 961 978 992 lettre,
991 961 1051 996 qu’il
1065 964 1133 988 avait
1145 961 1237 988 oublié
1250 961 1396 996 d'envoyer,
1411 961 1424 988 il
1438 961 1531 988 donne
1544 961 1593 988 des
1607 961 1748 988 nouvelles
1761 961 1857 988 d’amis.
1873 961 1886 988 Il
1901 966 1971 988 reste
1984 964 1999 988 à
2012 963 2117 988 Cannes
2129 961 2230 997 jusqu’à
2243 961 2278 988 fin

309 1003 376 1035 avril,
388 1014 402 1026 «
416 1006 473 1039 puis
488 1009 578 1031 retour
590 1007 605 1031 à
618 1004 758 1033 Marseille,
772 1019 791 1021 -
805 1009 834 1031 et
845 1003 1011 1035 finalement,
1024 1013 1082 1031 vers
1095 1004 1219 1035 octobre,
1232 1007 1381 1039 espérance
1394 1004 1429 1031 de
1443 1007 1543 1031 revenir
1555 1003 1773 1031 définitivement
1785 1013 1828 1031 sur
1841 1006 1911 1031 Paris.
1925 1019 1944 1021 -
1957 1003 2027 1031 C’est
2040 1003 2184 1031 embêtant
2196 1004 2231 1031 de
2245 1013 2279 1031 ne

310 1055 356 1082 pas
369 1049 459 1073 même
471 1049 556 1073 savoir
567 1049 603 1073 où
615 1055 651 1073 on
664 1055 769 1073 mourra
780 1056 814 1073 »...

219 1126 258 1151 85.
309 1119 417 1151 OPÉRA
427 1127 466 1151 DE
476 1126 571 1151 PARIS.
583 1127 690 1151 Environ
700 1126 750 1151 100
762 1124 854 1151 lettres
865 1133 901 1151 ou
912 1127 1004 1159 pièces
1015 1127 1197 1155 manuscrites,
1208 1127 1361 1159 imprimées
1371 1133 1407 1151 ou
1418 1124 1642 1159 multigraphiées,
1654 1129 1804 1159 provenant
1813 1124 1862 1151 des
1872 1124 1991 1151 archives
2001 1124 2133 1159 d’Eugène
2144 1127 2200 1155 Rut,
2209 1126 2278 1151 1871-

308 1169 378 1194 1892.
2142 1169 2278 1194 600/800

345 1228 493 1253 Intéressant
503 1235 594 1253 dossier
604 1235 646 1253 sur
656 1235 682 1253 la
692 1235 789 1253 gestion
801 1235 828 1253 de
839 1226 942 1253 l’Opéra.
950 1228 1132 1261 Jean-Eugène
1145 1229 1196 1253 Ritt
1206 1226 1358 1261 (1817-1907)
1370 1226 1467 1261 dirigea
1480 1226 1586 1261 l’Opéra
1597 1226 1632 1253 de
1645 1229 1708 1253 Paris
1720 1235 1784 1253 avec
1797 1226 1879 1253 Pedro
1891 1226 2014 1253 Gailhard
2027 1226 2062 1253 de
2073 1228 2136 1253 1885
2148 1229 2162 1253 à
2173 1228 2243 1253 1892.

344 1268 452 1295 Cahiers
466 1268 515 1296 des
528 1268 639 1304 charges
653 1277 656 1295 :
669 1271 724 1295 1871
739 1269 817 1304 (pour
832 1268 1024 1304 l’exploitation
1039 1278 1085 1304 par
1099 1268 1391 1304 Halanzier-Dufrenoy,
1405 1277 1469 1296 avec
1483 1268 1685 1296 modifications
1698 1268 1734 1295 de
1747 1271 1807 1295 1874
1820 1268 1940 1303 collées),
1953 1271 2017 1295 1884
2031 1268 2053 1303 (3
2067 1278 2112 1299 ex.,
2126 1268 2197 1296 dont
2209 1268 2277 1296 celui

309 1314 382 1346 signé
396 1320 441 1346 par
455 1313 506 1338 Ritt
518 1316 548 1338 et
560 1313 587 1338 A.
601 1311 725 1341 Fallières,
738 1320 803 1338 avec
816 1316 897 1338 notes
909 1316 1009 1346 autogr.
1022 1311 1057 1338 de
1071 1314 1123 1338 Ritt
1135 1316 1164 1338 et
1178 1311 1200 1338 la
1212 1311 1451 1346 correspondance
1464 1320 1528 1338 avec
1543 1311 1768 1338 l’administration
1782 1320 1850 1346 pour
1864 1311 1886 1338 la
1900 1311 2086 1338 modification
2100 1311 2135 1338 de
2149 1311 2278 1346 plusieurs

308 1353 431 1388 articles),
442 1356 496 1380 1891
509 1353 547 1388 (et
557 1356 644 1381 arrêté
656 1353 819 1381 modificatif
827 1356 841 1381 à
854 1353 875 1380 la
886 1353 1024 1380 demande
1035 1353 1167 1389 d’Eugène
1179 1353 1320 1388 Bertrand).
1331 1355 1444 1381 Contrat
1455 1363 1523 1389 pour
1535 1353 1557 1381 la
1568 1353 1754 1380 commandite
1765 1353 1801 1380 de
1811 1353 1968 1380 Vaucorbeil
1980 1353 2066 1388 (1879).
2079 1356 2198 1389 Rapport
2209 1353 2244 1380 de
2256 1353 2278 1381 la

309 1398 489 1423 Commission
502 1396 552 1423 des
563 1396 684 1423 théâtres
697 1405 739 1423 sur
753 1396 775 1423 la
787 1399 914 1431 question
927 1396 963 1423 de
977 1396 1082 1431 l’Opéra
1094 1396 1180 1431 (1878).
1193 1396 1388 1423 Observations
1401 1399 1561 1431 présentées
1575 1405 1620 1431 par
1632 1396 1755 1423 Gailhard
1768 1405 1800 1423 au
1814 1405 1878 1423 nom
1891 1396 1926 1423 de
1940 1396 1962 1423 la
1976 1398 2111 1423 Direction
2124 1396 2159 1423 de
2173 1396 2279 1431 l’Opéra

309 1438 409 1465 devant
424 1438 446 1465 la
461 1441 642 1466 Commission
657 1438 706 1465 des
720 1438 848 1466 Théâtres
862 1438 885 1473 (3
900 1438 954 1473 ex.).
970 1438 1121 1466 Evaluation
1136 1438 1172 1465 du
1187 1441 1414 1465 cautionnement
1428 1438 1463 1465 de
1479 1441 1530 1465 Ritt
1545 1448 1591 1474 par
1606 1438 1628 1465 la
1643 1441 1734 1466 Caisse
1748 1438 1797 1466 des
1812 1438 1915 1474 dépôts
1929 1444 1958 1465 et
1972 1441 2175 1474 consignations
2190 1438 2278 1473 (1884).

310 1481 406 1508 Relevé
417 1481 466 1508 des
478 1481 576 1508 décors
587 1490 619 1508 au
630 1481 737 1508 théâtre
749 1486 778 1508 et
788 1490 837 1508 aux
849 1483 987 1516 magasins,
998 1486 1027 1508 et
1039 1484 1197 1508 inventaires
1208 1481 1258 1508 des
1270 1481 1468 1508 marchandises
1480 1490 1513 1508 en
1526 1484 1642 1516 magasin
1654 1481 1726 1516 (1884
1738 1486 1767 1508 et
1776 1483 1847 1512 1892,
1858 1490 1923 1508 avec
1935 1483 2053 1508 réserves
2064 1486 2094 1508 et
2104 1486 2232 1516 comptes
2243 1481 2278 1508 de

310 1523 483 1559 liquidation).
496 1523 622 1550 Plusieurs
633 1526 704 1550 états
717 1523 872 1550 nominatifs
883 1523 932 1550 des
943 1523 1094 1554 chanteurs,
1106 1532 1170 1550 avec
1183 1523 1251 1550 leurs
1262 1526 1493 1559 appointements.
1505 1525 1638 1559 Comptes
1649 1523 1735 1550 divers
1747 1533 1751 1550 :
1761 1523 1822 1550 frais
1833 1523 1868 1550 de
1880 1526 1946 1550 mise
1957 1532 1990 1550 en
2002 1526 2092 1553 scène,
2103 1523 2278 1550 décorations

308 1571 337 1593 et
351 1571 492 1593 costumes
507 1575 511 1597 ;
527 1568 756 1601 représentations
771 1566 991 1593 extraordinaires
1006 1575 1010 1597 ;
1025 1571 1153 1601 comptes
1167 1566 1216 1593 des
1231 1569 1366 1593 exercices
1381 1575 1384 1596 ;
1398 1566 1508 1593 tableau
1523 1565 1686 1601 comparatif
1698 1575 1763 1593 avec
1779 1566 1801 1593 la
1815 1566 1948 1593 direction
1963 1566 2120 1593 Vaucorbeil
2135 1575 2139 1597 ;
2153 1565 2227 1593 tarifs
2242 1566 2277 1593 du

309 1611 362 1643 prix
377 1608 426 1635 des
442 1608 540 1644 places,
555 1614 607 1635 etc.
623 1603 692 1635 États
707 1608 756 1635 des
772 1613 890 1635 recettes
905 1608 954 1635 des
968 1608 1089 1635 théâtres
1105 1611 1232 1643 parisiens
1247 1608 1327 1643 (1891).
1344 1611 1476 1644 Rapports
1491 1608 1526 1635 de
1543 1608 1564 1635 la
1579 1611 1754 1635 commission
1770 1608 1805 1635 du
1822 1608 1924 1644 budget
1938 1608 2016 1643 (1885,
2031 1610 2188 1638 1886,1888.
2204 1611 2278 1635 Note

309 1660 348 1678 ms
362 1656 391 1678 et
406 1656 516 1686 rapport
529 1651 564 1678 du
579 1650 687 1678 Conseil
703 1651 845 1686 municipal
860 1651 895 1678 de
910 1654 973 1678 Paris
987 1660 1030 1678 sur
1044 1660 1077 1678 un
1093 1653 1181 1686 projet
1195 1650 1235 1678 d'«
1248 1653 1332 1686 opéra
1347 1650 1487 1686 populaire
1500 1661 1514 1673 »
1527 1651 1616 1686 (1884).
1630 1650 1875 1686 Correspondance
1889 1651 1924 1678 de
1939 1653 1991 1678 Ritt
2004 1660 2068 1678 avec
2082 1651 2131 1678 des
2146 1653 2278 1678 ministres

308 1702 344 1720 ou
358 1693 593 1723 administrateurs,
608 1698 781 1720 notamment
795 1696 865 1720 Léon
880 1696 1024 1729 Bourgeois
1038 1698 1067 1720 et
1081 1696 1167 1729 Henry
1182 1696 1292 1728 Roujon,
1306 1702 1370 1720 avec
1385 1696 1500 1720 minutes
1514 1693 1550 1720 de
1563 1702 1606 1720 ses
1621 1693 1721 1724 lettres,
1735 1698 1764 1720 et
1777 1693 1863 1720 divers
1877 1693 1976 1728 (Alfred
1992 1693 2119 1723 Edwards,
2134 1694 2260 1728 Mermet)
2273 1702 2277 1724 ;

308 1741 415 1763 contrat
426 1745 491 1763 avec
503 1735 604 1771 Heugel
617 1745 685 1771 pour
698 1736 721 1763 le
734 1736 853 1763 matériel
866 1736 1029 1763 d'orchestre
1041 1736 1076 1763 de
1087 1736 1190 1763 Fidélio.
1204 1738 1291 1763 Notes
1303 1736 1338 1763 de
1351 1738 1403 1763 Ritt
1414 1745 1456 1763 sur
1469 1736 1492 1763 le
1505 1738 1659 1771 répertoire.
1672 1738 1841 1763 Documents
1853 1736 1939 1763 divers
1951 1745 1955 1763 :
1968 1736 2118 1771 règlement
2129 1736 2164 1763 du
2177 1738 2278 1763 service

308 1778 343 1805 du
355 1778 438 1805 chant
449 1778 522 1813 (1821)
534 1787 538 1809 ;
550 1780 565 1805 2
576 1781 713 1805 scénarios
724 1778 845 1814 d'opéras
857 1778 935 1813 (dont
946 1778 1069 1814 Loreley).

217 1858 258 1883 86.
308 1858 445 1883 Giovanni
458 1856 615 1891 PAISIELLO
627 1856 768 1891 (1741-1816)
780 1859 972 1891 compositeur.
985 1858 1069 1887 L.A.S.,
1082 1859 1145 1883 Paris
1157 1858 1189 1883 24
1200 1856 1326 1891 germinal
1339 1859 1373 1883 XII
1387 1856 1422 1891 (14
1433 1856 1492 1883 avril
1504 1856 1586 1891 1804),
1598 1859 1612 1883 à
1624 1865 1657 1883 un
1669 1856 1775 1891 général
1789 1865 1792 1886 ;
1804 1858 1819 1883 2
1831 1865 1913 1891 pages
1926 1859 1986 1883 in-4.
2120 1858 2278 1883 800/1.000

345 1918 408 1942 Belle
419 1925 494 1942 lettre
504 1925 546 1943 sur
557 1918 655 1943 Lesueur
665 1925 705 1946 qui
717 1925 749 1943 lui
760 1920 860 1943 succède
870 1925 959 1943 comme
970 1918 1096 1943 Directeur
1106 1925 1133 1942 de
1144 1925 1169 1942 la
1181 1918 1293 1946 Musique
1304 1925 1334 1942 du
1347 1918 1441 1942 Premier
1451 1917 1551 1943 Consul
1562 1918 1701 1943 Bonaparte.

346 1958 359 1985 Il
369 1963 412 1985 est
422 1961 469 1985 ravi
480 1958 515 1985 du
525 1958 604 1985 choix
614 1958 649 1985 de
660 1960 757 1985 Lesueur
766 1967 835 1993 pour
845 1958 876 1985 lui
887 1958 1019 1985 succéder
1027 1968 1041 1980 «
1050 1961 1064 1985 à
1075 1958 1097 1985 la
1108 1958 1185 1993 place
1194 1958 1229 1985 de
1240 1961 1377 1985 Directeur
1386 1958 1421 1985 de
1432 1958 1454 1985 la
1464 1961 1589 1993 Musique
1598 1958 1633 1985 du
1645 1960 1755 1985 Premier
1764 1958 1864 1985 Consul
1875 1958 1914 1993 (...)
1924 1960 1961 1985 Ce
1971 1958 2050 1985 choix
2060 1967 2114 1985 non
2124 1958 2278 1985 seulement

309 2000 414 2028 honore
426 2000 449 2028 le
460 2000 568 2030 Consul,
580 2003 644 2028 mais
655 2010 756 2028 encore
766 2006 809 2028 est
820 2010 872 2028 une
884 2010 983 2036 preuve
994 2000 1072 2028 d’une
1083 2000 1241 2028 distinction
1252 2000 1386 2028 attribuée
1397 2003 1579 2028 entièrement
1590 2010 1622 2028 au
1632 2000 1720 2028 talent
1730 2006 1759 2027 et
1770 2010 1802 2028 au
1814 2003 1909 2028 mérite
1919 2000 1955 2028 de
1965 2010 1997 2028 ce
2008 2003 2196 2036 compositeur
2206 2011 2226 2027 ».
2239 2000 2252 2028 Il
2264 2010 2278 2028 a

308 2043 401 2070 donné
411 2048 475 2070 tous
487 2043 525 2070 les
536 2046 767 2078 renseignements
779 2043 857 2070 utiles
868 2046 882 2070 à
894 2046 1010 2074 Lesueur,
1021 2048 1051 2070 et
1062 2043 1093 2070 lui
1105 2052 1120 2070 a
1129 2053 1143 2065 «
1155 2046 1231 2070 remis
1241 2048 1322 2070 toute
1335 2043 1357 2070 la
1368 2046 1490 2078 musique
1501 2048 1682 2078 appartenant
1692 2052 1724 2070 au
1737 2046 1847 2070 Premier
1857 2043 1957 2070 Consul
1969 2053 1988 2070 ».
2001 2043 2014 2070 Il
2026 2046 2153 2070 emmène
2165 2046 2278 2070 Lesueur

307 2095 321 2108 «
333 2088 347 2113 à
362 2085 384 2113 la
397 2088 543 2121 répétition
557 2085 592 2113 de
607 2085 628 2113 la
642 2088 733 2113 Messe
746 2085 823 2121 qu’on
836 2085 896 2113 doit
909 2088 1037 2113 exécuter
1050 2085 1157 2112 demain
1170 2088 1184 2112 à
1197 2085 1400 2120 S[aint-]Cloud,
1412 2088 1437 2120 je
1452 2085 1475 2113 le
1489 2088 1651 2121 présenterai
1665 2088 1680 2113 à
1691 2090 1755 2113 tous
1770 2085 1807 2113 les
1820 2088 1926 2113 artistes
1939 2091 2106 2121 composant
2120 2085 2142 2113 la
2155 2088 2277 2121 musique

308 2128 343 2155 du
357 2130 467 2155 Premier
479 2128 586 2158 Consul,
600 2128 655 2155 leur
665 2128 743 2155 ferait
756 2133 814 2163 part
826 2128 861 2155 de
874 2137 902 2155 sa
914 2131 1090 2158 nomination,
1102 2133 1132 2155 et
1145 2128 1300 2155 l’installerai
1313 2138 1333 2155 ».
1347 2128 1360 2155 Il
1374 2131 1470 2163 espère
1484 2128 1507 2155 le
1521 2128 1552 2155 lui
1566 2131 1706 2163 présenter
1718 2128 1832 2159 demain,
1845 2133 1874 2155 et
1887 2128 1918 2155 lui
1932 2128 2082 2155 demander
2092 2138 2106 2150 «
2120 2128 2143 2155 le
2153 2131 2213 2163 jour
2224 2137 2278 2163 que

309 2179 377 2198 nous
390 2179 521 2206 pourrons
533 2173 604 2197 avoir
617 2170 755 2198 l’honneur
766 2170 851 2198 d’être
863 2173 1005 2206 présentés
1017 2180 1049 2197 au
1062 2173 1173 2197 Premier
1184 2170 1284 2198 Consul
1296 2180 1328 2198 »...

221 2250 257 2275 87.
308 2250 455 2276 Louis-Luc
469 2250 584 2275 Loiseau
598 2248 635 2275 de
649 2249 778 2283 PERSUIS
792 2249 941 2283 (1769-1819)
955 2251 1143 2284 compositeur
1156 2254 1185 2275 et
1199 2248 1265 2275 chef
1276 2248 1446 2276 d’orchestre.
1462 2251 1539 2275 L.A.S.
1553 2253 1582 2275 et
1597 2250 1649 2279 L.S.,
1663 2251 1790 2275 1815-1819
1804 2258 1808 2278 ;
1822 2251 1829 2275 1
1846 2258 1913 2284 page
1929 2251 1983 2275 in-4
1997 2254 2026 2275 et
2038 2251 2046 2275 1
2063 2257 2130 2284 page
2144 2254 2173 2275 et
2187 2248 2278 2275 demie

309 2291 393 2318 in-fol.
405 2294 419 2318 à
431 2293 540 2318 en-tête
550 2291 696 2318 Académie
707 2291 806 2326 Royale
817 2291 851 2318 de
862 2293 992 2326 Musique.
2152 2293 2277 2318 150/200

342 2350 376 2377 26
387 2350 530 2377 décembre
543 2352 603 2381 1815,
614 2353 629 2377 à
641 2359 674 2377 un
686 2350 819 2377 chevalier
830 2359 833 2377 :
847 2350 860 2377 il
874 2350 905 2377 lui
918 2350 989 2377 offre
1000 2360 1014 2372 «
1025 2359 1058 2377 un
1071 2350 1232 2385 exemplaire
1244 2350 1279 2377 du
1291 2350 1373 2377 chant
1384 2350 1496 2384 français
1510 2353 1569 2377 Vive
1581 2350 1604 2377 le
1615 2353 1662 2377 Roi
1675 2353 1734 2377 Vive
1746 2350 1771 2377 la
1782 2353 1883 2381 France,
1895 2355 1971 2377 cette
1982 2355 2092 2377 cantate
2104 2359 2157 2385 que
2167 2353 2192 2385 je
2204 2353 2277 2377 viens

308 2392 343 2420 de
357 2392 421 2420 faire
435 2402 524 2428 graver
538 2398 616 2428 ayant
630 2392 754 2420 obtenue
769 2402 802 2420 un
818 2395 914 2420 succès
928 2392 995 2420 dans
1009 2398 1103 2420 toutte
1119 2392 1141 2419 la
1157 2395 1250 2420 France
1265 2395 1308 2428 qui
1325 2392 1347 2420 la
1363 2392 1445 2420 rendu
1461 2392 1597 2420 nationale
1612 2395 1644 2420 »...
1657 2395 1691 2419 24
1706 2392 1770 2420 avril
1786 2395 1848 2423 1819,
1863 2395 1877 2420 à
1892 2402 1925 2420 un
1940 2398 2035 2420 comte
2050 2402 2053 2420 :
2070 2392 2083 2420 il
2098 2392 2224 2428 explique
2240 2392 2277 2420 les

309 2438 409 2462 raisons
421 2435 582 2470 historiques
593 2438 636 2470 qui
648 2440 698 2462 ont
709 2438 806 2462 amené
819 2435 841 2462 la
852 2438 1026 2470 suppression
1037 2435 1104 2462 dans
1115 2435 1246 2470 Iphigénie
1257 2444 1290 2462 en
1299 2435 1394 2462 Aulide
1405 2435 1440 2462 de
1451 2437 1533 2462 Gluck
1545 2435 1568 2462 le
1579 2435 1677 2462 choeur
1687 2437 1701 2462 «
1712 2435 1857 2465 Chantons,
1869 2435 2010 2462 célébrons
2020 2440 2099 2462 notre
2109 2438 2188 2462 Reine
2198 2445 2218 2466 »,
2229 2438 2244 2462 à
2256 2435 2278 2462 la

309 2480 378 2505 suite
390 2477 468 2505 d'une
481 2477 683 2505 manifestation
695 2477 873 2505 scandaleuse
885 2480 981 2505 contre
993 2480 1230 2505 Marie-Antoinette
1241 2487 1275 2505 en
1286 2480 1351 2505 1790
1363 2487 1366 2508 ;
1380 2477 1393 2505 il
1406 2483 1449 2505 est
1461 2480 1577 2513 partisan
1589 2477 1625 2505 de
1637 2480 1777 2505 maintenir
1790 2477 1812 2505 la
1824 2480 1998 2513 suppression
2010 2487 2014 2504 :
2025 2488 2039 2500 «
2050 2480 2119 2505 Sous
2132 2477 2155 2505 le
2168 2483 2279 2513 rapport

308 2520 482 2555 dramatique,
496 2520 509 2547 il
521 2520 569 2547 fait
582 2520 715 2555 longueur,
727 2529 791 2547 sous
803 2520 870 2547 celui
884 2520 919 2547 de
932 2520 954 2547 la
966 2523 1095 2555 musique,
1109 2520 1122 2547 il
1134 2525 1177 2547 est
1188 2520 1270 2547 criard
1283 2530 1315 2547 »...

217 2592 258 2625 88.
309 2592 393 2625 Émile
405 2598 545 2633 PESSARD
557 2598 712 2633 (1843-1917).
725 2601 866 2625 Manuscrit
876 2607 974 2625 musical
985 2598 1153 2633 autographe
1165 2601 1245 2633 signé,
1257 2603 1286 2625 et
1297 2600 1312 2625 2
1324 2600 1408 2627 L.A.S.,
1419 2600 1558 2629 1912-1925,
1570 2600 1584 2625 à
1595 2600 1713 2625 Antonin
1726 2601 1825 2625 Lugnier
1836 2607 1839 2628 ;
1851 2601 1858 2625 1
1872 2607 1940 2633 page
1953 2598 2044 2628 in-fol.,
2056 2603 2085 2625 et
2096 2600 2109 2625 3
2122 2607 2203 2633 pages
2217 2600 2278 2629 in-8,

309 2650 361 2668 une
373 2640 536 2676 enveloppe.
2147 2642 2278 2668 200/250

342 2702 375 2727 25
387 2702 441 2727 mai
454 2702 514 2727 1912.
527 2702 627 2727 Auteur
639 2700 674 2727 de
687 2700 821 2727 mélodies
833 2710 847 2722 «
859 2699 997 2735 agréables
1010 2709 1059 2727 aux
1073 2702 1173 2735 ignares
1185 2710 1199 2722 »
1210 2705 1240 2727 et
1251 2709 1305 2735 que
1319 2699 1342 2727 le
1355 2699 1444 2735 public
1456 2699 1591 2727 fredonne
1604 2709 1637 2727 en
1650 2703 1770 2735 quittant
1783 2700 1806 2727 le
1818 2699 1932 2731 théâtre,
1946 2699 1959 2727 il
1972 2705 2088 2735 accepte
2101 2709 2165 2727 avec
2176 2702 2231 2735 joie
2243 2700 2278 2727 de

310 2742 429 2778 présider
440 2751 473 2769 un
485 2742 561 2769 dîner
571 2742 606 2769 du
619 2744 723 2769 Caveau
735 2752 738 2769 :
749 2752 764 2765 «
774 2747 855 2769 toute
867 2751 908 2769 ma
920 2745 968 2773 vie,
979 2751 1011 2769 ce
1024 2742 1083 2769 mot
1094 2742 1131 2769 “le
1142 2742 1264 2769 Caveau"
1275 2751 1290 2769 a
1302 2745 1459 2778 représenté
1471 2751 1539 2777 pour
1551 2745 1604 2769 moi
1618 2742 1642 2769 le
1652 2742 1788 2769 flambeau
1800 2742 1835 2769 de
1848 2742 1870 2769 la
1881 2745 1966 2769 vérité
1978 2742 2002 2769 le
2013 2747 2106 2769 centre
2117 2742 2153 2769 de
2166 2742 2187 2769 la
2199 2744 2278 2769 Gaîté

309 2787 449 2819 Française,
460 2785 495 2812 de
507 2785 529 2812 la
539 2784 639 2812 finesse
649 2785 684 2812 de
697 2784 792 2820 l'esprit
803 2787 823 2812 8,
832 2784 848 2812 d
862 2784 1054 2812 l'observation.
1065 2784 1135 2812 C’est
1145 2785 1211 2812 dans
1222 2785 1247 2812 la
1258 2784 1305 2812 Clé
1314 2785 1350 2812 du
1361 2787 1470 2812 Caveau
1480 2794 1534 2820 que
1542 2784 1579 2820 j’ai
1591 2787 1679 2820 appris
1689 2788 1704 2812 à
1714 2784 1805 2812 solfier
1815 2790 1844 2812 et
1854 2794 1907 2820 que
1916 2784 1953 2820 j'ai
1964 2787 2082 2820 compris
2094 2785 2118 2812 le
2129 2785 2233 2820 rythme
2244 2795 2278 2812 »...

309 2830 340 2854 Le
353 2836 486 2854 manuscrit
497 2827 601 2858 musical,
614 2827 678 2854 daté
690 2837 704 2849 «
718 2830 850 2862 Déjeuner
863 2827 898 2854 du
912 2829 1016 2854 Caveau
1028 2830 1055 2854 14
1067 2830 1119 2862 juin
1132 2829 1188 2854 1912
1200 2837 1220 2858 »,
1233 2832 1276 2854 est
1289 2837 1322 2854 un
1336 2827 1457 2854 discours
1470 2836 1504 2854 en
1516 2827 1605 2854 forme
1618 2827 1653 2854 de
1666 2827 1794 2858 chanson,
1808 2836 1841 2854 en
1854 2830 1870 2854 4
1883 2827 2010 2863 strophes
2023 2836 2027 2854 :
2038 2837 2053 2850 «
2066 2830 2131 2854 Pour
2144 2827 2279 2863 répondre

309 2879 341 2897 au
352 2875 428 2897 toast
439 2870 517 2897 élevé
529 2869 648 2901 Qu’vous
661 2869 845 2897 m’adressâtes
856 2875 920 2897 tout
931 2872 945 2897 à
958 2870 1056 2897 l’heure
1067 2872 1138 2897 Avec
1148 2872 1214 2897 trois
1226 2869 1326 2897 sourir’s
1338 2872 1352 2897 à
1365 2870 1387 2897 la
1399 2869 1441 2897 clé
1450 2869 1521 2901 J’vais
1532 2869 1645 2897 chanter
1656 2879 1689 2897 en
1702 2872 1781 2897 Gaîté
1793 2873 1910 2905 majeure
1921 2870 1955 2905 »...
1965 2870 2011 2905 [26
2022 2870 2087 2897 avril
2100 2870 2170 2905 1915],
2182 2879 2214 2897 au
2227 2870 2278 2897 dos

308 2912 387 2939 d’une
400 2915 539 2939 invitation
552 2915 566 2939 à
579 2921 612 2939 un
626 2912 746 2947 banquet
758 2912 793 2939 du
806 2914 910 2939 Caveau
923 2922 927 2939 :
938 2922 953 2935 «
961 2915 989 2943 Je
1002 2915 1054 2939 suis
1066 2915 1169 2939 enroué
1181 2917 1210 2939 et
1220 2915 1246 2947 je
1257 2917 1353 2939 tousse
1365 2921 1397 2939 ce
1409 2915 1452 2948 qui
1466 2912 1609 2939 m’interdit
1620 2912 1656 2939 de
1668 2912 1780 2939 chanter
1791 2921 1827 2939 ou
1840 2912 1876 2939 de
1889 2921 2002 2948 pousser
2014 2912 2063 2939 des
2073 2912 2217 2948 zippplipp,
2229 2912 2278 2939 des

307 2966 403 2984 zouras
414 2963 443 2984 et
454 2957 612 2984 d’acclamer
625 2957 662 2984 les
674 2962 782 2984 auteurs
793 2957 829 2984 de
839 2957 917 2992 jolies
929 2957 1065 2984 chansons
1076 2967 1110 2984 »...

130 3079 158 3103 18
