2982 5029
233 363 279 427 4

1309 373 1611 431 MANUEL

227 533 499 621 aspect
551 521 861 599 louable
895 525 993 599 de
1037 523 1191 619 feu,
1235 521 1657 621 d’énergie,
1705 543 1849 619 par
1883 521 2333 621 opposition
2367 521 2417 623 à
2449 521 2683 623 frigi¬

223 643 363 723 dus
369 707 389 745 ,
431 649 741 725 comme
779 643 959 739 δξύς;
1001 643 1369 723 vehemens
1377 705 1397 739 ,
1455 667 1641 723 sous
1677 667 1819 721 son
1847 651 2115 743 aspect
2157 643 2547 721 blâmable
2585 645 2683 721 de

227 769 547 845 chaleur
601 777 677 847 et
725 769 827 845 de
879 765 1227 867 passion,
1291 791 1429 867 par
1487 765 1937 867 opposition
1991 765 2041 845 à
2097 765 2309 863 lenis,
2373 787 2683 847 comme

225 887 523 997 σφοδρός.

321 1019 685 1091 Acerbus.
749 1013 1087 1091 Amarus.
1149 1013 1473 1089 Acerbus
1507 1033 1833 1111 marque
1871 1035 2027 1091 une
2061 1021 2499 1091 amertume
2549 1011 2681 1113 qui

225 1145 577 1233 emporte
617 1135 687 1211 la
731 1135 1067 1229 bouche,
1113 1159 1255 1235 par
1293 1135 1743 1235 opposition
1775 1141 1823 1215 à
1861 1137 2103 1235 mitis,
2135 1139 2449 1215 comme
2489 1133 2637 1231 δξύς
2661 1161 2679 1231 ;

221 1283 545 1353 amarus,
577 1281 731 1337 une
763 1267 1197 1337 amertume
1229 1257 1365 1357 qui
1393 1259 1757 1357 dégoûte,
1791 1283 1933 1361 par
1965 1257 2413 1359 opposition
2447 1257 2497 1337 à
2517 1257 2687 1335 dul¬

221 1383 359 1479 cis,
395 1405 709 1461 Comme
745 1381 1005 1487 πικρός.

323 1509 687 1583 Acervus.
759 1505 1197 1583 Congeries.
1271 1507 1583 1583 Strues.
1657 1505 2029 1585 Cumulus,
2103 1507 2177 1585 i.
2233 1507 2553 1583 Acervus
2611 1511 2689 1583 et

221 1629 613 1727 congeries,
661 1649 1047 1705 monceau
1091 1629 1425 1727 d’objets
1457 1629 1557 1705 de
1595 1635 1857 1707 même
1903 1629 2179 1731 espèce
2215 1635 2689 1729 auparavant

221 1749 611 1849 dispersés
647 1751 887 1847 qu’on
933 1747 1193 1829 réunit
1225 1757 1301 1827 et
1349 1753 1591 1849 qu’on
1629 1761 1937 1831 entasse
1975 1777 2071 1831 en
2103 1775 2209 1829 un
2243 1751 2401 1829 lieu
2439 1775 2457 1827 :
2491 1775 2691 1827 acer¬

219 1895 347 1947 vus
387 1871 741 1971 indique,
795 1895 1107 1951 comme
1145 1897 1385 1977 σωρός,
1433 1895 1543 1951 un
1599 1873 1895 1953 certain
1947 1877 2179 1953 ordre
2229 1883 2307 1953 et
2341 1893 2685 1971 suppose

225 1993 685 2073 d’habitude
719 2019 873 2073 une
921 1997 1173 2073 forme
1221 1995 1597 2101 conique;
1651 2001 2017 2099 congeries
2061 1999 2335 2077 admet
2385 2003 2555 2075 tout
2611 1995 2687 2073 le

223 2117 599 2195 désordre
651 2119 749 2195 de
809 2117 885 2195 la
947 2117 1433 2219 négligence.
1507 2119 1775 2197 Strues
1843 2117 2295 2219 s’emploie,
2371 2139 2687 2199 comme

221 2235 483 2339 θημών,
521 2263 725 2339 pour
775 2261 1149 2341 marquer
1195 2265 1347 2345 que
1383 2243 1459 2321 la
1495 2243 1691 2321 mise
1731 2265 1827 2321 en
1861 2249 1973 2321 tas
1999 2265 2045 2319 a
2069 2241 2387 2339 produit
2429 2265 2533 2319 un
2573 2263 2691 2317 ar¬

221 2373 683 2463 rangement
731 2387 1107 2461 nouveau,
1171 2367 1431 2445 donné
1489 2391 1639 2445 aux
1699 2365 1951 2465 objets
2013 2363 2483 2443 rassemblés
2531 2387 2687 2441 une

217 2487 471 2567 forme
515 2487 1023 2583 déterminée,
1079 2487 1301 2587 utile,
1355 2487 1817 2567 artificielle.
1879 2491 2103 2567 Curt.
2167 2489 2359 2585 VIII,
2413 2493 2487 2581 7,
2541 2489 2673 2567 11.

219 2609 519 2687 Passim
557 2635 845 2689 acervos
879 2623 1275 2713 struesqae
1325 2609 1889 2691 accendebant.
1941 2611 2043 2689 Ils
2103 2609 2561 2689 allumaient
2595 2609 2687 2705 çà

217 2741 291 2809 et
337 2733 411 2811 là
449 2735 589 2811 des
625 2741 743 2811 tas
783 2743 859 2811 et
897 2737 1039 2813 des
1075 2735 1275 2835 piles
1315 2737 1413 2813 de
1453 2735 1655 2813 bois.

315 2857 387 2937 2.
457 2857 819 2937 Cumulus
853 2881 951 2935 ne
985 2857 1291 2957 signifie
1329 2857 1553 2957 point
1583 2857 1655 2935 le
1683 2867 1799 2935 tas
1829 2857 2277 2951 lui-méme,
2303 2855 2501 2933 mais
2525 2879 2689 2933 seu¬

213 2977 507 3057 lement
547 2979 621 3057 la
657 2979 925 3079 pointe
963 2981 1099 3079 qui
1139 2979 1213 3057 le
1253 2979 1617 3073 termine,
1679 2977 1751 3055 la
1809 2977 2169 3057 dernière
2225 2979 2483 3079 pierre
2541 2977 2687 3081 qui

215 3103 479 3179 donne
515 3101 731 3179 seule
769 3103 815 3179 à
845 3125 997 3181 une
1023 3101 1563 3179 construction
1595 3123 1737 3177 son
1777 3099 2161 3181 élévation
2183 3099 2571 3199 régulière
2607 3107 2685 3177 et

215 3227 571 3325 parfaite,
605 3227 653 3303 à
677 3249 831 3325 peu
861 3227 1045 3327 près
1081 3249 1393 3305 comme
1431 3223 1683 3331 κορυφή
1705 3249 1725 3315 ;
1763 3225 2171 3321 cumulare,
2217 3249 2317 3303 en
2343 3225 2689 3323 particu¬

213 3351 383 3447 lier,
407 3373 489 3427 se
511 3351 945 3451 rapproche
969 3357 1137 3429 tout
1155 3351 1199 3427 à
1217 3349 1355 3427 fait
1375 3351 1471 3427 de
1491 3349 2267 3455 xopucpoîiv.Comparez
2285 3349 2681 3445 Liv.XXII,

211 3473 337 3551 59.
387 3473 931 3569 Superstantes
1303 3491 1693 3547 csesorum
1733 3491 2153 3571 corporum
2193 3493 2209 3547 :
2239 3469 2521 3567 juchés
2555 3493 2689 3545 sur

213 3599 351 3673 des
383 3613 819 3675 monceaux
845 3597 943 3673 de
973 3597 1357 3689 victimes,
1395 3617 1581 3673 avec
1613 3595 1683 3669 la
1719 3597 1823 3671 fin
1859 3597 1963 3671 du
2001 3599 2259 3671 même
2283 3593 2637 3691 chapitre
2663 3619 2683 3673 :

211 3721 655 3799 Cannenses
695 3743 1017 3819 campos
1053 3721 1303 3797 acervi
1343 3721 1885 3795 Romanorum
1921 3737 2345 3817 corporum
2381 3725 2681 3815 tegunt.

211 3845 365 3919 Des
397 3853 509 3919 tas
539 3847 637 3921 de
663 3845 1027 3921 cadavres
1053 3841 1399 3919 romains
1431 3849 1807 3919 couvrent
1833 3841 1909 3917 la
1937 3841 2197 3941 plaine
2223 3841 2319 3917 de
2351 3837 2681 3919 Cannes.

213 3963 309 4041 Et
347 3965 605 4061 XXIII,
653 3969 725 4045 5.
767 3963 1111 4043 Molibus
1149 3965 1241 4041 ex
1277 3965 1805 4041 humanorum
1843 3985 2261 4061 corporum
2315 3975 2523 4041 strue
2573 3963 2689 4039 fa¬

211 4085 535 4163 ciendis.
581 4089 801 4165 Faire
853 4091 991 4167 des
1031 4087 1305 4187 digues
1341 4109 1439 4163 en
1483 4085 1869 4185 empilant
1901 4087 2041 4163 des
2073 4085 2469 4163 cadavres.

317 4211 611 4285 Achivi.
685 4211 973 4287 Achæi.
1043 4215 1403 4287 Achaius.
1479 4213 1879 4289 Achaicus.
1961 4213 2259 4287 Troius.
2329 4211 2681 4287 Troicus.

219 4331 289 4405 1.
351 4327 645 4423 Achivi,
683 4329 797 4407 les
825 4333 1063 4411 Grecs
1099 4331 1547 4427 d’Homère,
1597 4331 1779 4435 Άχα
1785 4331 1907 4427 toi;
1949 4329 2217 4409 Achœi
2251 4353 2333 4409 se
2383 4331 2499 4409 dit
2533 4331 2687 4409 soit

215 4451 353 4527 des
383 4449 777 4529 habitants
809 4455 907 4533 de
941 4457 1291 4535 l’Achaïe
1329 4465 1843 4557 proprement
1897 4455 2083 4553 dite,
2143 4455 2293 4533 soit
2341 4455 2529 4533 chez
2569 4455 2687 4533 les
