2960 4929
1045 465 1145 523 DB
1203 467 1631 525 SYNONYMIE
1689 467 1975 527 LATINE.

2639 455 2735 525 18

269 619 609 715 tropher
645 619 827 697 d’un
865 623 1007 695 ton
1055 619 1509 719 pathétique
1543 621 1753 719 plein
1799 617 2145 699 d’amitié
2193 639 2297 697 ou
2351 621 2447 697 de
2481 621 2735 699 solen¬

273 741 469 821 nité.
511 739 667 819 Cic.
705 739 1009 819 Cluent.
1067 743 1189 833 61.
1251 743 1505 833 Quum
1561 765 1793 821 nemo
1827 743 2175 841 recipere
2221 749 2457 837 tecto,
2501 765 2733 821 nemo

269 863 575 965 alloqui
579 923 601 957 ,
637 885 873 941 nemo
905 863 1297 963 respicere
1323 865 1579 945 vellet.
1621 867 1967 967 Lorsque
2005 889 2391 965 personne
2421 889 2517 945 ne
2547 891 2735 947 vou¬

273 979 419 1059 lait
475 981 553 1057 ni
603 981 677 1059 le
735 983 1133 1061 recueillir
1181 1009 1367 1063 sous
1419 1009 1559 1065 son
1613 985 1779 1083 toit,
1845 987 1925 1063 ni
1977 985 2433 1083 l’entendre,
2495 985 2569 1063 ni
2623 985 2735 1067 lui

279 1107 647 1181 adresser
709 1105 781 1183 la
869 1107 1159 1205 parole,
1255 1107 1335 1185 ni
1417 1109 1491 1185 le
1579 1111 1969 1209 regarder.
2061 1109 2485 1207 Comparez
2553 1131 2735 1189 avec

283 1227 489 1307 Phil.
553 1231 749 1323 ΧΠΙ,
805 1231 887 1309 2.
961 1231 1423 1311 Salutabunt
1477 1231 1841 1331 benigne,
1891 1233 2221 1311 comiter
2265 1231 2739 1333 appellabunt

279 1371 935 1453 unumquemque
969 1357 1351 1433 nostrum.
1391 1355 1491 1433 Ils
1533 1363 1811 1433 auront
1841 1379 2041 1453 pour
2077 1355 2377 1433 chacun
2415 1357 2511 1431 de
2539 1377 2737 1433 nous

279 1471 671 1551 un'abord
703 1473 1229 1571 bienveillant,
1265 1481 1403 1555 des
1437 1479 1745 1577 paroles
1779 1477 2157 1555 aimables
2193 1485 2269 1557 et
2307 1479 2735 1577 prévenan¬

281 1605 423 1675 tes.
471 1599 569 1675 Et
603 1599 823 1677 Brut.
871 1601 947 1677 3.
991 1599 1371 1679 Salutatio
1413 1601 1595 1677 libri
1655 1623 1811 1701 quo
1855 1623 1983 1677 me
2019 1601 2149 1677 hic
2185 1601 2457 1699 affatus
2513 1601 2735 1701 quasi

271 1721 675 1819 jacentem
723 1721 1141 1817 excitavit.,
1173 1723 1277 1799 La
1339 1721 1711 1801 dédicace
1771 1725 1877 1801 du
1921 1721 2109 1801 livre
2151 1725 2343 1799 dans
2387 1721 2643 1821 lequel
2681 1721 2735 1799 il

283 1843 869 1943 m’apostrophe
899 1853 979 1923 et
1009 1845 1141 1947 qui
1181 1849 1335 1923 m’a
1365 1847 1603 1925 retiré
1639 1847 1873 1923 d’une
1909 1853 2117 1923 sorte
2151 1843 2731 1923 d’abattement.

279 2035 523 2121 Alsus,
563 2027 629 2101 v.
667 2027 971 2123 Frigere.
1511 2035 1953 2117 Altercatio,
1989 2029 2059 2099 v.
2091 2029 2529 2119 Disceptatio.

375 2209 649 2285 Altus.
721 2205 1021 2283 Editus.
1089 2209 1497 2285 Procerus.
1569 2211 1895 2285 Arduus.
1963 2209 2261 2283 Celsus.
2333 2211 2729 2285 Excelsus.

283 2333 661 2409 Subumis.
719 2333 797 2407 1.
835 2329 1083 2423 Altus,
1125 2339 1373 2413 terme
1409 2329 1763 2429 général;
1805 2329 1859 2407 il
1897 2331 1977 2407 se
2017 2329 2133 2407 dit
2169 2329 2269 2407 de
2303 2329 2377 2405 la
2407 2331 2741 2407 hauteur

283 2479 385 2533 ou
423 2455 521 2533 de
555 2453 631 2529 la
663 2455 1145 2555 profondeur
1179 2453 1639 2533 considérée
1673 2475 1981 2533 comme
2025 2477 2177 2531 une
2217 2453 2355 2531 des
2395 2451 2585 2531 trois
2621 2453 2741 2531 di¬

283 2577 691 2657 mensions
745 2579 843 2653 de
897 2575 969 2651 la
1025 2575 1481 2673 géométrie,
1525 2585 1601 2653 et
1637 2579 1801 2655 doit
1833 2577 2271 2653 s’entendre
2309 2579 2407 2653 de
2453 2577 2527 2653 la
2555 2575 2743 2653 hau¬

283 2711 461 2779 teur
495 2723 633 2799 par
667 2699 1115 2801 opposition
1151 2697 1197 2777 à
1225 2697 1537 2773 humilis
1545 2755 1563 2791 ,
1601 2699 1645 2773 à
1675 2719 1767 2775 ce
1801 2697 1933 2795 qui
1971 2705 2173 2775 reste
2199 2697 2503 2775 attaché
2537 2707 2741 2775 terre

283 2823 329 2901 à
371 2831 607 2915 terre,
651 2845 749 2899 au
791 2821 1061 2899 niveau
1119 2821 1225 2897 du
1279 2821 1421 2913 sol,
1489 2827 1799 2899 comme
1837 2817 2127 2923 δψηλο'ς;
2193 2819 2469 2917 editus;
2529 2821 2739 2901 élevé

285 2969 431 3045 par
473 2943 923 3043 opposition
959 2945 1005 3045 à
1027 2943 1295 3045 planus
1303 3003 1321 3037 ,
1365 2943 1411 3021 à
1445 2965 1537 3021 ce
1567 2943 1699 3045 qui
1731 2945 2001 3021 n’offre
2039 2965 2189 3019 aux
2223 2967 2419 3045 yeux
2453 2947 2741 3045 qu’une

289 3069 591 3147 surface
625 3065 875 3167 plate;
937 3067 1145 3165 enfin
1185 3089 1555 3165 procerus,
1597 3087 1689 3143 ce
1721 3065 1857 3163 qui
1895 3087 1939 3141 a
1969 3065 2251 3163 poussé
2285 3087 2381 3141 en
2413 3065 2743 3143 hauteur

285 3213 389 3271 ou
421 3213 519 3269 en
561 3187 971 3287 longueur.
1025 3187 1105 3261 V
1109 3185 1439 3263 altitudo
1473 3189 1595 3263 n’a
1635 3187 1711 3261 ni
1749 3209 2059 3263 mesure
2097 3185 2177 3263 ni
2209 3185 2493 3281 limite;
2537 3187 2589 3265 V
2591 3185 2745 3265 edi¬

287 3325 447 3391 tum
485 3319 605 3391 est
635 3311 733 3387 de
781 3311 855 3387 la
901 3309 1111 3387 taille
1149 3311 1381 3387 d’une
1431 3309 1755 3403 colline;
1799 3309 1873 3411 la
1917 3309 2361 3411 proceritas,
2405 3311 2501 3389 de
2541 3307 2739 3387 celle

287 3437 475 3513 d’un
509 3433 733 3511 arbre
767 3455 871 3509 ou
899 3435 1085 3509 d’un
1115 3455 1345 3531 corps
1373 3431 1725 3509 humain.

381 3557 455 3637 2.
517 3557 763 3649 Altus,
815 3553 1059 3631 editus
1099 3561 1175 3653 et
1219 3577 1563 3653 procerus
1609 3553 2009 3631 réduisent
2061 3555 2131 3631 la
2177 3555 2509 3633 hauteur
2551 3553 2599 3631 à
2631 3577 2739 3631 un

289 3677 569 3779 simple
603 3683 929 3775 rapport
961 3677 1061 3751 de
1111 3675 1269 3753 lieu
1305 3683 1381 3753 et
1435 3675 1825 3775 d’espace;
1869 3675 2151 3753 arduus
2191 3699 2273 3753 se
2329 3677 2443 3753 dit
2499 3677 2595 3753 de
2647 3701 2737 3755 ce

293 3801 425 3903 qui
461 3807 583 3879 est
619 3799 939 3877 d’abord
987 3797 1205 3891 haut,
1251 3797 1427 3897 puis
1465 3801 1785 3897 escarpé
1821 3807 1899 3877 et
1935 3797 2467 3895 inaccessible,
2513 3823 2611 3877 au
2647 3803 2741 3877 fi¬

293 3925 483 4021 guré
521 3947 539 3999 :
579 3919 927 4013 difficile,
973 3919 1461 4021 impossible;
1509 3923 1765 4013 celsus,
1819 3921 2011 3999 haut
2057 3943 2197 4021 par
2227 3921 2463 3999 l’effet
2509 3925 2741 4001 d’une

293 4047 675 4123 tendance
707 4043 755 4119 à
789 4043 1179 4129 s’étendre
1209 4053 1289 4121 et
1309 4045 1355 4121 à
1389 4043 1791 4135 s’élancer,
1821 4065 1921 4121 au
1947 4045 2191 4141 figuré
2227 4069 2247 4121 :
2283 4045 2461 4141 fier;
2501 4045 2743 4125 excel¬

285 4195 407 4247 sus
459 4175 537 4269 et
577 4167 999 4269 prœcelsus,
1061 4189 1153 4245 ce
1195 4165 1329 4265 qui
1377 4165 1707 4265 dépasse
1761 4187 2043 4245 encore
2081 4167 2421 4247 d’autres
2477 4169 2741 4271 points

289 4291 793 4385 culminants,
829 4311 925 4367 au
959 4289 1205 4389 figuré
1243 4315 1261 4367 :
1305 4289 1689 4383 éminent;
1729 4289 2101 4381 sublimis,
2145 4311 2237 4367 ce
2273 4291 2405 4389 qui
2445 4315 2527 4369 se
2561 4311 2743 4367 sou¬

291 4415 491 4495 tient
523 4435 621 4491 en
659 4411 831 4489 l’air
865 4433 1041 4489 sans
1079 4411 1407 4489 toucher
1439 4413 1485 4487 à
1523 4421 1753 4505 terre,
1811 4431 1901 4487 ce
1953 4409 2089 4511 qui
2129 4409 2385 4511 plane,
2431 4433 2737 4491 comme

291 4535 641 4641 μετέωρος,
685 4557 781 4613 au
827 4535 1071 4635 figuré
1107 4561 1125 4611 :
1169 4533 1529 4611 sublime.
