2982 5002
1057 435 1157 493 DE
1215 435 1643 497 SYNONYMIE
1695 437 1983 495 LATINE.

2645 423 2741 493 19

293 587 645 691 amplecti
651 645 671 683 ,
725 591 915 667 c’est
949 591 1285 689 prendre
1333 591 1671 691 quelque
1701 589 1941 667 chose
1973 611 2071 667 en
2101 589 2309 667 main
2337 611 2481 687 par
2507 609 2747 689 oppo¬

291 711 531 789 sition
579 711 625 789 à
671 713 1021 813 négliger
1049 723 1125 791 et
1153 713 1197 789 à
1229 713 1689 813 dédaigner;
1733 713 2121 815 complecti
2121 771 2141 807 ,
2187 717 2379 791 c’est
2413 717 2745 811 s’empa¬

289 857 425 911 rer
465 841 637 911 tout
669 835 713 911 à
751 833 885 913 fait
915 835 1151 913 d’une
1191 835 1433 913 chose
1489 857 1631 933 par
1683 835 2135 935 opposition
2187 837 2233 913 à
2289 837 2667 933 posséder
2701 839 2751 913 à

293 955 539 1051 demi,
585 955 631 1033 à
661 981 811 1055 peu
843 959 1051 1055 près.

293 1161 599 1247 Amplus,
631 1157 699 1227 v.
735 1157 1061 1247 Magnus.
1525 1161 1813 1249 Anceps,
1849 1161 1917 1229 v.
1953 1161 2249 1231 Dubius.

293 1271 629 1355 Ancilla,
655 1267 727 1341 v.
767 1267 1041 1341 Servus.
1535 1275 1797 1359 Angoh,
1833 1269 1899 1345 v.
1937 1269 2145 1345 Cura.

293 1383 585 1467 Anguis,
625 1377 689 1451 v.
727 1377 997 1471 Repere.

401 1573 807 1649 Angustos.
845 1575 1161 1649 Arctus.
1197 1573 1511 1649 Densus.
1545 1573 1855 1651 Spissus.
1895 1575 1963 1651 I.
1997 1579 2369 1673 Angustus
2395 1581 2471 1649 et
2499 1585 2751 1651 arctus

297 1701 441 1771 ont
477 1691 657 1771 trait
683 1691 729 1769 à
761 1693 1093 1791 l’espace
1125 1701 1387 1773 même
1417 1701 1497 1773 et
1515 1695 1561 1771 à
1591 1695 1667 1773 la
1687 1695 2101 1795 proximité
2131 1697 2269 1771 des
2299 1695 2589 1773 limites
2613 1695 2745 1795 qui

295 1815 373 1893 le
411 1815 933 1913 restreignent
955 1815 975 1913 ;
1013 1815 1269 1893 densus
1315 1823 1393 1893 et
1429 1819 1707 1917 spissus
1711 1877 1731 1913 ,
1769 1841 1917 1895 aux
1953 1817 2203 1917 objets
2233 1839 2387 1917 que
2419 1817 2751 1917 l’espace

295 1937 651 2019 contient
683 1947 761 2017 et
785 1939 831 2017 à
871 1941 1039 2017 leur
1073 1941 1469 2039 voisinage
1503 1951 1719 2019 entre
1751 1965 1925 2021 eux.

401 2063 475 2141 2.
523 2063 605 2139 V
607 2075 997 2163 angustum
1025 2085 1069 2141 a
1107 2085 1307 2161 pour
1341 2063 1631 2141 limites
1669 2067 1765 2145 de
1795 2065 2113 2163 simples
2151 2065 2425 2165 lignes,
2459 2073 2537 2143 et
2559 2065 2751 2141 offre

299 2189 375 2263 la
405 2185 721 2287 plupart
749 2187 851 2261 du
885 2195 1137 2285 temps
1167 2209 1321 2263 une
1347 2189 1591 2283 figure
1617 2187 2037 2289 oblongue,
2071 2187 2371 2283 étroite,
2401 2187 2451 2263 il
2481 2211 2527 2265 a
2551 2211 2755 2287 pour

301 2309 599 2411 opposé
637 2309 863 2401 latus,
909 2331 1217 2387 comme
1247 2311 1471 2407 στενός
1493 2337 1511 2407 ;
1545 2311 1567 2385 1
1579 2313 1883 2391 'arctum
1911 2321 2029 2391 est
2053 2311 2217 2391 clos
2241 2333 2383 2411 par
2409 2313 2545 2389 des
2575 2311 2753 2387 bar¬

297 2433 577 2527 rières,
611 2433 751 2509 des
781 2431 1201 2527 murailles,
1239 2433 1377 2511 des
1413 2439 1901 2531 montagnes,
1935 2439 2015 2511 et
2041 2433 2233 2511 offre
2261 2455 2411 2511 une
2449 2431 2753 2511 surface

299 2555 575 2633 carrée
609 2577 711 2631 ou
755 2555 1193 2649 circulaire,
1243 2557 1663 2651 resserrée,
1715 2581 1853 2657 par
1903 2557 2353 2657 opposition
2401 2555 2449 2633 à
2501 2555 2747 2651 laxus,

299 2699 619 2759 comme
641 2677 997 2761 στενωπός.
1035 2679 1151 2757 On
1173 2701 1269 2753 ne
1303 2687 1489 2775 peut
1505 2679 1787 2779 jamais
1811 2681 2129 2779 appeler
2145 2689 2391 2755 ardus
2411 2679 2483 2755 le
2509 2679 2755 2753 clavus

299 2813 679 2901 angustus.
717 2801 933 2877 Mela.
977 2801 1103 2893 ΠΙ,
1135 2803 1211 2891 2,
1243 2799 1317 2877 8.
1353 2799 1671 2877 Rhenus
1705 2801 1799 2875 ad
1829 2801 2179 2897 dextram
2215 2799 2469 2897 primo
2495 2823 2755 2899 angus¬

303 2935 429 2999 tus
465 2933 543 3001 et
575 2923 697 3001 sui
727 2923 1033 3021 similis,
1075 2921 1255 3021 post
1289 2921 1561 3021 ingens
1597 2921 1813 2999 lacus
1845 2921 2077 3001 Flevo
2109 2921 2483 3001 dicitur...
2513 2925 2757 3023 fitque

301 3045 591 3123 iterum
635 3045 941 3141 arctior,
1007 3045 1449 3145 iterumque
1511 3045 1787 3121 fluvius
1849 3043 2245 3125 emittitur.
2293 3049 2357 3121 A
2399 3043 2651 3121 droite
2685 3045 2755 3121 le

301 3169 509 3247 Rhin
543 3177 659 3247 est
697 3169 1019 3245 d’abord
1055 3167 1287 3247 étroit
1321 3177 1401 3245 et
1435 3189 1805 3245 conserve
1839 3169 2177 3267 quelque
2211 3177 2465 3267 temps
2501 3191 2591 3245 ce
2627 3191 2757 3245 ca¬

303 3291 631 3385 ractère,
675 3291 847 3391 puis
881 3289 933 3365 il
965 3313 1047 3367 se
1087 3293 1555 3367 transforme
1589 3313 1683 3367 en
1725 3313 1827 3367 un
1865 3291 1987 3367 lac
2029 3291 2571 3371 considérable
2617 3315 2753 3391 ap¬

301 3413 479 3513 pelé
517 3413 591 3489 le
627 3401 1205 3509 Flévon,'après
1239 3411 1421 3513 quoi
1463 3411 1517 3487 il
1565 3421 1825 3491 rentre
1863 3415 2055 3489 dans
2091 3437 2247 3491 une
2287 3437 2523 3513 gorge
2575 3415 2757 3493 d’où

303 3535 359 3613 il
401 3543 695 3613 ressort
729 3559 909 3611 sous
963 3533 1037 3611 la
1089 3535 1339 3613 forme
1389 3537 1575 3611 d’un
1613 3535 1897 3633 simple
1941 3559 2169 3615 cours
2217 3539 2441 3615 d’eau
2481 3563 2499 3615 :
2539 3537 2755 3613 selon

307 3681 461 3759 que
505 3659 663 3735 l’on
715 3679 801 3735 se
835 3657 1283 3757 représente
1321 3657 1433 3733 les
1463 3655 1703 3735 bords
1735 3661 1841 3735 du
1875 3659 2075 3735 Rhin
2109 3679 2417 3737 comme
2453 3661 2551 3735 de
2577 3657 2759 3737 sim¬

305 3783 477 3883 ples
507 3781 759 3881 lignes
789 3803 889 3857 ou
925 3801 1235 3859 comme
1271 3781 1411 3859 des
1449 3781 1873 3859 murailles.

411 3905 483 3983 3.
545 3905 829 3983 Densus
863 3903 1225 4003 présente
1257 3903 1759 4001 simplement
1791 3905 1903 3981 les
1941 3901 2195 4001 objets
2235 3923 2545 3983 comme
2569 3905 2763 3983 très-

307 4027 787 4127 rapprochés
835 4025 945 4101 les
993 4049 1141 4103 uns
1189 4027 1327 4103 des
1379 4033 1665 4119 autres,
1733 4049 1909 4103 sans
1969 4027 2245 4103 lacune
2303 4037 2755 4127 apparente,

307 4171 457 4249 par
483 4145 929 4247 opposition
957 4147 1003 4223 à
1033 4171 1277 4241 rarus,
1309 4149 1617 4225 comme
1655 4149 1855 4231 δασύς
1891 4153 1969 4225 et
2005 4143 2269 4249 θαρειός
2295 4171 2313 4243 ;
2349 4149 2625 4249 spissus
2649 4149 2763 4227 les

305 4271 761 4373 représente
785 4293 1097 4349 comme
1121 4271 1467 4349 entassés
1505 4271 1617 4349 les
1649 4295 1793 4349 uns
1831 4293 1963 4347 sur
1997 4271 2107 4347 les
2143 4279 2401 4351 autres
2435 4293 2611 4349 sans
2641 4295 2765 4349 au¬

309 4419 467 4473 cun
505 4393 929 4485 intervalle,
973 4415 1115 4493 par
1149 4393 1595 4491 opposition
1635 4397 1683 4473 à
1715 4393 2023 4489 solutus,
2065 4417 2375 4473 comme
2407 4397 2649 4477 πυχνδς
2685 4401 2763 4469 et

311 4509 577 4615 συχνός.
625 4511 883 4591 L’idée
907 4513 1041 4613 qui
1071 4513 1389 4593 domine
1415 4513 1607 4591 dans
1653 4513 1905 4591 densus
1935 4523 2051 4593 est
2085 4515 2283 4595 celle
2317 4515 2551 4589 d’une
2587 4531 2757 4583 sur-
