2982 5002
1039 403 1139 459 DE
1191 399 1623 461 SYNONYMIE
1675 401 1971 459 LATINE.

2637 393 2731 461 17

281 549 499 647 faire,
531 561 797 651 rompt
821 575 913 629 en
943 549 1219 629 visière
1253 555 1301 631 à
1335 553 1407 629 la
1435 553 1725 649 raison,
1757 575 2067 631 comme
2099 553 2491 647 l’insensé,
2523 553 2739 657 παρά-

275 675 481 779 φρων.
529 675 647 749 On
693 675 801 753 dit
839 699 1083 751 amens
1115 689 1347 769 metu,
1391 689 1699 769 terrore,
1735 677 2017 757 hébété
2057 677 2301 775 parla
2335 701 2559 775 peur,
2597 701 2739 775 par

277 797 769 897 l’épouvante
793 825 811 893 ;
855 797 1053 875 mais
1095 797 1381 875 demens
1415 799 1707 893 scelere,
1745 799 2121 877 discordia
2127 857 2149 895 ,
2193 801 2495 879 devenu
2523 801 2659 877 fou
2693 801 2737 877 à

275 925 355 1001 la
393 921 591 1001 suite
623 923 809 999 d’un
843 921 1117 1019 crime,
1161 923 1397 1001 d’une
1431 923 1799 1025 querelle.

383 1043 457 1123 2.
503 1043 817 1121 Insanus
849 1069 893 1121 a
927 1069 1033 1121 un
1065 1067 1241 1121 sens
1273 1045 1591 1145 privatif
1605 1071 1627 1139 ;
1667 1069 1993 1139 vesanus,
2027 1069 2131 1123 un
2155 1069 2335 1123 sens
2367 1047 2741 1145 déprava-

277 1169 395 1247 tif.
451 1169 835 1253 Vinsanus
871 1169 993 1245 n’a
1041 1167 1219 1265 plus
1273 1167 1655 1267 d’empire
1691 1191 1823 1245 sur
1869 1167 1985 1245 les
2013 1191 2219 1263 sens,
2261 1169 2337 1245 la
2369 1167 2627 1247 raison
2667 1169 2741 1247 le

283 1291 459 1387 fuit,
507 1289 561 1367 il
611 1291 941 1389 dépasse
979 1291 1171 1367 dans
1209 1315 1313 1367 un
1345 1293 1575 1369 accès
1609 1293 1707 1367 de
1741 1291 2057 1389 passion
2099 1291 2171 1367 la
2213 1313 2525 1369 mesure
2553 1301 2635 1369 et
2667 1291 2741 1369 le

279 1415 427 1491 but
453 1421 531 1491 et
561 1435 757 1491 nous
783 1419 1029 1513 paraît
1055 1415 1461 1511 coupable.
1501 1417 1701 1493 C’est
1729 1439 1839 1491 un
1861 1415 2183 1493 homme
2207 1437 2305 1495 en
2331 1415 2735 1493 démence.

281 1539 389 1615 Le
409 1561 733 1629 vesanus,
767 1535 1083 1635 aveuglé
1105 1559 1243 1635 par
1265 1537 1401 1613 des
1423 1535 1807 1633 illusions,
1837 1547 1997 1617 sort
2027 1539 2125 1615 de
2155 1537 2229 1615 la
2253 1537 2511 1617 bonne
2535 1537 2735 1631 voie,

281 1659 643 1759 poursuit
695 1681 803 1737 un
861 1657 1003 1735 but
1063 1667 1465 1759 trompeur
1519 1667 1599 1739 et
1643 1679 1839 1739 nous
1895 1663 2147 1761 paraît
2199 1659 2733 1737 malheureux.

279 1783 485 1861 C’est
515 1805 623 1857 un
653 1779 1141 1861 visionnaire.

385 1905 459 1987 3.
515 1905 837 2001 Excors,
879 1905 1213 2005 stupide,
1249 1913 1421 1985 tout
1449 1907 1497 1985 à
1531 1905 1669 1985 fait
1697 1905 2105 2007 incapable
2137 1909 2235 1985 de
2261 1903 2637 1987 réflexion
2667 1915 2749 1983 et

285 2033 721 2121 d’examen,
749 2051 887 2127 par
915 2027 1365 2127 opposition
1399 2031 1447 2109 à
1479 2029 1883 2129 cordatus;
1915 2055 2155 2109 vecors
2161 2089 2183 2127 ,
2219 2037 2737 2127 extravagant,

283 2151 699 2249 incapable
755 2153 853 2227 de
891 2151 1257 2229 réfléchir
1305 2173 1489 2231 avec
1549 2151 1823 2249 calme,
1869 2175 2103 2251 parce
2155 2175 2307 2255 que
2347 2151 2575 2229 l’âme
2629 2159 2747 2229 est

285 2273 669 2377 possédée
703 2295 845 2373 par
871 2295 1023 2349 une
1051 2273 1227 2353 idée
1261 2277 1437 2351 fixe.

387 2395 459 2473 4.
521 2395 803 2491 Furor,
777 2495 837 2521 ^
845 2395 1401 2475 surexcitation
1453 2399 1551 2475 de
1599 2397 1923 2497 l’esprit,
1989 2405 2275 2491 extase,
2321 2405 2739 2497 transport,

291 2527 575 2625 μάνικάς
595 2521 615 2617 ;
653 2519 1043 2615 delirium,
1073 2519 1599 2601 affaissement
1623 2525 1761 2599 des
1799 2521 2123 2599 facultés
2157 2523 2255 2599 de
2279 2521 2569 2621 l’esprit
2607 2545 2747 2623 par

291 2651 431 2727 des
487 2669 761 2725 causes
817 2643 1271 2745 physiques,
1351 2667 1661 2723 comme
1715 2645 1903 2723 chez
1967 2667 2117 2723 une
2169 2667 2555 2743 personne
2613 2645 2747 2747 qui

289 2769 561 2849 tombe
595 2793 689 2847 en
729 2769 1053 2847 enfance
1077 2791 1095 2863 ;
1135 2767 1399 2861 rabies,
1443 2769 1669 2847 accès
1709 2769 1807 2849 de
1859 2767 2127 2845 fureur
2163 2769 2573 2847 méchante
2613 2767 2751 2869 qui

293 2895 581 2973 étouffe
625 2893 699 2971 le
731 2915 905 2969 sens
935 2891 1209 2987 moral,
1249 2889 1487 2969 λύσσα.
1533 2891 1637 2993 Le
1665 2891 2119 2993 furibundus
2155 2889 2417 2969 oublie
2453 2891 2565 2969 les
2601 2891 2743 2969 lois

293 3019 391 3093 de
443 3015 513 3093 la
565 3015 891 3093 matière
913 3035 941 3113 ;
985 3013 1059 3091 le
1109 3013 1395 3091 delirus
1423 3017 1697 3095 radote
1721 3041 1741 3113 ;
1777 3013 1851 3093 le
1887 3013 2189 3093 rabidus
2217 3021 2397 3093 veut
2429 3019 2745 3095 mordre

293 3147 371 3217 et
399 3135 625 3217 nuire
651 3139 695 3213 à
731 3145 947 3217 toute
981 3141 1223 3217 force.

391 3261 465 3341 5.
533 3261 875 3339 Cerritus
927 3261 1007 3339 et
1055 3259 1485 3363 lymphatus
1531 3261 2071 3361 représentent
2115 3263 2749 3363 l’emportement

295 3407 607 3465 comme
635 3409 743 3461 un
771 3385 927 3463 état
961 3385 1061 3465 de
1095 3385 1541 3483 possession
1573 3409 1591 3463 :
1627 3387 1943 3465 cerritus
1961 3409 2065 3465 ou
2087 3389 2387 3487 ceritus,
2415 3385 2747 3487 possédé

295 3511 393 3587 de
427 3507 701 3603 Cérès;
739 3507 1159 3609 lymphatus
1163 3567 1183 3605 ,
1225 3509 1561 3607 possédé
1599 3511 1733 3587 des
1771 3511 2179 3609 nymphes.

295 3699 621 3775 Amictos,
675 3699 1071 3783 Amiculom,
1113 3695 1183 3765 v.
1233 3695 1471 3765 Vestis.

395 3853 701 3957 AmTcds.
745 3879 1031 3955 Amans.
1077 3875 1417 3955 Amator.
1463 3875 1773 3953 Amicus
1817 3899 2153 3977 suppose
2187 3895 2343 3951 une
2385 3875 2747 3957 affection

291 3999 699 4095 mutuelle,
737 3997 1079 4077 cordiale
1105 4005 1185 4077 et
1205 3999 1565 4099 paisible,
1595 4001 1779 4105 ami,
1809 3997 2033 4105 φίλος;
2063 4021 2315 4073 amans
2333 4005 2411 4075 et
2425 4011 2741 4097 amator,

293 4147 403 4203 un
437 4143 717 4199 amour
761 4121 893 4225 qui
943 4131 1135 4221 peut
1177 4123 1333 4201 fort
1383 4123 1569 4201 bien
1605 4145 1703 4201 ne
1747 4145 1887 4221 pas
1939 4127 2105 4199 être
2139 4125 2459 4221 partagé
2507 4131 2581 4201 et
2611 4125 2745 4221 qui

289 4251 471 4337 n’en
525 4255 643 4325 est
691 4269 839 4347 que
871 4247 1047 4347 plus
1081 4247 1361 4325 ardent
1401 4271 1417 4323 :
1457 4271 1739 4339 amans,
1781 4269 1887 4321 un
1921 4267 2197 4321 amour
2251 4247 2351 4325 de
2383 4269 2741 4347 passage;

291 4381 587 4447 amator
591 4427 613 4463 ,
665 4391 819 4447 une
873 4367 1187 4467 passion
1233 4369 1589 4465 durable,
1651 4369 1959 4445 comme
2011 4365 2317 4473 Ιραστής.
2361 4369 2515 4445 Cic.
2551 4367 2749 4445 Alba

291 4501 481 4571 tunc
519 4489 1113 4589 antiquissimus
1163 4513 1317 4569 non
1357 4491 1613 4569 solum
1651 4491 1955 4589 amicus,
1985 4513 2257 4569 verum
2289 4489 2521 4567 etiam
2551 4509 2747 4561 ama-
