2960 4929
231 445 335 515 10

242 3091 1385 3181 ÆQUUS ANIMUS v. Satis ha¬
326 3207 527 3281 bere.
1305 457 1607 517 MANCEL

231 605 707 685 semblance.
753 609 969 685 Celte
1007 607 1457 685 distinction
1507 631 1591 687 se
1643 617 1999 687 retrouve
2035 607 2227 711 dans
2255 607 2575 711 finitimi
2603 615 2683 687 et

227 729 541 831 confines
545 789 569 823 ,
613 731 801 807 dans
845 727 1039 831 Ιγγύς
1073 727 1149 817 et
1183 727 1509 831 ξυνεγγυς.

329 851 401 929 5.
463 851 721 953 Impar
751 875 1077 951 marque
1113 877 1269 933 une
1305 855 1693 955 inégalité,
1743 855 1897 933 soit
1929 875 2241 931 comme
2291 877 2387 931 en
2439 853 2683 931 arith¬

233 973 581 1075 métique
641 975 837 1053 celle
901 977 1041 1051 des
1095 977 1463 1055 nombres
1515 975 1837 1075 impairs
1891 975 2027 1077 qui
2083 999 2181 1053 ne
2239 985 2417 1055 sont
2463 975 2691 1077 point

231 1103 721 1173 exactement
751 1095 1147 1175 divisibles
1173 1121 1313 1197 par
1339 1099 1569 1191 deux,
1601 1097 1753 1175 soit
1783 1121 1935 1177 une
1955 1097 2317 1197 inégalité
2349 1101 2447 1177 de
2473 1101 2689 1181 force

237 1219 371 1319 qui
407 1217 785 1321 implique
815 1243 969 1297 une
997 1219 1429 1299 infériorité
1465 1221 1821 1315 relative;
1865 1221 2129 1321 dispar
2159 1221 2509 1317 exprime
2537 1245 2691 1301 une

245 1339 815 1419 dissemblance
855 1351 933 1419 et
963 1365 1059 1417 ne
1105 1341 1409 1441 précise
1447 1341 1669 1441 point
1711 1343 1809 1421 de
1857 1343 2039 1443 quel
2071 1341 2247 1421 côté
2279 1343 2583 1441 penche
2615 1341 2687 1419 la

237 1463 561 1541 balance
601 1465 795 1541 dans
825 1489 929 1541 un
973 1465 1369 1567 parallèle,

335 1589 641 1673 Æqüüs.
703 1587 1021 1667 Plancs.
1079 1587 1395 1667 Campüs.
1461 1593 1497 1665 1
1513 1587 1529 1667 .
1573 1587 1913 1691 Æquum
1921 1595 1941 1681 ,
1975 1587 2263 1667 terrain
2301 1591 2485 1691 plat,
2531 1613 2697 1669 sur¬

237 1709 407 1789 face
451 1709 959 1805 horizontale,
1001 1733 1139 1811 par
1173 1709 1621 1809 opposition
1657 1713 1703 1787 à
1741 1733 1831 1789 ce
1883 1709 2017 1813 qui
2069 1719 2337 1789 monte
2385 1733 2485 1787 ou
2523 1711 2703 1787 des¬

239 1831 471 1925 cend,
515 1831 561 1909 à
609 1833 977 1935 superior,
1041 1833 1365 1935 inferior
1409 1843 1489 1913 et
1537 1835 1889 1929 acclivis;
1937 1833 2277 1933 planum,
2329 1833 2399 1907 la
2435 1833 2697 1931 plaine

239 1951 451 2047 unie,
503 1977 649 2053 par
685 1955 1131 2053 opposition
1167 1957 1213 2033 à
1253 1981 1357 2033 un
1387 1957 1503 2033 sol
1541 1955 1823 2057 inégal,
1865 1957 1913 2033 à
1945 1967 2335 2047 montosus,
2363 1979 2697 2033 saxosus.

241 2075 609 2179 Æquum,
671 2079 977 2177 signifie
1021 2103 1119 2157 au
1157 2079 1401 2177 figuré
1439 2079 1783 2181 l’équité,
1823 2101 2055 2179 parce
2091 2099 2247 2177 que
2277 2075 2703 2177 l’injustice

241 2221 705 2279 commence
743 2201 883 2279 dès
919 2223 1073 2299 que
1109 2201 1273 2279 l’un
1301 2223 1385 2281 se
1417 2211 1581 2281 met
1609 2203 2027 2279 au-dessus
2061 2201 2159 2277 de
2187 2199 2501 2303 l’autre;
2529 2203 2703 2303 pla¬

243 2345 445 2415 num,
483 2321 561 2399 la
593 2321 835 2401 clarté
865 2333 943 2401 et
977 2321 1051 2399 la
1087 2325 1405 2417 netteté,
1447 2347 1683 2423 parce
1721 2327 1955 2425 qu’on
1993 2345 2089 2399 ne
2125 2331 2311 2423 peut
2345 2321 2703 2399 embras¬

243 2465 373 2521 ser
423 2447 607 2523 d’un
647 2445 815 2525 seul
865 2449 1141 2547 regard
1199 2447 1485 2549 qu’une
1537 2445 1823 2547 plaine,
1877 2445 1983 2525 où
2017 2469 2319 2525 aucune
2369 2445 2705 2525 hauteur

245 2569 579 2645 n’arrôte
613 2567 687 2643 la
721 2591 889 2647 vue.

343 2689 417 2767 2.
461 2689 767 2793 Æquor
797 2701 873 2793 et
897 2693 1287 2793 planities,
1329 2693 1403 2771 la
1427 2693 1683 2791 plaine
1719 2715 1857 2791 par
1881 2699 2191 2791 rapport
2223 2691 2267 2769 à
2291 2713 2375 2769 sa
2405 2693 2697 2787 forme;

247 2835 575 2909 campus,
619 2835 763 2911 par
807 2823 1133 2911 rapport
1179 2813 1223 2891 à
1273 2837 1355 2891 sa
1391 2813 1757 2913 position,
1815 2835 2125 2891 comme
2167 2835 2353 2913 pays
2387 2811 2525 2887 bas
2561 2835 2707 2911 par

249 2931 699 3031 opposition
735 2957 883 3011 aux
919 2935 1319 3013 hauteurs.

1457 3081 2104 3185 AER, V. Anima.
353 3371 759 3449 Ærarium.
819 3371 1101 3449 Fiscus.
1161 3371 1597 3463 Ærarium,
1651 3371 1723 3447 la
1759 3369 2007 3449 caisse
2037 3369 2139 3447 de
2175 3365 2419 3469 l’état;
2455 3365 2707 3469 fiscus,

257 3493 329 3569 la
381 3499 715 3571 cassette
763 3495 861 3571 de
901 3493 1397 3593 l’empereur.
1437 3497 1617 3573 Tac.
1661 3499 1863 3571 Ann.
1919 3493 2041 3587 VI,
2085 3491 2157 3567 2.
2205 3491 2417 3569 Bona
2453 3489 2715 3587 Sejani

259 3615 517 3693 ablata
545 3615 841 3707 cerario,
885 3623 973 3693 ut
995 3615 1075 3715 in
1105 3619 1363 3715 fiscum
1399 3623 1901 3715 cogerentur;
1945 3621 2319 3711 tanquam
2357 3611 2709 3689 referret.

259 3735 407 3815 Les
435 3735 821 3815 richesses
857 3739 955 3815 de
989 3739 1217 3839 Séjan
1249 3739 1571 3817 retirées
1605 3739 1709 3813 du
1743 3735 1993 3815 trésor
2021 3733 2287 3833 public
2321 3735 2723 3811 entrèrent

267 3861 457 3937 dans
489 3859 559 3935 la
595 3867 931 3939 cassette
965 3859 1401 3961 impériale,
1441 3883 1753 3941 comme
1777 3859 1843 3941 si
1885 3859 2053 3935 cela
2091 3865 2225 3935 eût
2269 3855 2415 3933 tiré
2445 3855 2493 3931 à
2527 3877 2721 3933 con¬

267 3983 681 4083 séquence.

273 4105 615 4193 Æruunâ,
649 4105 715 4175 v.
745 4105 993 4179 Labor.

277 4217 637 4301 Æstuare,
677 4215 747 4287 v.
791 4215 1051 4291 Calere.

279 4329 561 4415 Affari,
603 4325 665 4397 v.
703 4325 1009 4419 Alloqui.

281 4441 585 4525 Affinis,
613 4437 683 4509 v.
719 4437 1165 4513 Necessarius.

285 4551 499 4633 Ackr,
535 4547 601 4619 v.
635 4547 779 4617 Rus
811 4549 877 4619 et
927 4549 1141 4623 Villa.

1503 4111 1899 4191 Æstjmare,
1937 4099 1999 4173 v.
2041 4099 2351 4171 Censere.

1501 4223 1873 4303 Æternus,
1901 4211 1969 4287 v.
2013 4211 2419 4285 Continuus.

1497 4337 1829 4413 Affatim,
1869 4325 1939 4397 v.
1975 4325 2187 4395 Salis.

1505 4447 1927 4529 Affirmare,
1961 4435 2027 4507 v.
2067 4435 2331 4505 Dicere.
