2960 4929
221 443 346 511 U

1301 457 1605 517 MANUEL

221 609 995 709 individuellement;
1053 633 1307 709 penus,
1363 635 1507 709 par
1553 621 1873 711 rapport
1921 615 1969 691 à
2021 613 2485 693 l’économie
2539 617 2691 693 do¬

231 733 615 833 mestique
653 735 749 807 de
783 739 999 809 toute
1029 755 1183 809 une
1215 733 1529 813 famille.
1573 733 1805 813 Cibus
1859 745 1933 813 et
1969 761 2123 813 esca
2167 761 2265 813 ne
2307 761 2391 815 se
2429 739 2695 815 disent

231 875 383 955 que
425 855 561 933 des
619 853 981 933 aliments
1035 853 1323 933 solides
1363 881 1505 955 par
1549 857 1997 957 opposition
2045 861 2093 961 à
2133 861 2365 961 potio.
2427 857 2659 939 Cibus
2661 897 2683 931 »

231 975 555 1057 aliment
583 977 837 1057 fourni
881 1001 1023 1075 par
1055 977 1129 1055 la
1161 987 1459 1073 nature,
1497 1003 1905 1059 ressource
1935 981 2457 1077 alimentaire;
2495 1005 2683 1077 esca,

235 1109 435 1177 mets
473 1099 607 1201 qui
643 1123 689 1179 a
727 1099 901 1177 subi
937 1123 1089 1179 une
1125 1101 1625 1201 préparation
1651 1101 2115 1199 artificielle,
2151 1101 2309 1203 plat
2333 1105 2685 1203 apprêté.

239 1219 465 1301 Cibus
503 1229 623 1301 est
663 1221 739 1301 le
787 1223 955 1301 seul
1007 1227 1107 1301 de
1165 1247 1295 1303 ces
1339 1227 1541 1301 deux
1585 1235 1791 1305 mots
1829 1225 1967 1323 qui
2003 1249 2087 1303 se
2123 1225 2291 1303 dise
2333 1227 2539 1305 aussi
2587 1229 2691 1305 de

237 1345 311 1421 la
347 1343 789 1423 nourriture
827 1347 963 1425 des
1015 1345 1377 1423 animaux
1399 1371 1417 1443 ;
1461 1371 1639 1441 esca,
1689 1345 1763 1425 le
1801 1349 1967 1425 seul
2009 1345 2143 1447 qui
2181 1349 2605 1427 convienne
2643 1351 2691 1425 à

237 1465 525 1567 l’appât
571 1465 807 1567 qu’on
853 1465 1025 1545 leur
1071 1469 1399 1567 prépare
1445 1477 1523 1545 et
1569 1471 1807 1567 qu’on
1859 1469 2029 1547 leur
2079 1471 2469 1569 présente.
2523 1469 2681 1549 Cic.

237 1595 327 1669 N.
369 1595 461 1667 D.
503 1593 593 1687 II,
635 1593 757 1669 47.
801 1589 1187 1667 Animalia
1227 1591 1465 1667 cibum
1509 1593 1793 1689 partim
1843 1591 2205 1671 dentibus
2241 1601 2687 1691 capessunt.

241 1715 359 1793 Un
413 1713 705 1791 certain
743 1713 1069 1791 nombre
1119 1713 1563 1789 d’animaux
1611 1713 2009 1791 saisissent
2041 1715 2211 1793 leur
2249 1713 2693 1793 nourriture

235 1859 417 1915 avec
473 1837 583 1915 les
639 1839 891 1915 dents.
941 1839 1363 1933 Comparez
1409 1849 1593 1913 avec
1635 1839 1725 1931 II,
1783 1839 1905 1917 23.
1959 1835 2079 1913 Dii
2129 1859 2271 1913 nec
2307 1839 2485 1913 escis
2539 1859 2691 1913 nec

237 1957 687 2059 potionibus
723 1957 1163 2033 vescuntur.
1201 1957 1347 2035 Les
1381 1957 1617 2035 dieux
1657 1981 1741 2035 se
1775 1969 2089 2057 passent
2119 1981 2317 2057 pour
2347 1957 2547 2037 vivre
2587 1959 2691 2035 de

239 2081 537 2161 cuisine
577 2087 653 2159 et
689 2081 787 2157 de
827 2101 1035 2157 cave.

337 2201 411 2281 2.
461 2201 767 2281 Cibaria
773 2261 793 2297 ,
829 2201 1157 2279 denrées
1193 2199 1719 2279 alimentaires
1749 2201 2181 2281 ordinaires
2209 2209 2287 2279 et
2309 2203 2687 2297 usuelles;

239 2325 521 2419 edulia,
567 2345 989 2401 morceaux
1021 2321 1313 2399 friands
1361 2333 1439 2401 et
1489 2323 1981 2403 recherchés.
2045 2325 2263 2403 Suet.
2325 2323 2495 2403 Tib.
2557 2329 2685 2403 46.

241 2449 581 2529 Comites
603 2465 1005 2547 nunquam
1033 2443 1343 2541 salario,
1371 2445 1687 2523 cibariis
1703 2455 2005 2525 tantum
2031 2449 2509 2527 sustentavit.
2545 2449 2691 2527 Les

241 2595 433 2675 gens
453 2573 553 2649 de
573 2593 657 2647 sa
675 2571 875 2649 suite
893 2591 989 2647 ne
1015 2567 1327 2647 tiraient
1347 2571 1445 2649 de
1481 2569 1591 2645 lui
1625 2593 1779 2669 que
1809 2573 1947 2649 des
1967 2569 2241 2665 vivres,
2273 2573 2553 2671 jamais
2589 2575 2691 2653 de

245 2693 541 2773 salaire.
577 2695 1001 2791 Comparez
1023 2713 1205 2769 avec
1223 2691 1379 2769 Cal.
1405 2693 1529 2769 40.
1577 2693 1719 2769 Pro
1739 2691 2013 2769 eduliis
2031 2703 2333 2771 certum
2371 2705 2695 2773 statum¬

249 2839 401 2919 que
441 2815 917 2915 exigebatur.
955 2815 1015 2891 Il
1053 2813 1251 2891 avait
1285 2813 1433 2891 mis
1463 2837 1569 2889 un
1601 2815 1807 2893 droit
1849 2839 1983 2893 sur
2019 2817 2133 2893 les
2159 2817 2685 2899 comestibles.

341 2937 415 3017 3.
481 2937 765 3031 Cibare,
805 2935 1117 3013 nourrir
1141 2939 1237 3013 de
1275 2959 1359 3011 sa
1385 2959 1675 3035 propre
1705 2935 1917 3013 main
1953 2959 2263 3017 comme
2293 2963 2447 3017 une
2477 2943 2695 3019 mère

245 3085 349 3139 ou
407 3083 559 3139 une
615 3061 875 3139 bonne
931 3061 1347 3159 d’enfants;
1407 3083 1731 3159 pascere,
1793 3059 2093 3137 fournir
2139 3061 2569 3141 seulement
2617 3063 2695 3141 la

245 3183 691 3261 nourriture
711 3205 805 3259 en
825 3181 1115 3279 qualité
1143 3181 1239 3257 de
1265 3191 1527 3259 tuteur
1547 3203 1651 3257 ou
1679 3183 1775 3259 de
1799 3183 2097 3261 maître.
2125 3183 2343 3263 Suet.
2369 3185 2535 3263 Tib.
2559 3189 2687 3263 72.

245 3311 683 3385 Draconem
725 3329 961 3381 manu
1007 3325 1147 3381 sua
1189 3303 1593 3381 cibaturus.
1629 3305 2047 3405 Comparez
2075 3329 2257 3383 avec
2287 3309 2519 3407 Vesp.
2565 3311 2685 3387 18.

247 3431 555 3509 Sineret
575 3451 657 3527 se
693 3425 1187 3527 plebeculam
1215 3449 1539 3527 pascere.
1579 3429 1699 3505 Un
1735 3429 2029 3527 dragon
2059 3429 2345 3529 auquel
2381 3431 2433 3507 il
2473 3429 2693 3511 allait

247 3557 549 3633 donner
581 3553 625 3631 à
661 3573 979 3649 manger
1025 3551 1121 3627 de
1175 3571 1257 3627 sa
1303 3551 1541 3627 main.
1583 3551 1641 3629 Il
1679 3551 1787 3627 lui
1819 3551 2201 3629 demanda
2237 3551 2309 3629 la
2337 3551 2673 3651 permis¬

249 3677 419 3757 sion
457 3679 555 3755 de
589 3675 861 3755 laisser
895 3699 991 3751 au
1027 3673 1223 3773 petit
1245 3675 1531 3773 peuple
1563 3697 1647 3751 sa
1677 3673 2191 3753 subsistance.

251 3873 673 3955 Aliquando,
711 3861 779 3933 v.
813 3861 1351 3953 Nonnunquam.
1471 3867 1745 3947 Alites,
1775 3861 1839 3931 v.
1881 3861 2215 3931 Volucres.

351 4045 695 4125 Alloqui.
757 4045 1217 4117 Appellare.
1275 4037 1591 4115 Affari.
1651 4035 1987 4137 Alloqui,
2045 4035 2403 4111 adresser
2447 4035 2519 4111 la
2555 4057 2697 4135 pa¬

253 4159 419 4237 role
453 4161 499 4237 à
545 4159 1001 4261 quelqu’un,
1045 4159 1151 4237 lui
1183 4159 1371 4237 faire
1419 4159 1831 4235 l’honneur
1863 4159 1961 4237 de
1997 4159 2069 4235 le
2101 4155 2357 4235 saluer
2385 4169 2465 4237 et
2491 4159 2591 4235 de
2621 4159 2697 4237 le

255 4283 743 4361 reconnaître
769 4307 789 4375 ;
829 4281 1243 4383 appellare,
1283 4283 1623 4379 prendre
1649 4279 1761 4359 les
1791 4283 2109 4359 devants
2137 4303 2335 4379 pour
2365 4301 2701 4379 engager

261 4427 413 4481 une
449 4423 835 4501 personne
875 4403 1063 4479 dans
1101 4425 1253 4481 une
1277 4401 1845 4497 conversation,
1881 4403 1991 4479 lui
2021 4405 2375 4479 adresser
2397 4403 2535 4479 des
2561 4425 2701 4501 pa¬

257 4523 463 4601 roles
519 4523 927 4621 sérieuses,
971 4525 1203 4603 sortir
1237 4527 1375 4603 des
1411 4525 1731 4623 phrases
1769 4523 2121 4619 banales;
2163 4525 2395 4623 affari
2399 4579 2419 4619 ,
2465 4545 2697 4621 apos-
