2982 5002
1049 471 1147 529 DE
1203 471 1633 531 SYNONYMIE
1693 471 1981 531 LATINE.

2693 459 2739 529 9

383 613 465 701 2.
525 621 823 699 Morbus
857 629 935 699 et
975 623 1325 701 valetudo
1359 625 1771 725 désignent
1799 643 1951 699 une
1991 621 2327 699 maladie
2365 621 2699 699 actuelle
2723 645 2743 699 :

285 739 609 833 morbus,
653 761 963 819 comme
1009 763 1117 817 un
1163 741 1531 819 accident
1577 739 1861 841 auquel
1919 739 2295 817 l’homme
2349 747 2467 815 est
2503 739 2743 837 sujet;

285 859 633 937 valetudo
635 919 655 957 ,
695 881 1007 939 comme
1037 885 1141 939 un
1181 865 1341 943 état
1371 865 1563 941 dont
1597 861 1671 939 le
1709 861 2015 939 malade
2047 885 2091 937 a
2129 861 2617 941 conscience.

283 1065 525 1147 Ægre,
561 1061 631 1133 v.
679 1061 831 1131 Vix.
1515 1061 1913 1141 Ægritüdo,
1947 1057 2013 1131 v.
2059 1057 2271 1131 Cura.

283 1175 643 1263 Ægrotos,
681 1171 751 1241 v.
789 1171 1043 1259 Æger.
1509 1171 1913 1261 Æmulatio,
1945 1175 2017 1243 v.
2053 1173 2353 1243 Imitatio
2357 1219 2379 1243 .

287 1287 629 1371 Æoîüali9,
663 1283 727 1355 y.
769 1283 1081 1373 Æquus.
1513 1283 1799 1373 Æquor,
1839 1283 1909 1355 v.
1943 1283 2157 1353 Mare.

383 1471 687 1557 Æqtjus.
733 1473 919 1549 Par.
963 1473 1343 1559 Æqualis.
1389 1473 1717 1551 Parilis.
1757 1473 2083 1551 Compar.
2131 1475 2383 1551 Impar.
2435 1475 2741 1553 Dispar.

285 1593 363 1673 d.
405 1593 775 1697 Æquum,
823 1595 995 1695 égal
1029 1617 1127 1673 en
1157 1593 1301 1689 soi,
1343 1593 1763 1689 uniforme,
1793 1599 2163 1697 composé
2195 1599 2293 1675 de
2327 1595 2619 1695 parties
2649 1597 2751 1673 si¬

283 1715 653 1815 milaires,
699 1741 843 1817 par
891 1719 1337 1821 opposition
1389 1721 1437 1799 à
1491 1719 1795 1823 varius;
1841 1745 2021 1823 par,
2085 1719 2253 1819 égal
2307 1719 2353 1797 à
2407 1719 2747 1821 quelque

283 1839 525 1921 chose
565 1843 897 1937 d’autre,
941 1851 1019 1921 et
1053 1845 1273 1941 placé
1325 1869 1425 1921 au
1463 1849 1725 1921 même
1763 1843 2001 1943 degré
2039 1867 2179 1943 par
2213 1843 2663 1943 opposition
2699 1845 2747 1921 à

279 1963 619 2065 superior
669 1967 749 2043 et
799 1965 1143 2065 inferior.
1191 1967 1451 2069 Æquo
1489 1967 1737 2045 Marte
1769 1969 2135 2067 présente
2183 1969 2379 2043 dans
2415 1989 2555 2045 son
2613 1989 2747 2043 en¬

283 2085 585 2165 semble
623 2087 701 2165 le
737 2089 1051 2167 combat
1101 2091 1239 2167 des
1277 2093 1481 2169 deux
1529 2089 1771 2189 partis
1793 2115 1817 2193 ;
1849 2089 2035 2193 pari
2067 2089 2315 2167 Marte
2345 2109 2639 2191 oppose
2671 2087 2747 2165 la

277 2211 589 2291 fortune
627 2211 725 2289 de
763 2211 923 2289 l’un
955 2211 1001 2289 à
1033 2211 1227 2291 celle
1261 2215 1359 2291 de
1395 2213 1697 2295 l’autre.

379 2335 449 2415 2.
493 2335 657 2411 Par
661 2393 681 2431 ,
725 2359 1051 2437 marque
1083 2359 1237 2415 une
1275 2337 1553 2439 égalité
1581 2339 1681 2415 de
1717 2339 2137 2437 grandeur,
2169 2337 2267 2413 de
2291 2333 2733 2435 puissance,

281 2459 751 2537 d’influence
781 2481 883 2537 ou
923 2481 1207 2537 encore
1233 2461 1331 2539 de
1365 2461 1725 2555 nombre,
1757 2459 2251 2557 d’équilibre,
2291 2461 2389 2537 de
2417 2479 2743 2557 propor¬

279 2581 517 2669 tions,
551 2579 859 2661 comme
889 2579 1035 2669 ίσος
1057 2609 1077 2679 ;
1115 2585 1451 2687 æqualis,
1489 2607 1641 2661 une
1667 2581 1943 2681 égalité
1967 2585 2065 2661 de
2091 2591 2393 2675 nature,
2429 2601 2741 2659 comme

275 2705 533 2809 fyotoç.
587 2707 771 2803 Par,
817 2711 1183 2807 présente
1231 2709 1277 2785 à
1311 2709 1609 2807 l’esprit
1661 2707 1891 2785 l’idée
1931 2709 2119 2783 d’un
2157 2709 2479 2783 homme
2533 2709 2741 2785 d’ac¬

281 2829 449 2909 tion
485 2829 621 2929 qui
651 2837 769 2909 est
805 2853 1005 2929 pour
1035 2831 1111 2907 le
1147 2829 1401 2907 moins
1443 2835 1619 2929 prêt
1647 2835 1727 2907 et
1753 2827 2015 2905 résolu
2045 2829 2091 2907 à
2129 2839 2389 2907 entrer
2419 2851 2515 2907 en
2547 2829 2743 2907 lutte

285 2975 471 3031 avec
507 2975 629 3031 ses
663 2953 871 3053 pairs
893 2977 913 3047 ;
961 2953 1303 3055 æqualis,
1339 2951 1569 3033 l’idée
1609 2955 1793 3029 d’un
1827 2975 2309 3051 personnage
2335 2953 2629 3047 inactif,
2665 2961 2745 3031 et

287 3077 359 3153 le
389 3085 557 3153 mot
595 3099 691 3153 ne
727 3097 809 3153 se
845 3081 1065 3175 prête
1105 3077 1285 3177 qu’à
1317 3079 1459 3153 des
1497 3075 2081 3175 comparaisons
2121 3083 2201 3153 et
2235 3075 2281 3151 à
2309 3077 2449 3153 des
2481 3075 2737 3175 paral¬

279 3197 497 3277 lèles.
531 3197 799 3291 Paria,
853 3201 1131 3277 choses
1167 3219 1269 3275 ou
1305 3221 1739 3297 personnes
1775 3199 2187 3297 opposées,
2229 3197 2585 3293 hostiles,
2621 3201 2741 3299 ja¬

273 3323 559 3415 louses,
603 3319 735 3421 qui
767 3343 851 3399 se
889 3319 1287 3419 disputent
1323 3321 1391 3397 la
1427 3319 2021 3419 prééminence;
2059 3321 2413 3423 œqualia,
2455 3323 2739 3399 choses

269 3469 375 3523 ou
421 3461 851 3543 personnes
891 3441 1321 3539 distinctes,
1377 3443 1575 3519 mais
1609 3443 1859 3539 unies,
1905 3465 2219 3521 comme
2251 3447 2389 3523 des
2423 3455 2737 3543 parents

271 3569 405 3669 qui
421 3575 561 3645 ont
573 3567 711 3643 des
727 3565 1059 3665 qualités
1085 3577 1161 3641 et
1185 3567 1323 3643 des
1345 3567 1819 3667 sympathies
1849 3565 2339 3645 communes.
2375 3565 2721 3663 Pariter,

269 3715 369 3769 au
407 3697 667 3769 même
695 3685 957 3787 degré,
987 3685 1145 3785 ίσα;
1185 3687 1613 3789 œqualiter,
1647 3689 1745 3765 de
1777 3689 1851 3765 la
1875 3693 2137 3767 même
2165 3689 2419 3783 façon,
2451 3687 2729 3787 δμοίως,

249 3817 457 3915 δμως.

371 3935 443 4015 3.
489 3935 679 4029 Par,
723 3939 899 4011 tout
931 3931 977 4007 à
1009 3929 1147 4007 fait
1183 3929 1347 4029 égal
1367 3955 1389 4031 ;
1435 3929 1747 4031 parilis,
1795 3935 1841 4009 à
1877 3955 2033 4031 peu
2083 3931 2259 4029 près
2301 3929 2501 4027 égal,
2543 3931 2737 4009 c’est

265 4083 375 4137 un
409 4055 989 4137 intermédiaire
1021 4065 1239 4157 entre
1265 4081 1411 4157 par
1443 4063 1519 4133 et
1549 4057 1851 4137 similis.

371 4177 447 4257 4.
493 4177 677 4273 Par,
723 4177 891 4277 égal
929 4179 975 4253 à
1013 4177 1351 4277 quelque
1389 4179 1627 4255 chose
1659 4201 1761 4257 ou
1799 4179 1845 4255 à
1877 4177 2335 4277 quelqu’un,
2383 4177 2737 4277 exprime

267 4327 377 4379 un
415 4309 739 4401 rapport
773 4301 1051 4397 simple
1071 4323 1091 4393 ;
1131 4323 1427 4401 compar
1433 4359 1453 4395 ,
1491 4303 1627 4401 qui
1655 4323 1737 4381 se
1765 4303 1881 4379 dit
1907 4303 2001 4379 de
2035 4301 2421 4403 plusieurs
2451 4303 2735 4381 choses

267 4451 371 4507 ou
409 4427 507 4503 de
541 4423 927 4523 plusieurs
977 4447 1405 4523 personnes
1459 4425 1717 4525 égales
1755 4433 1971 4503 entre
2011 4425 2227 4519 elles,
2269 4449 2373 4501 un
2413 4431 2737 4521 rapport

265 4549 765 4649 réciproque,
809 4569 987 4625 sans
1019 4547 1421 4627 renchérir
1451 4549 1847 4625 d’ailleurs
1881 4571 2017 4627 sur
2051 4547 2123 4625 le
2155 4545 2393 4645 degré
2429 4545 2525 4619 de
2563 4561 2733 4615 res-

2353 4681 2423 4737 i.
