2982 5010
1325 351 1627 409 MANUEL

257 339 357 407 24

259 501 537 601 depuis
565 499 1253 603 très-longtemps;
1285 501 1661 603 pristinus
1665 557 1687 593 ,
1725 503 1909 577 d’un
1935 509 2191 601 temps
2229 505 2457 601 passé
2485 503 2711 605 quel¬

259 651 591 729 conque,
629 649 941 707 comme
975 625 1313 733 πρδτερος,
1347 629 1769 709 antérieur.

259 827 583 907 Antrüm,
613 819 681 889 v.
719 819 997 911 Specus.

359 1001 587 1077 Anus.
625 999 953 1075 Vetula.
993 999 1225 1091 Anus,
1269 1003 1579 1075 servant
1605 999 1701 1075 de
1729 995 2049 1075 féminin
2077 999 2123 1075 à
2147 1021 2387 1095 senex,
2419 999 2715 1079 femme

259 1125 475 1221 âgée,
513 1145 695 1199 avec
725 1145 877 1199 une
913 1119 1091 1199 idée
1131 1121 1229 1199 de
1263 1129 1599 1219 respect,
1631 1143 1735 1197 ou
1777 1143 2061 1199 encore
2101 1119 2353 1199 vieille
2379 1119 2705 1217 femme,

257 1267 441 1323 avec
479 1267 633 1321 une
675 1243 851 1323 idée
899 1243 997 1321 de
1051 1243 1439 1337 défaveur,
1487 1265 1627 1341 par
1673 1241 2007 1321 allusion
2041 1243 2087 1317 à
2121 1267 2205 1321 sa
2239 1241 2625 1339 faiblesse,
2667 1245 2719 1323 à

263 1393 345 1447 sa
379 1365 789 1461 crédulité,
821 1367 867 1445 à
903 1389 1047 1445 son
1077 1367 1553 1465 bavardage;
1613 1365 1889 1465 vetula,
1943 1365 2199 1443 vieille
2233 1365 2437 1447 laide
2469 1375 2547 1445 et
2579 1369 2717 1469 qui

263 1493 387 1569 n’a
411 1491 579 1569 rien
615 1489 1059 1569 d’aimable.

363 1619 719 1693 Aperire.
783 1615 1303 1691 Patefacere.
1359 1615 1681 1691 Aperte.
1723 1613 2013 1691 Palam.
2049 1615 2505 1693 Manifesto.
2543 1619 2727 1693 Pro¬

265 1725 537 1819 palam.
581 1737 649 1815 4.
693 1737 1013 1837 Aperire
1019 1739 1037 1833 ,
1071 1735 1481 1815 découvrir
1513 1759 1617 1811 un
1651 1759 1927 1837 espace
1959 1737 2205 1815 fermé
2233 1759 2375 1837 par
2407 1739 2477 1815 le
2497 1739 2715 1833 haut,

261 1861 737 1939 c’est-à-dire
769 1861 1497 1955 horizontalement,
1533 1881 1675 1959 par
1705 1857 2057 1959 exemple
2099 1883 2251 1937 une
2281 1861 2513 1957 fosse,
2561 1881 2721 1937 une

265 2007 567 2081 source,
611 1993 691 2061 et
731 2007 873 2083 par
905 1991 1111 2061 cette
1145 1983 1551 2083 opération
1589 1985 1871 2059 rendre
1919 1981 2233 2085 visible;
2263 1983 2681 2085 patefacere
2685 2043 2707 2077 ,

265 2107 521 2187 ouvrir
555 2131 663 2185 un
693 2127 971 2207 espace
1003 2105 1253 2185 fermé
1281 2129 1423 2205 par
1447 2105 1521 2181 le
1561 2105 1763 2199 côté,
1803 2105 2295 2183 c’est-à-dire
2321 2105 2723 2183 verticale¬

265 2241 507 2329 ment,
549 2255 691 2331 par
725 2235 861 2311 des
905 2241 1197 2333 portes,
1241 2231 1379 2307 des
1415 2221 1831 2325 barrières,
1875 2229 2013 2305 des
2049 2231 2417 2327 clôtures,
2459 2239 2539 2309 et
2567 2253 2715 2329 par

263 2365 467 2435 cette
505 2355 911 2455 opération
949 2355 1231 2433 rendre
1271 2351 1727 2431 accessible.

363 2479 437 2557 2.
497 2479 887 2575 Returare,
931 2481 1231 2557 donner
1259 2477 1487 2555 accès
1541 2499 1683 2577 par
1717 2499 1871 2553 une
1909 2481 2321 2553 ouverture
2361 2475 2495 2577 qui
2533 2475 2721 2555 était

265 2601 665 2697 bouchée;
713 2601 1091 2679 recludere
1115 2659 1135 2691 ,
1193 2625 1333 2701 par
1387 2621 1541 2679 une
1593 2605 2005 2677 ouverture
2063 2599 2357 2679 fermée
2411 2599 2461 2677 à
2519 2597 2723 2695 clef;

267 2749 615 2821 reserare,
647 2749 787 2825 par
819 2749 973 2803 une
997 2735 1411 2805 ouverture
1449 2723 1743 2803 fermée
1775 2745 1875 2801 au
1901 2745 2207 2801 verrou.

367 2853 439 2927 3.
501 2853 801 2951 Aperte,
831 2857 1365 2929 ouvertement
1403 2855 1483 2925 et
1519 2871 1697 2925 sans
1733 2871 1817 2925 se
1847 2847 2157 2939 cacher,
2197 2869 2293 2925 en
2329 2853 2535 2925 sorte
2569 2869 2723 2947 que

267 2981 437 3069 tqnt
473 2971 545 3051 le
579 2973 865 3049 monde
895 2973 1155 3073 puisse
1191 2971 1635 3071 apprendre
1673 2979 1751 3047 et
1791 2971 2043 3049 savoir
2073 2971 2187 3047 les
2237 2969 2543 3063 choses,
2589 2991 2733 3067 par

271 3093 711 3195 opposition
743 3097 791 3173 à
821 3097 1119 3189 occulte,
1145 3115 1453 3199 comme
1481 3123 1769 3199 φανερως
1783 3117 1805 3195 ;
1823 3091 2103 3195 palam,
2135 3091 2733 3191 publiquement

273 3229 349 3297 et
381 3241 557 3297 sans
597 3231 877 3313 secret,
923 3241 1019 3297 en
1063 3227 1273 3297 sorte
1317 3241 1469 3319 que
1513 3225 1687 3295 tout
1723 3219 1791 3295 le
1827 3217 2117 3293 monde
2155 3215 2417 3317 puisse
2449 3215 2615 3295 voir
2651 3221 2731 3291 et

273 3341 673 3437 entendre,
715 3343 1021 3419 comme
1059 3339 1421 3447 ίναφκνδόν
1443 3367 1461 3435 ;
1493 3339 1903 3441 manifesto,
1941 3337 2599 3433 manifestement,
2631 3341 2729 3417 de

275 3465 617 3543 manière
651 3465 695 3543 à
729 3467 1011 3543 rendre
1059 3467 1491 3563 superflues
1541 3463 1655 3541 les
1699 3461 2193 3553 recherches,
2247 3461 2361 3537 les
2415 3461 2731 3561 conjec¬

271 3599 513 3685 tures,
555 3587 627 3669 le
661 3609 979 3667 secours
1011 3595 1087 3665 et
1119 3587 1401 3665 l’effort
1437 3589 1577 3663 des
1613 3607 1789 3661 sens
1829 3593 1907 3663 et
1939 3587 2037 3661 de
2063 3583 2383 3685 l’esprit,
2423 3605 2735 3661 comme

275 3715 499 3803 δηλον.

377 3837 449 3915 4.
511 3837 781 3915 Palam
819 3855 1147 3937 marque
1185 3837 1419 3937 qu’on
1459 3855 1745 3933 expose
1797 3833 1911 3911 les
1951 3835 2229 3911 choses
2263 3831 2309 3909 à
2335 3833 2411 3909 la
2443 3853 2591 3909 vue
2627 3833 2747 3909 à

279 3957 541 4057 public
581 3985 717 4059 par
755 3957 1245 4053 effronterie;
1271 3957 1693 4061 propa/am,
1737 3981 1877 4057 par
1913 3957 2219 4035 dessein
2261 3953 2727 4057 prémédité.

277 4081 431 4159 Cic.
467 4081 673 4161 Orat.
709 4087 767 4179 I,
807 4081 929 4161 33.
959 4081 1233 4183 Neque
1265 4081 1671 4181 proposito
1705 4089 2027 4181 argento
2055 4101 2307 4181 neque
2341 4077 2625 4157 tabulis
2659 4085 2737 4155 et

281 4201 519 4301 signis
551 4205 937 4303 propalam
981 4203 1413 4301 collocatis,
1457 4201 1935 4281 c’est-à-dire
1971 4201 2019 4279 à
2063 4199 2593 4279 l’admiration
2637 4201 2739 4277 de

279 4331 449 4401 tout
481 4323 555 4401 le
581 4327 889 4405 monde.
925 4329 1347 4429 Comparez
1381 4351 1567 4405 avec
1601 4325 1757 4403 Pis.
1801 4325 1921 4405 36.
1955 4323 2241 4427 Mensis
2277 4325 2531 4427 palam
2563 4345 2741 4421 pro¬

283 4441 583 4541 positis,
613 4445 1113 4527 c’est-à-dire
1137 4449 1685 4529 effrontément
1711 4453 1791 4525 et
1821 4471 1999 4525 sans
2027 4453 2255 4545 gêne.

1137 4837 1369 4883 DioltlzeSby
1383 4787 1729 4909 GoOgle
