2982 5010
1129 435 1227 491 DE
1285 435 1719 493 SYNOPiYMIE
1777 435 2069 495 LATINE.
2743 425 2785 493 7

323 583 663 669 Adigere,
701 581 765 657 v.
809 581 1085 673 Cogere.

323 695 649 779 Adipisci,
683 693 751 765 v.
795 693 1123 769 Invenire.

323 807 695 897 Admodum,
733 805 799 877 v.
833 805 1201 899 Perquam.

323 919 785 1007 Adolescens,
825 919 891 991 v.
931 919 1135 991 Puer.

323 1031 795 1117 Adscbndere,
831 1029 899 1101 v.
937 1029 1291 1101 Scandere.

323 1143 705 1229 Adsolere,
733 1137 799 1211 v.
831 1137 1089 1211 Solere.
1213 1203 1231 1229 .

325 1253 655 1341 Adulari,
695 1253 763 1323 v.
789 1253 1149 1323 Assentiri.

323 1361 633 1449 Advena,
665 1365 731 1435 v.
767 1365 1127 1435 Externus.

1545 591 1887 673 Adimere,
1923 587 1993 659 v.
2021 587 2333 659 Demere.

1555 705 1927 789 Admirari,
1961 699 2029 769 v.
2079 699 2333 769 Vereri.

1563 923 1909 1013 Adorare,
1951 923 2013 995 v.
2061 923 2313 997 Vereri.

1551 1039 1879 1121 Adsequi,
1913 1035 1981 1107 v.
2015 1035 2351 1107 Invenire.

1555 1149 1961 1231 Adspectus,
1989 1151 2383 1235 Adspicere,
2407 1147 2469 1219 v.
2521 1145 2779 1217 Videre.

1553 1261 1897 1343 Aduncus,
1925 1255 1991 1327 v.
2031 1255 2321 1331 Curvus.

1557 1371 1945 1453 Adventor,
1977 1369 2043 1439 v.
2097 1369 2379 1461 Hospes.

423 1563 965 1637 Adversarius.
1025 1563 1317 1641 Hostis.
1375 1565 1727 1643 Inimicus,
1789 1567 1861 1643 d.
1937 1563 2423 1641 Adversarius
2443 1571 2463 1657 ,
2529 1571 2779 1641 terme

323 1679 639 1781 général
677 1705 879 1781 pour
921 1689 1089 1763 tout
1113 1687 1549 1763 adversaire
1589 1715 1607 1765 :
1649 1691 1697 1765 à
1729 1689 1799 1763 la
1837 1711 2141 1787 guerre,
2185 1689 2379 1763 dans
2415 1685 2487 1761 la
2517 1683 2781 1785 politi¬

325 1821 505 1901 que,
551 1823 647 1877 en
691 1801 1003 1899 justice,
1063 1811 1373 1885 comme
1429 1805 1867 1901 άντιστάτης;
1929 1805 2181 1901 hostis,
2243 1805 2551 1883 ennemi
2605 1805 2653 1881 à
2707 1805 2781 1883 la

321 1945 631 2021 guerre,
683 1947 779 2001 en
819 1947 1273 2027 campagne,
1317 1953 1457 2027 par
1505 1929 1949 2029 opposition
1993 1931 2039 2033 à
2073 1941 2387 2033 pacatus
2395 1987 2415 2021 ,
2465 1949 2775 2005 comme

319 2045 681 2147 πολέμιος;
727 2049 1091 2143 inimicus,
1141 2051 1453 2131 ennemi
1491 2055 1597 2129 du
1637 2055 1821 2129 fond
1859 2055 1965 2129 du
2001 2075 2245 2147 cœur,
2285 2075 2427 2153 par
2459 2049 2777 2151 opposi¬

323 2167 487 2245 tion
543 2169 591 2245 à
643 2169 947 2265 amicus,
1011 2177 1317 2251 comme
1371 2175 1629 2279 Ιχόρος.
1693 2175 1849 2253 Cic.
1919 2175 2117 2253 Man.
2179 2173 2299 2251 10.
2355 2171 2775 2291 Pompeius

323 2289 615 2389 sæpius
647 2291 829 2369 cum
881 2291 1077 2371 hoste
1111 2295 1453 2373 conflixit
1493 2319 1729 2397 quam
1769 2295 2185 2397 quisquam
2241 2295 2421 2373 cum
2475 2293 2779 2369 inimico

321 2413 825 2491 concertavit.
863 2415 1207 2513 Pompée
1245 2425 1561 2521 compte
1595 2421 1771 2521 plus
1805 2421 1905 2497 de
1939 2419 2295 2497 combats
2333 2425 2603 2499 contre
2635 2417 2775 2493 des

319 2535 627 2613 armées
681 2537 1109 2633 ennemies,
1185 2561 1337 2641 que
1401 2539 1537 2637 qui
1603 2565 1753 2641 que
1813 2565 1903 2621 ce
1961 2539 2113 2619 soit
2179 2563 2277 2617 au
2331 2541 2619 2619 monde
2675 2561 2773 2615 ne

319 2667 639 2757 compte
663 2659 759 2737 de
791 2659 1027 2737 luttes
1055 2669 1327 2739 contre
1351 2685 1455 2739 un
1493 2665 1801 2739 ennemi
1827 2661 2305 2761 particulier.
2347 2661 2501 2739 Liv.
2541 2661 2769 2755 XXII,

319 2783 441 2861 39.
489 2781 767 2861 Nescio
803 2783 899 2859 an
955 2783 1311 2861 infestior
1363 2781 1495 2861 hic
1547 2783 2041 2879 adversarius,
2085 2809 2319 2887 quam
2371 2779 2503 2861 ille
2553 2779 2781 2859 hostis

321 2909 651 2985 maneat.
699 2907 1271 3005 J’appréhende
1315 2929 1473 3007 que
1521 2913 1657 2985 ton
1705 2905 2137 2985 adversaire
2191 2929 2285 2983 ne
2335 2913 2541 2983 reste
2597 2903 2775 3003 plus

321 3029 767 3125 dangereux
809 3049 959 3127 que
999 3035 1133 3105 ton
1167 3027 1509 3107 ennemi.

419 3149 493 3225 2.
553 3149 885 3225 Hostilis
931 3149 1009 3225 et
1057 3149 1403 3227 inimicus
1449 3149 1859 3251 indiquent
1901 3173 2055 3227 une
2095 3149 2559 3251 disposition
2597 3169 2771 3245 per¬

317 3271 713 3367 manente,
765 3271 1071 3373 infestus
1115 3273 1191 3349 et
1233 3273 1559 3375 infensus
1565 3331 1595 3367 r
1629 3295 1731 3349 un
1781 3271 1937 3351 état
1981 3295 2351 3371 passager
2393 3273 2411 3349 :
2463 3273 2773 3373 infestus

319 3417 417 3471 ne
449 3419 793 3495 suppose
831 3397 1119 3493 qu’une
1153 3397 1485 3475 attitude
1523 3393 1833 3489 hostile,
1879 3403 1957 3473 et
1985 3403 2171 3495 peut
2201 3419 2285 3473 se
2311 3395 2477 3473 dire
2509 3401 2771 3471 même

319 3519 457 3595 des
517 3517 769 3617 objets
821 3517 1203 3595 inanimés
1257 3517 1391 3613 qui
1451 3541 1649 3593 nous
1709 3525 2125 3597 menacent
2185 3521 2369 3595 d’un
2437 3517 2761 3617 danger;

321 3639 649 3739 infensus
681 3661 1025 3739 suppose
1061 3643 1199 3715 des
1241 3649 1777 3717 mouvements
1815 3639 2267 3741 passionnés
2303 3647 2383 3717 et
2411 3661 2509 3717 ne
2545 3659 2627 3717 se
2657 3639 2773 3715 dit

321 3785 473 3861 que
535 3765 671 3841 des
727 3763 1183 3865 personnes.
1239 3763 1423 3839 Tac.
1483 3765 1683 3839 Ann.
1741 3765 1897 3857 XV,
1957 3767 2079 3843 28.
2139 3765 2309 3841 Non
2369 3763 2733 3863 infensum
2743 3819 2765 3853 ,

317 3857 909 3963 neduitiXsrt/i
935 3885 1119 3963 odio
1151 3881 1613 3963 Corbulonis
1637 3905 1921 3961 nomen
1953 3883 2409 3961 habebatur.
2455 3885 2557 3961 Le
2583 3905 2767 3961 nom

319 4009 419 4083 de
459 4007 849 4087 Corbulon
887 4009 1167 4087 n’avait
1205 4007 1489 4107 jamais
1537 4005 1783 4087 excité
1823 4009 1921 4085 de
1975 4007 2549 4101 ressentiment,
2607 4005 2761 4085 loin

319 4129 569 4205 d’être
621 4129 889 4231 l’objet
941 4131 1173 4207 d’une
1213 4129 1447 4205 haine
1489 4129 1903 4207 nationale.
1957 4129 2129 4207 Sen.
2177 4131 2267 4207 N.
2307 4131 2395 4221 Q.
2449 4131 2575 4225 III,
2641 4153 2757 4227 pr.

313 4249 649 4329 Animus
707 4251 1033 4329 luxuriæ
1099 4273 1255 4327 non
1311 4249 1655 4327 adversus
1703 4259 2033 4343 tantum,
2103 4251 2241 4329 sed
2295 4253 2373 4329 et
2421 4251 2761 4349 infestus.

315 4379 517 4451 Ame
559 4375 1187 4453 non-seulement
1229 4373 1645 4469 contraire,
1689 4373 1883 4451 mais
1919 4375 2211 4455 rebelle
2247 4401 2397 4455 aux
2427 4375 2757 4475 plaisirs.

313 4497 471 4575 Liv.
525 4499 617 4589 11,
659 4501 781 4577 20.
823 4495 1331 4595 Tarquinium
1377 4495 1649 4597 infesto
1685 4479 1985 4599 spiculo
2025 4499 2257 4599 petit;
2299 4493 2761 4593 Tarquinius
