2982 5014
1053 421 1153 477 DE
1213 417 1647 479 SYNONYMIE
1703 421 1997 479 LATINE.

2651 411 2747 481 37

293 573 801 665 savoir-faire,
855 593 997 649 son
1043 569 1511 667 exactitude,
1559 595 1699 649 son
1735 571 2237 671 application,
2277 575 2609 653 rendent
2643 597 2751 651 un

291 719 777 797 personnage
813 693 1005 771 utile
1063 695 1257 771 dans
1293 695 1367 771 la
1403 695 1523 775 vie
1569 695 1951 797 pratique,
1997 695 2371 773 l’homme
2409 697 2641 775 brave
2677 705 2753 775 et

293 821 563 921 rangé,
607 841 745 919 par
775 815 1221 915 opposition
1251 819 1297 895 à
1327 843 1627 921 nequam
1635 879 1659 915 ,
1703 841 2011 923 comme
2045 821 2367 925 χρηστός.
2405 821 2745 911 Quintil.

291 941 423 1035 VI,
459 945 533 1035 4,
583 947 701 1021 11.
743 941 913 1019 Non
961 947 1077 1017 est
1121 939 1549 1019 altercandi
1591 963 1809 1019 ars...
1851 963 1977 1019 res
2025 941 2261 1019 animi
2303 941 2637 1037 jacentis
2675 951 2753 1023 et

291 1057 547 1139 mollis
601 1085 833 1163 supra
875 1065 1201 1141 modum
1243 1063 1551 1155 frontis,
1609 1063 1961 1165 fallitque
2029 1063 2495 1163 plerumque
2533 1065 2745 1161 quod

299 1185 631 1287 probitas
661 1195 979 1287 vocatur
1003 1209 1181 1287 quæ
1213 1187 1333 1265 est
1355 1187 1853 1267 imbecillitas.
1889 1187 1951 1265 11
1973 1189 2161 1281 faut,
2201 1211 2397 1287 pour
2417 1195 2751 1285 paraître

303 1331 403 1387 en
429 1317 707 1387 maître
729 1333 877 1387 aux
905 1309 1207 1403 débats,
1243 1333 1399 1387 une
1433 1313 1607 1389 âme
1645 1311 1777 1411 qui
1803 1333 1901 1387 ne
1931 1333 2015 1387 se
2037 1311 2267 1387 laisse
2291 1309 2513 1407 point
2539 1309 2751 1389 abat¬

299 1439 447 1525 tre,
465 1455 571 1507 un
601 1431 809 1509 front
829 1431 963 1531 qui
985 1455 1083 1509 ne
1117 1455 1197 1509 se
1225 1431 1521 1511 courbe
1547 1455 1685 1531 pas
1709 1441 1881 1531 trop
1909 1431 2085 1525 vite,
2115 1439 2193 1509 et
2215 1433 2289 1509 la
2327 1453 2749 1511 commune

303 1575 575 1631 erreur
595 1553 799 1631 vient
829 1555 927 1631 de
953 1577 1043 1633 ce
1077 1557 1309 1653 qu’on
1343 1555 1601 1633 donne
1627 1577 1723 1631 en
1747 1563 1949 1631 cette
1981 1553 2303 1631 matière
2335 1553 2409 1631 le
2435 1575 2617 1631 nom
2651 1555 2749 1631 de

299 1675 611 1773 probité
655 1675 701 1751 à
735 1675 811 1753 la
847 1699 1043 1773 pure
1089 1675 1449 1755 faiblesse
1499 1675 1843 1773 d’esprit.
1899 1677 2049 1753 Cic.
2105 1675 2269 1775 Dej.
2321 1671 2443 1753 10.
2503 1671 2753 1773 Frugi

295 1799 703 1877 hominem
739 1801 893 1879 dici
927 1823 1085 1877 non
1123 1801 1455 1879 multum
1497 1801 1751 1879 laudis
1787 1801 2027 1879 habet
2069 1801 2149 1877 in
2189 1825 2379 1901 rege.
2413 1801 2515 1879 Ce
2553 1801 2753 1877 n’est

301 1945 441 2019 pas
491 1923 677 2001 faire
743 1947 849 2001 un
887 1925 1133 2023 grand
1191 1925 1413 2025 éloge
1467 1925 1657 2001 d’un
1709 1923 1827 2001 roi
1885 1949 2037 2023 que
2097 1925 2197 2001 de
2233 1923 2609 2023 l’appeler
2641 1945 2751 1999 un

299 2045 621 2125 homme
653 2047 915 2143 rangé.

397 2167 471 2247 2.
533 2167 903 2247 Honestus
951 2175 1027 2247 et
1065 2181 1355 2245 sanctus
1419 2169 1827 2269 désignent
1879 2193 1987 2247 un
2047 2169 2283 2269 degré
2341 2165 2751 2267 supérieur

299 2297 401 2371 de
441 2291 799 2369 moralité
831 2291 963 2391 qui
995 2289 1347 2391 s’inspire
1383 2293 1613 2369 d’une
1641 2293 1901 2371 raison
1935 2291 2111 2393 plus
2141 2291 2403 2383 haute,
2441 2289 2577 2393 qui
2601 2291 2749 2369 s’é¬

299 2417 467 2493 lève
503 2415 909 2491 au-dessus
941 2415 1043 2491 du
1081 2413 1421 2517 vulgaire
1455 2423 1531 2491 et
1561 2417 1657 2491 de
1687 2415 1757 2491 la
1783 2415 2081 2493 morale
2107 2437 2207 2491 au
2225 2415 2409 2513 jour
2439 2413 2513 2489 le
2535 2411 2739 2513 jour.

299 2539 669 2619 Honestus
673 2597 693 2629 ,
749 2541 925 2615 âme
985 2537 1219 2613 noble
1271 2545 1349 2615 et
1379 2537 1759 2639 héroïque
1805 2539 1939 2637 qui
2001 2539 2403 2617 conforme
2441 2559 2523 2613 sa
2559 2557 2747 2613 con¬

295 2663 519 2741 duite
565 2685 715 2739 aux
737 2659 1131 2761 principes
1163 2657 1351 2737 d’un
1381 2661 1743 2737 honneur
1789 2661 2085 2761 exquis,
2129 2683 2269 2759 par
2303 2657 2749 2761 opposition

293 2789 343 2863 à
379 2785 653 2885 turpis.
703 2781 1049 2879 Sanctus,
1097 2785 1271 2859 âme
1325 2781 1739 2881 religieuse
1777 2791 1853 2861 et
1889 2781 2131 2861 sainte
2171 2803 2321 2883 que
2357 2803 2745 2881 gouverne

295 2907 373 2983 le
407 2905 617 2985 désir
651 2907 747 2983 de
787 2905 1031 3005 plaire
1061 2907 1109 2981 à
1139 2903 1359 2981 Dieu.

301 3077 683 3159 Brachium,
721 3073 787 3145 v.
831 3073 1007 3145 Ulna
1013 3123 1031 3143 .

401 3231 697 3307 Brevis.
753 3227 1069 3307 Curtos.
1129 3229 1393 3305 Brevis
1399 3283 1419 3321 ,
1461 3235 1689 3305 court
1713 3249 1853 3323 par
1895 3233 2205 3319 nature;
2245 3237 2501 3303 curtus
2511 3283 2529 3321 ,
2575 3249 2747 3303 rac¬

293 3351 589 3431 courci.

297 3519 595 3611 Brotus,
627 3517 695 3589 v.
733 3517 1061 3609 Stupidus
1067 3567 1085 3589 .

1483 3789 1567 3903 c

285 4095 673 4181 Caballus,
711 4093 777 4163 v.
809 4093 1047 4185 Equus
1057 4145 1079 4167 .
1527 4093 1997 4179 Cachinnare,
2027 4087 2097 4161 v.
2129 4085 2369 4159 Ridere
2371 4135 2395 4159 .

289 4209 645 4293 Cacumen,
685 4205 753 4275 v.
785 4205 1009 4275 Acies.

387 4361 771 4439 Cadaver.
833 4361 1133 4439 Corpus.
1195 4359 1255 4437 Il
1307 4385 1355 4461 y
1395 4383 1437 4435 a
1471 4365 1689 4435 entre
1745 4355 2055 4433 cadaver
2091 4365 2167 4433 et
2217 4377 2475 4455 corpus
2507 4353 2549 4429 à
2585 4373 2737 4447 peu

285 4485 467 4581 près
523 4481 599 4559 la
635 4487 893 4559 même
953 4481 1371 4561 différence
1421 4483 1777 4581 qu’entre
1831 4499 1919 4555 os
1965 4485 2045 4553 et
2095 4481 2551 4553 ossements.
2621 4467 2721 4539 Le
