2280 3728
893 817 872 66 ORDRE DES VACATIONS

1115 1151 450 50 Jeudi 5 février 1857.

1039 1236 606 50 Autographes de 1 à la fin.

1151 1356 383 47 Vendredi 6 février.

1135 1438 433 41 Livres de 1 à 138.

1167 1557 341 48 Samedi 7 février.

1113 1642 465 41 Livrés de 139 à la fin.

1267 1971 160 54 AVIS.

645 2135 1446 55 Il y aura, chaque jour de Vente, de une heure à trois, Exposition

598 2207 1215 49 des Autographes et des Livres qui seront vendus le soir.

646 2291 1318 51 On aura huit jours pour la vérification des Autographes

638 2357 1366 50 LesAcquéreurs paieront 5 p. 100 en sus du prix d’adjudication.

646 2440 1446 46 Le Samedi 7 février, au commencement de la Vacation, il sera

600 2507 1493 48 vendu environ 500 Volumes et Brochures, que le temps n’a pas

600 2572 467 49 permis de cataloguer.

645 2657 1447 49 M. CHARAVAY, chargé de la vente, remplira les commissions qu’on

600 2722 508 39 voudra bien lui confier.
