1863 2997
694 243 202 50 - 23 -

359 352 1178 65 5° L. a. s. de Pache, ministre de la Guerre, à SAN¬

311 412 973 64 TERRE; 14 janvier l’an II (1793), 1/2 p. in-4°.

279 474 1261 54 Il l’informe qu’il va donner des ordres pour faire rentrer dans Paris l’ar¬

231 518 1309 56 tillerie du parc de Saint-Denis. « Je vous prie d’y concourir pour l’escorte

231 574 455 41 et pour l’emplacement. »

363 628 1180 64 6° L. a. s. de Pache, ministre de la Guerre, à SAN¬

311 685 1076 68 TERRE; Paris, 16 janvier an II (1793), 1/2 p. in-4°.

276 759 606 43 Même objet que la pièce ci-dessus.

363 826 1179 64 7° P. s. par trois administrateurs de la section des

314 881 1228 68 Tuileries ; 17 janvier 1793, 1 p. in-folio, vignette impri¬

314 952 96 38 mée.

279 996 1263 53 Document relatif à l’arrestation de 17 canonniers à cheval, cantonnés à

241 1047 887 46 Saint-Germain-en-Laye, venus à Paris sans ordres.

367 1114 1176 65 8° L. a. s. de PACHE, ministre de la guerre, à SANTERRE;

316 1176 772 60 20 janvier l’an II (1793), 1 p. in-4°.

281 1236 1265 52 Il lui rappelle qu’il est convenu que Pache ne donnera pas de canons sans

242 1280 1304 53 avis de Santerre. En conséquence il lui renvoie la demande de la section

237 1325 1309 53 des Arcis. « Si vous estimez qu’il fut utile à la République de prêter pour

238 1369 1311 53 demain le canon de 8 qu’ils demandent vous pourriez délivrer les lettres. »

369 1442 1181 65 9° P. s. (griffe), par COULOMBEAU, secrétaire-greffier

317 1497 1179 65 de la Commune de Paris ; 20 janvier 1793, 1 p. in-folio.

283 1561 1267 54 Extrait du registre des délibérations de Ia Communë de Paris concernant

240 1596 1312 60 l’arrestation de Pariz, assassin de Le Peletier de Saint-Fargeau. « Arrête

238 1641 1326 62 que les sections sont invitées à rester en permanence, à tenir tous les citoyens.

240 1692 1308 54 sous les armes à ne permettre demain à qui ce soit, même aux femmes de

238 1736 1311 54 circuler dans les rues, exception aux fonctionnaires publics ; aux employés

243 1780 1308 52 de l’administration et à la force armée... Tous les citoyens sont invités à

242 1835 676 44 rester dans le calme le plus profond. »

374 1890 1179 68 10° P. s. (griffe) par COULOMBEAU, secrétaire greffier

322 1946 1229 65 de la Commune de Paris ; 20 janvier 1793, 1 p. in-folio,

322 2018 317 53 tête imprimée.

288 2066 1265 58 Extrait du registre des délibérations du Conseil général du département

247 2112 1308 57 en permanence. Instruction au commandant-général pour prendre toute

246 2156 1308 55 les mesures nécessaires afin d’empêcher que, le lendemain 21, des attroupe¬

247 2199 1308 53 ments sortent ou entrent dans Paris. « Invite tous les citoyens à veiller à

243 2241 1260 61 ce que les ennemis de la Liberté et de l’Égalité ne puissent rien tenter. »

378 2316 1179 70 11° P. s. par MONESTIER (du Puy-de-Dôme), Des¬

326 2373 1230 68 fieux et Debusscher, président, vice-président et secré¬

324 2420 1232 71 taire de la Société des amis de la Liberté et de l’Égalité

329 2483 1225 71 (ex-Société des amis de la Constitution) ; 20 janvier 1793,

328 2541 1125 68 2 p. in-4°, vignette imprimée, cachet de cire rouge.

296 2602 1260 57 La Société décide l’envoi d’une délégation de douze membres auprès du

254 2649 1305 57 Conseil exécutif, du département, du conseil général de la commune, pour
