1924 2992
871 382 177 45 — 3 —

228 489 1458 64 88048 BARBEY D’AURÉVILLY (Jules), le célèbre écrivain, né à

457 546 1229 62 Saint-Sauveur-le-Vicomte (Manche). — L. a. s. à Mlle Éli¬

466 607 1228 57 sabeth Bouillet: Saint-Louis, 1884, 1 p. in-8°. 20 »

422 672 967 43 Belle lettre intime, signée Jiules, écrite à l’encre rouge.

227 733 1453 63 83049 BARBEY D’AURÉVILLY (Jules). — Billet aut. sig. J. B.

457 795 1227 56 d'A. à une dame ; 1 p. in-12 oblong. 10 »

421 866 1263 44 Très aimable billet écrit à l’encre rouge, sur une carte lettre au verso de

379 904 1304 52 laquelle la signature Jules Barbey d’Aurévilly est fac-similée à l’encre verte.

228 979 1453 61 88050 BARRAS (Paul), fameux conventionnel et directeur né à

454 1039 1226 57 Fox-Amphoux. —L. a. s. B. à Mme de Montpezat ; Paris,

453 1095 1230 55 dimanche, 1 p. in-8°. 50 »

422 1166 1261 44 Il lui recommande de prendre du chocolat de Beaune pour ses douleurs

380 1210 1303 44 d’estomac ; pour lui il va mieux grâce, sans doute, au vin de Nuna campana

379 1253 1304 45 dont il fait usage. Le secrétaire de Kléber, (Barras écrit Cléber), lui a donné

380 1298 1302 44 de curieux détails sur la fin tragique de ce grand homme de guerre. « L’An¬

380 1342 1305 44 glais ne se désaisira pas du rocher important de Malthe pour y placer le

377 1386 772 41 misérable (Napoléon ?) qui a tout opprimé. »

226 1450 1457 61 88051 BARTET (Julia Régnault, Mme), artiste dramatique,

454 1506 1228 56 sociétaire du Théâtre-Français. — L. a. s., 2 p. in-8°.

454 1562 1231 56 Jolie pièce. 10  »

227 1637 1454 60 88052 BAYEN (Pierre), pharmacien et célèbre chimiste, dont les

452 1695 1230 56 découvertes préparèrent celle de Lavoisier, né à Châlons-

449 1750 1231 57 sur-Marne (Marne). — L. a. s. à M. Charlard, apothicaire

452 1805 1174 56 du duc d’Orléans ; Bayeux, 22 septembre, 3 p. in-8°.

1558 1884 122 35 15 »

415 1918 1175 45 Il l’entretient de ses travaux et se plaint d’être surchargé de travail.

221 1983 1459 59 88053 BECQUEREL (Antoine-César), célèbre physicien, membre

411 2041 1267 60 de l’Académie des Sciences. — L. a. s. ; Paris, 26 mai

450 2096 1228 57 1868, 3 p. in-8°. 12 »

418 2168 1258 45 Lettre scientifique relative à ses recherches sur le magnétisme de l’oxy¬

366 2203 91 50 gène.

218 2279 1455 58 88054 BEDEAU (Alphonse), général de l’armée d’Afrique, il fut

446 2335 1227 57 nommé divisionnaire après la bataille d’Isly, ministre de

445 2390 1224 58 la guerre en 1848, né à Vertou près de Nantes. — L. a. s.

444 2445 1224 57 à un colonel; Constantine, 8 décembre 1846, 3 p. in-8°.

1571 2520 99 36 5 »

409 2561 1261 45 Il lui donne les raisons pour lesquelles il ne peut inscrire le capitaine

371 2607 602 34 Rose sur le tableau d’avancement.

214 2671 1457 60 88055 BERLIOZ (Hector), l’illustre compositeur de musique. —

442 2723 1227 62 L. a. s. à Érard, 2 p. in-8°. 25 »

411 2800 1255 45 Il lui exprime le chagrin qu’il a ressenti en recevant son magnifique pré¬
