<?xml version="1.0" encoding="utf-8"?>
<alto xmlns="http://www.loc.gov/standards/alto/ns-v4#" xmlns:xsi="http://www.w3.org/2001/XMLSchema-instance" xsi:schemaLocation="http://www.loc.gov/standards/alto/ns-v4# https://gitlab.inria.fr/scripta/escriptorium/-/raw/develop/app/escriptorium/static/alto-4-1-baselines.xsd">
<Description>
<MeasurementUnit>pixel</MeasurementUnit><sourceImageInformation><fileName>1919_04_LAD_N507_8.jpg</fileName></sourceImageInformation>
<OCRProcessing ID="IdOcr">
<ocrProcessingStep>
<processingDateTime>2020-10-31T11:43:42.947+01:00</processingDateTime>
<processingSoftware>
<softwareCreator>READ COOP</softwareCreator>
<softwareName>Transkribus</softwareName>
</processingSoftware>
</ocrProcessingStep>
</OCRProcessing>
</Description>
<Layout>
<Page HEIGHT="3095" ID="Page1" PHYSICAL_IMG_NR="1" WIDTH="1887">
<TopMargin HEIGHT="278" HPOS="0" VPOS="0" WIDTH="1887"/>
<LeftMargin HEIGHT="2491" HPOS="0" VPOS="278" WIDTH="213"/>
<RightMargin HEIGHT="2491" HPOS="1707" VPOS="278" WIDTH="180"/>
<BottomMargin HEIGHT="326" HPOS="0" VPOS="2769" WIDTH="1887"/>
<PrintSpace HEIGHT="2491" HPOS="213" VPOS="278" WIDTH="1494">
<TextBlock HEIGHT="43" HPOS="840" ID="region_1558301767799_2866" VPOS="281" WIDTH="179">
<Shape>
<Polygon POINTS="840 281 1019 281 1019 324 840 324"/>
</Shape>
<TextLine BASELINE="843 325 1014 325" HEIGHT="43" HPOS="843" ID="line_1558301782992_2870" VPOS="282" WIDTH="171">
<String CONTENT="- 8 -" HEIGHT="43" HPOS="843" ID="string_line_1558301782992_2870" VPOS="282" WIDTH="171"/>
</TextLine>
</TextBlock>
<TextBlock HEIGHT="63" HPOS="219" ID="r_2_1" VPOS="393" WIDTH="1461">
<Shape>
<Polygon POINTS="219 393 1680 393 1680 456 219 456"/>
</Shape>
<TextLine BASELINE="220 455 1679 455" HEIGHT="61" HPOS="220" ID="tl_2" VPOS="394" WIDTH="1459">
<String CONTENT="88086 DIAZ (Porfirio), général et homme politique mexicain. —" HEIGHT="61" HPOS="220" ID="string_tl_2" VPOS="394" WIDTH="1459"/>
</TextLine>
</TextBlock>
<TextBlock HEIGHT="59" HPOS="441" ID="r_2_2" VPOS="448" WIDTH="1237">
<Shape>
<Polygon POINTS="441 448 1678 448 1678 507 441 507"/>
</Shape>
<TextLine BASELINE="442 506 1677 506" HEIGHT="57" HPOS="442" ID="tl_3" VPOS="449" WIDTH="1235">
<String CONTENT="P. s. ; Oaxaca, 14 novembre 1866, 3 p. in-folio. 10 »" HEIGHT="57" HPOS="442" ID="string_tl_3" VPOS="449" WIDTH="1235"/>
</TextLine>
</TextBlock>
<TextBlock HEIGHT="48" HPOS="406" ID="r_2_3" VPOS="514" WIDTH="1272">
<Shape>
<Polygon POINTS="406 514 1678 514 1678 562 406 562"/>
</Shape>
<TextLine BASELINE="407 561 1677 561" HEIGHT="46" HPOS="407" ID="tl_4" VPOS="515" WIDTH="1270">
<String CONTENT="Note destinée au général Aymard relative à un échange de prisonniers." HEIGHT="46" HPOS="407" ID="string_tl_4" VPOS="515" WIDTH="1270"/>
</TextLine>
</TextBlock>
<TextBlock HEIGHT="61" HPOS="219" ID="r_2_4" VPOS="581" WIDTH="1458">
<Shape>
<Polygon POINTS="219 581 1677 581 1677 642 219 642"/>
</Shape>
<TextLine BASELINE="220 641 1676 641" HEIGHT="59" HPOS="220" ID="tl_5" VPOS="582" WIDTH="1456">
<String CONTENT="88087 DILLON (Arthur, comte), général, qui se distingua dans" HEIGHT="59" HPOS="220" ID="string_tl_5" VPOS="582" WIDTH="1456"/>
</TextLine>
</TextBlock>
<TextBlock HEIGHT="172" HPOS="438" ID="r_2_5" VPOS="636" WIDTH="1242">
<Shape>
<Polygon POINTS="438 636 1680 636 1680 808 438 808"/>
</Shape>
<TextLine BASELINE="439 696 1676 696" HEIGHT="59" HPOS="439" ID="tl_6" VPOS="637" WIDTH="1237">
<String CONTENT="les guerres d’Amérique, commandant de l’armée du" HEIGHT="59" HPOS="439" ID="string_tl_6" VPOS="637" WIDTH="1237"/>
</TextLine>
<TextLine BASELINE="440 752 1675 752" HEIGHT="58" HPOS="440" ID="tl_7" VPOS="694" WIDTH="1235">
<String CONTENT="Nord en 1792, décapité le 13 avril 1794. — P. a. s.;" HEIGHT="58" HPOS="440" ID="string_tl_7" VPOS="694" WIDTH="1235"/>
</TextLine>
<TextLine BASELINE="439 807 1679 807" HEIGHT="58" HPOS="439" ID="tl_8" VPOS="749" WIDTH="1240">
<String CONTENT="Sivry-la-Perche, 6 octobre 1792, 1/2 p. in-8°. 10 »" HEIGHT="58" HPOS="439" ID="string_tl_8" VPOS="749" WIDTH="1240"/>
</TextLine>
</TextBlock>
<TextBlock HEIGHT="90" HPOS="364" ID="r_2_6" VPOS="815" WIDTH="1317">
<Shape>
<Polygon POINTS="364 815 1681 815 1681 905 364 905"/>
</Shape>
<TextLine BASELINE="410 860 1680 860" HEIGHT="44" HPOS="410" ID="tl_9" VPOS="816" WIDTH="1270">
<String CONTENT="Ordre au sergent Louis Narbonne de faire enterrer six cadavres trouvés" HEIGHT="44" HPOS="410" ID="string_tl_9" VPOS="816" WIDTH="1270"/>
</TextLine>
<TextLine BASELINE="365 904 1006 904" HEIGHT="39" HPOS="365" ID="tl_10" VPOS="865" WIDTH="641">
<String CONTENT="dans les maisons de Sivry-la-Perche." HEIGHT="39" HPOS="365" ID="string_tl_10" VPOS="865" WIDTH="641"/>
</TextLine>
</TextBlock>
<TextBlock HEIGHT="68" HPOS="217" ID="r_2_7" VPOS="919" WIDTH="1463">
<Shape>
<Polygon POINTS="217 919 1680 919 1680 987 217 987"/>
</Shape>
<TextLine BASELINE="218 986 1679 986" HEIGHT="66" HPOS="218" ID="tl_11" VPOS="920" WIDTH="1461">
<String CONTENT="88088 DILLON (Arthur, comte). — L. a. s. au rédacteur du Moni¬" HEIGHT="66" HPOS="218" ID="string_tl_11" VPOS="920" WIDTH="1461"/>
</TextLine>
</TextBlock>
<TextBlock HEIGHT="57" HPOS="439" ID="r_2_8" VPOS="984" WIDTH="1243">
<Shape>
<Polygon POINTS="439 984 1682 984 1682 1041 439 1041"/>
</Shape>
<TextLine BASELINE="440 1040 1681 1040" HEIGHT="55" HPOS="440" ID="tl_12" VPOS="985" WIDTH="1241">
<String CONTENT="teur universel, 1 p. 1/2 in-4°. 10 »" HEIGHT="55" HPOS="440" ID="string_tl_12" VPOS="985" WIDTH="1241"/>
</TextLine>
</TextBlock>
<TextBlock HEIGHT="175" HPOS="364" ID="r_2_9" VPOS="1048" WIDTH="1317">
<Shape>
<Polygon POINTS="364 1048 1681 1048 1681 1223 364 1223"/>
</Shape>
<TextLine BASELINE="414 1095 1679 1095" HEIGHT="46" HPOS="414" ID="tl_13" VPOS="1049" WIDTH="1265">
<String CONTENT="Il proteste contre le texte d’une lettre, insérée dans le n° du 5 août, rela¬" HEIGHT="46" HPOS="414" ID="string_tl_13" VPOS="1049" WIDTH="1265"/>
</TextLine>
<TextLine BASELINE="371 1139 1680 1139" HEIGHT="45" HPOS="371" ID="tl_14" VPOS="1094" WIDTH="1309">
<String CONTENT="tive à ce qu’on appelle le blocus de la ville de Saint-Pierre de la Martini¬" HEIGHT="45" HPOS="371" ID="string_tl_14" VPOS="1094" WIDTH="1309"/>
</TextLine>
<TextLine BASELINE="371 1183 1680 1183" HEIGHT="45" HPOS="371" ID="tl_15" VPOS="1138" WIDTH="1309">
<String CONTENT="que. Le comte de Damas n’a commis aucun des excès qui lui sont reprochés" HEIGHT="45" HPOS="371" ID="string_tl_15" VPOS="1138" WIDTH="1309"/>
</TextLine>
<TextLine BASELINE="365 1222 682 1222" HEIGHT="30" HPOS="365" ID="tl_16" VPOS="1192" WIDTH="317">
<String CONTENT="dans cette lettre." HEIGHT="30" HPOS="365" ID="string_tl_16" VPOS="1192" WIDTH="317"/>
</TextLine>
</TextBlock>
<TextBlock HEIGHT="61" HPOS="217" ID="r_2_10" VPOS="1250" WIDTH="1462">
<Shape>
<Polygon POINTS="217 1250 1679 1250 1679 1311 217 1311"/>
</Shape>
<TextLine BASELINE="218 1310 1678 1310" HEIGHT="59" HPOS="218" ID="tl_17" VPOS="1251" WIDTH="1460">
<String CONTENT="88089 DROZ (Gustave), célèbre romancier, auteur de Monsieur," HEIGHT="59" HPOS="218" ID="string_tl_17" VPOS="1251" WIDTH="1460"/>
</TextLine>
</TextBlock>
<TextBlock HEIGHT="115" HPOS="441" ID="r_2_11" VPOS="1307" WIDTH="1242">
<Shape>
<Polygon POINTS="441 1307 1683 1307 1683 1422 441 1422"/>
</Shape>
<TextLine BASELINE="442 1361 1681 1361" HEIGHT="53" HPOS="442" ID="tl_18" VPOS="1308" WIDTH="1239">
<String CONTENT="Madame et Bébé. — L. a. s. à un docteur; (10 décembre" HEIGHT="53" HPOS="442" ID="string_tl_18" VPOS="1308" WIDTH="1239"/>
</TextLine>
<TextLine BASELINE="445 1421 1682 1421" HEIGHT="55" HPOS="445" ID="tl_19" VPOS="1366" WIDTH="1237">
<String CONTENT="1884), 4 p. in-8°. 15 »" HEIGHT="55" HPOS="445" ID="string_tl_19" VPOS="1366" WIDTH="1237"/>
</TextLine>
</TextBlock>
<TextBlock HEIGHT="172" HPOS="374" ID="r_2_12" VPOS="1428" WIDTH="1310">
<Shape>
<Polygon POINTS="374 1428 1684 1428 1684 1600 374 1600"/>
</Shape>
<TextLine BASELINE="414 1474 1682 1474" HEIGHT="45" HPOS="414" ID="tl_20" VPOS="1429" WIDTH="1268">
<String CONTENT="Il lui signale l’état alarmant de son vieil ami Labiche père, dont la phy¬" HEIGHT="45" HPOS="414" ID="string_tl_20" VPOS="1429" WIDTH="1268"/>
</TextLine>
<TextLine BASELINE="375 1517 1683 1517" HEIGHT="43" HPOS="375" ID="tl_21" VPOS="1474" WIDTH="1308">
<String CONTENT="sionomie reflète l’anxiété de ceux qui s’en vont. Il lui promet de lui cher¬" HEIGHT="43" HPOS="375" ID="string_tl_21" VPOS="1474" WIDTH="1308"/>
</TextLine>
<TextLine BASELINE="385 1562 1682 1562" HEIGHT="45" HPOS="385" ID="tl_22" VPOS="1517" WIDTH="1297">
<String CONTENT="cher pour femme une parisienne qui consente à passer l’hiver dans le" HEIGHT="45" HPOS="385" ID="string_tl_22" VPOS="1517" WIDTH="1297"/>
</TextLine>
<TextLine BASELINE="388 1599 474 1599" HEIGHT="29" HPOS="388" ID="tl_23" VPOS="1570" WIDTH="86">
<String CONTENT="midi." HEIGHT="29" HPOS="388" ID="string_tl_23" VPOS="1570" WIDTH="86"/>
</TextLine>
</TextBlock>
<TextBlock HEIGHT="61" HPOS="228" ID="r_2_13" VPOS="1628" WIDTH="1455">
<Shape>
<Polygon POINTS="228 1628 1683 1628 1683 1689 228 1689"/>
</Shape>
<TextLine BASELINE="229 1688 1682 1688" HEIGHT="59" HPOS="229" ID="tl_24" VPOS="1629" WIDTH="1453">
<String CONTENT="88090 DRYANDER (Jonas Eichmann, dit), naturaliste suédois," HEIGHT="59" HPOS="229" ID="string_tl_24" VPOS="1629" WIDTH="1453"/>
</TextLine>
</TextBlock>
<TextBlock HEIGHT="170" HPOS="448" ID="r_2_14" VPOS="1685" WIDTH="1241">
<Shape>
<Polygon POINTS="448 1685 1689 1685 1689 1855 448 1855"/>
</Shape>
<TextLine BASELINE="449 1743 1684 1743" HEIGHT="57" HPOS="449" ID="tl_25" VPOS="1686" WIDTH="1235">
<String CONTENT="qui se fixa en Angleterre et devint le bibliothécaire de" HEIGHT="57" HPOS="449" ID="string_tl_25" VPOS="1686" WIDTH="1235"/>
</TextLine>
<TextLine BASELINE="449 1798 1685 1798" HEIGHT="56" HPOS="449" ID="tl_26" VPOS="1742" WIDTH="1236">
<String CONTENT="Banks. — L. a. s., en anglais; Londres, 23 septembre" HEIGHT="56" HPOS="449" ID="string_tl_26" VPOS="1742" WIDTH="1236"/>
</TextLine>
<TextLine BASELINE="449 1854 1688 1854" HEIGHT="55" HPOS="449" ID="tl_27" VPOS="1799" WIDTH="1239">
<String CONTENT="1805, 2 p. in-4°. 15 »" HEIGHT="55" HPOS="449" ID="string_tl_27" VPOS="1799" WIDTH="1239"/>
</TextLine>
</TextBlock>
<TextBlock HEIGHT="43" HPOS="412" ID="r_2_15" VPOS="1866" WIDTH="424">
<Shape>
<Polygon POINTS="412 1866 836 1866 836 1909 412 1909"/>
</Shape>
<TextLine BASELINE="413 1908 835 1908" HEIGHT="41" HPOS="413" ID="tl_28" VPOS="1867" WIDTH="422">
<String CONTENT="Belle lettre scientifique." HEIGHT="41" HPOS="413" ID="string_tl_28" VPOS="1867" WIDTH="422"/>
</TextLine>
</TextBlock>
<TextBlock HEIGHT="64" HPOS="230" ID="r_2_16" VPOS="1927" WIDTH="1462">
<Shape>
<Polygon POINTS="230 1927 1692 1927 1692 1991 230 1991"/>
</Shape>
<TextLine BASELINE="231 1990 1691 1990" HEIGHT="62" HPOS="231" ID="tl_29" VPOS="1928" WIDTH="1460">
<String CONTENT="88091 DUCORNET (Louis-César-Joseph), peintre estimable, né" HEIGHT="62" HPOS="231" ID="string_tl_29" VPOS="1928" WIDTH="1460"/>
</TextLine>
</TextBlock>
<TextBlock HEIGHT="115" HPOS="449" ID="r_2_17" VPOS="1986" WIDTH="1244">
<Shape>
<Polygon POINTS="449 1986 1693 1986 1693 2101 449 2101"/>
</Shape>
<TextLine BASELINE="450 2044 1692 2044" HEIGHT="57" HPOS="450" ID="tl_30" VPOS="1987" WIDTH="1242">
<String CONTENT="sans bras, à Lille. — i° L. a. s. à M. Legrip, 1 p. in-8°. —" HEIGHT="57" HPOS="450" ID="string_tl_30" VPOS="1987" WIDTH="1242"/>
</TextLine>
<TextLine BASELINE="453 2100 1689 2100" HEIGHT="56" HPOS="453" ID="tl_31" VPOS="2044" WIDTH="1236">
<String CONTENT="2° Dessin au crayon, avec dédicace aut. sig., 1 p. in-4°." HEIGHT="56" HPOS="453" ID="string_tl_31" VPOS="2044" WIDTH="1236"/>
</TextLine>
</TextBlock>
<TextBlock HEIGHT="41" HPOS="1566" ID="r_2_18" VPOS="2106" WIDTH="128">
<Shape>
<Polygon POINTS="1566 2106 1694 2106 1694 2147 1566 2147"/>
</Shape>
<TextLine BASELINE="1567 2146 1693 2146" HEIGHT="39" HPOS="1567" ID="tl_32" VPOS="2107" WIDTH="126">
<String CONTENT="25 »" HEIGHT="39" HPOS="1567" ID="string_tl_32" VPOS="2107" WIDTH="126"/>
</TextLine>
</TextBlock>
<TextBlock HEIGHT="46" HPOS="420" ID="r_2_19" VPOS="2153" WIDTH="807">
<Shape>
<Polygon POINTS="420 2153 1227 2153 1227 2199 420 2199"/>
</Shape>
<TextLine BASELINE="421 2198 1226 2198" HEIGHT="44" HPOS="421" ID="tl_33" VPOS="2154" WIDTH="805">
<String CONTENT="Joli dessin représentant un soldat napolitain." HEIGHT="44" HPOS="421" ID="string_tl_33" VPOS="2154" WIDTH="805"/>
</TextLine>
</TextBlock>
<TextBlock HEIGHT="67" HPOS="232" ID="r_2_20" VPOS="2214" WIDTH="1463">
<Shape>
<Polygon POINTS="232 2214 1695 2214 1695 2281 232 2281"/>
</Shape>
<TextLine BASELINE="233 2280 1694 2280" HEIGHT="65" HPOS="233" ID="tl_34" VPOS="2215" WIDTH="1461">
<String CONTENT="88092 DUFOUR (Guillaume-Henri), général et homme d’État" HEIGHT="65" HPOS="233" ID="string_tl_34" VPOS="2215" WIDTH="1461"/>
</TextLine>
</TextBlock>
<TextBlock HEIGHT="109" HPOS="452" ID="r_2_21" VPOS="2277" WIDTH="1243">
<Shape>
<Polygon POINTS="452 2277 1695 2277 1695 2386 452 2386"/>
</Shape>
<TextLine BASELINE="453 2333 1692 2333" HEIGHT="55" HPOS="453" ID="tl_35" VPOS="2278" WIDTH="1239">
<String CONTENT="suisse, né à Constance. — L. a. s. à M. Tognietti, 1 p." HEIGHT="55" HPOS="453" ID="string_tl_35" VPOS="2278" WIDTH="1239"/>
</TextLine>
<TextLine BASELINE="453 2385 1694 2385" HEIGHT="52" HPOS="453" ID="tl_36" VPOS="2333" WIDTH="1241">
<String CONTENT="in-8°. 5 »" HEIGHT="52" HPOS="453" ID="string_tl_36" VPOS="2333" WIDTH="1241"/>
</TextLine>
</TextBlock>
<TextBlock HEIGHT="64" HPOS="230" ID="r_2_22" VPOS="2401" WIDTH="1468">
<Shape>
<Polygon POINTS="230 2401 1698 2401 1698 2465 230 2465"/>
</Shape>
<TextLine BASELINE="231 2464 1697 2464" HEIGHT="62" HPOS="231" ID="tl_37" VPOS="2402" WIDTH="1466">
<String CONTENT="88093 DUPUYTREN (Guillaume), célèbre chirurgien, né à Pierre-" HEIGHT="62" HPOS="231" ID="string_tl_37" VPOS="2402" WIDTH="1466"/>
</TextLine>
</TextBlock>
<TextBlock HEIGHT="113" HPOS="454" ID="r_2_23" VPOS="2460" WIDTH="1243">
<Shape>
<Polygon POINTS="454 2460 1697 2460 1697 2573 454 2573"/>
</Shape>
<TextLine BASELINE="455 2519 1693 2519" HEIGHT="58" HPOS="455" ID="tl_38" VPOS="2461" WIDTH="1238">
<String CONTENT="Buffière (Haute-Vienne). — P. a. s.; 8 décembre 1827," HEIGHT="58" HPOS="455" ID="string_tl_38" VPOS="2461" WIDTH="1238"/>
</TextLine>
<TextLine BASELINE="455 2572 1696 2572" HEIGHT="53" HPOS="455" ID="tl_39" VPOS="2519" WIDTH="1241">
<String CONTENT="2 p. in-4°. 10 »" HEIGHT="53" HPOS="455" ID="string_tl_39" VPOS="2519" WIDTH="1241"/>
</TextLine>
</TextBlock>
<TextBlock HEIGHT="175" HPOS="378" ID="r_2_24" VPOS="2582" WIDTH="1321">
<Shape>
<Polygon POINTS="378 2582 1699 2582 1699 2757 378 2757"/>
</Shape>
<TextLine BASELINE="426 2628 1698 2628" HEIGHT="45" HPOS="426" ID="tl_40" VPOS="2583" WIDTH="1272">
<String CONTENT="Procès-verbal de deux visites qu’il a faites à un blessé qui a reçu une" HEIGHT="45" HPOS="426" ID="string_tl_40" VPOS="2583" WIDTH="1272"/>
</TextLine>
<TextLine BASELINE="384 2673 1697 2673" HEIGHT="46" HPOS="384" ID="tl_41" VPOS="2627" WIDTH="1313">
<String CONTENT="balle dans le cerveau. Il a reçu quarante francs pour chacune des visites," HEIGHT="46" HPOS="384" ID="string_tl_41" VPOS="2627" WIDTH="1313"/>
</TextLine>
<TextLine BASELINE="379 2717 1696 2717" HEIGHT="45" HPOS="379" ID="tl_42" VPOS="2672" WIDTH="1317">
<String CONTENT="mais aucune rétribution pour l’opération qu’il a faite au blessé, qui s’est" HEIGHT="45" HPOS="379" ID="string_tl_42" VPOS="2672" WIDTH="1317"/>
</TextLine>
<TextLine BASELINE="380 2756 935 2756" HEIGHT="35" HPOS="380" ID="tl_43" VPOS="2721" WIDTH="555">
<String CONTENT="trouvé mieux immédiatement." HEIGHT="35" HPOS="380" ID="string_tl_43" VPOS="2721" WIDTH="555"/>
</TextLine>
</TextBlock>
</PrintSpace>
</Page>
</Layout>
</alto>