1789 2938
635 101 197 38 — 21 —

237 205 1226 70 aussi par JULIE CAREAU, sa femme ; Paris, 4 nivôse

238 261 1226 69 an VII, 3 p. in-folio. 20 »

204 338 1262 59 Achat par Julie Talma, séparée de biens de son mari, de 18 hectares

166 383 1298 60 32 ares de terres situées sur le canton de Miramont, département de la

164 452 132 28 Somme.

36 504 1432 76 88174 TISSOT (André), célèbre médecin suisse, ne à Grancy (can¬

242 560 1223 72 ton de Vaud). — L. a. s.; 16 janvier 1794, 3 p.1/2 in-4°.

1345 629 122 28 10 »

206 688 1260 52 Très belle lettre de condoléances. Il vante la douceur de l’hiver de l’en¬

167 732 1300 57 droit où il se trouve. Celà vaut les plus beaux endroits cle la Provence ou

168 796 257 39 du Languedoc.

39 860 1431 73 88175 TŒPFFER (Rodolphe), célèbre écrivain suisse, auteur des

250 916 1219 69 Voyages en zigzag, né à Genève. — L. a. s. à M. Petit ;

244 972 1228 69 s. d., 1 p. in-4°. 40 »

212 1043 1258 57 Il se défend d’être l’auteur d’une méchante et odieuse platitude anonyme ;

172 1087 1300 57 c’est le Fédéral qui est la cause de tous ces cancans. A lui d’y mettre un

174 1132 1298 57 terme en dénonçant son complice. Il termine en reconnaissant qu’il a été

172 1176 1301 58 sévère pour sa poésie dans un article où il se permettait, d’ailleurs, d’être

174 1233 616 45 irrespectueux envers Victor-Hugo.

44 1298 1429 73 88176 TOURGUENEFF (Ivan), le célèbre écrivain russe. — L. a.

247 1353 1231 70 s., en français ; mardi matin, 1 p. in-8°. 15 »

216 1430 1263 60 Il ne peut accepter une invitation ; la goutte l’a recloué au lit pour quinze

174 1492 404 42 jours ou trois semaines.

46 1551 1435 76 88177 TRONCHIN (Théodore), célèbre médecin suisse, né à

252 1606 1229 71 Genève.— L. a. s.)11 avril 1757,1 p. 1/2 in-4°. 25 »

220 1681 1260 58 Intéressante lettre adressée à un médecin dijonnais dans laquelle il indi¬

181 1742 662 48 que sa méthode pour l’inoculation.

42 1795 1440 89 88178 VALLÈS (Jules), célèbre écrivain e! homme politique, né au

255 1859 1224 76 Puy (Haute-Loire). — 2 l. a. s. à M. Duchesne ; s. d., 2 p.

253 1923 1231 57 in-8°. 20 »

220 1991 772 47 Lettres relatives à l’insertion de ses articles.

42 2057 1445 82 88179 VENDOME (Françoise de Valois d’Alençon, duchesse de

258 2112 1228 78 Longueville, puis de), épouse du petit-fils de Dunois,

257 2168 1233 79 puis de Charles de Bourbon, duc de Vendôme, elle fut la

257 2223 1232 72 mère d’Antoine, roi de Navarre, de Louis, prince de

259 2279 1231 74 Condé, du cardinal de Bourbon, etc. —- L. a. s. à la du¬

257 2334 1231 77 chesse de Guise (Antoinette de Bourbon), sa belle-sœur ;

259 2397 1231 71 s. d., 1 p. in-folio. Très rare. 50 »

227 2460 1263 66 Elle lui reproche son long silence et lui recommande un gentilhomme,

188 2515 964 55 porteur de sa lettre, qui s’en va vers la reine sa tante.
