1869 3026
910 282 196 36 — 24 —

440 396 1301 43 les inviter à doubler de surveillance et à prendre toutes les mesures néces¬

438 441 1302 45 saires pour empêcher l’exécution des projets des ennemis de la Liberté et

436 486 634 32 la diffusion des nouvelles alarmistes.

559 539 1180 49 PRÉCIEUX DOSSIER HISTORIQUE. 600 »

283 612 1454 58 88183 SEINE-ET-OISE (Département de). — L. s. par Des Tour¬

506 669 1229 56 nelles, ministre des Contributions publiques, aux admi¬

503 723 1228 57 nistrateurs du département de Seine-et-Oise ; Paris,

503 779 1232 57 3 frimaire an II, 1 p. 1/2 in-4°. 8 »

473 846 1258 42 Lettre relative à la répression des déprédations qui se commettaient dans

425 890 1304 45 les forêts de leur département, notamment dans les bois de Préaux, dépen¬

424 934 300 30 dant de Soubise.

272 994 1458 64 88184 RÉVOLUTION FRANÇAISE. — P. s. par BARAILON,

498 1057 1229 55 PLAICHARD, DELEYRE, MASSIEU, LAKANAL, DAUNOU,

496 1113 1234 51 VILAR, DULAURE, BAILLEUL et GRÉGOIRE, convention¬

495 1168 1233 57 nels, membres du Comité d’instruction publique; 24 ven¬

494 1224 1234 56 tôse an III, 3 p. in-folio. 10 »

457 1293 814 40 Arrêté pour l’organisation des écoles de Santé.

266 1357 1458 59 88185 PARIS. —P. s. par PERRIN, BAUDIN, MATHIEU, P.-Ch. GOU¬

492 1416 1231 52 PILEAU, CALÈS, YSABEAU, DELECLOY, ROVERE, GAU¬

490 1472 1231 52 THIER, LOMONT, PEMARTIN, CLAUZEL et LEGENDRE, con¬

491 1526 1227 58 ventionnels, membres du Comité de sûreté générale, et

488 1581 1233 56 par BERNARD SAINT-AFFRIQUE, OLIVIER-GÉRENTE, AU¬

487 1636 1237 53 BRY, RIVAUD, VILLETARD, PENIÈRE, GOSSUIN, CHATEAU¬

487 1691 1233 52 NEUF-RANDON, DESPINASSY, MILHAUD, conventionnels,

486 1747 1232 56 membres du Comité militaire ; Paris, 7 germinal an III,

485 1802 1182 57 2 p. in-folio, vignette imprimée, tachée d’humidité.

1597 1874 125 39 25 »

448 1918 1270 44 Ordre d’arrêter plusieurs membres de la section des Gravilliers qui avaient

407 1963 1312 43 tenu une assemblée illégale et nommé un président au préjudice du prési¬

406 2007 297 30 dent en exercice.

256 2066 1463 66 88186 MÉDECINE. — P. s. par DESGENETTES, LARREY, PARMEN¬

479 2131 1238 57 TIER, HEURTELOUP, inspecteurs généraux du service de

466 2187 1195 56 santé militaire ; Paris, 14 brumaire an XIII, 2 p. in-4°.

1594 2260 124 27 10 »

441 2296 1274 45 Curieuse pièce. — Lettre relative au paiement des médicaments qui

399 2342 1099 43 ont servi à traiter les 378 galeux du 93e régiment d’infanterie.

248 2401 1469 64 88187 AMÉRIQUE. — L. s. du COMTE d’HAUTERIVE à M. de Cham¬

472 2465 1241 57 pagny; 7 juillet 1809, 11 p. in-folio. 150 »

437 2525 1272 48 Document historique dans lequel le comte d’Hauterive, conseiller d’État,

398 2574 1312 45 qui remplit plusieurs fois par intérim la charge de ministre des affaires étran¬

396 2614 1314 49 gères, examine l’attitude des États-Unis à l’égard des belligérants et des

396 2663 1313 44 conséquences pour les Américains de la guerre maritime entre l’Angleterre

395 2707 1311 44 et la France. L’esprit aventureux des Américains les pousse vers le com¬
