<?xml version="1.0" encoding="utf-8"?>
<alto xmlns="http://www.loc.gov/standards/alto/ns-v4#" xmlns:xsi="http://www.w3.org/2001/XMLSchema-instance" xsi:schemaLocation="http://www.loc.gov/standards/alto/ns-v4# https://gitlab.inria.fr/scripta/escriptorium/-/raw/develop/app/escriptorium/static/alto-4-1-baselines.xsd">
<Description>
<MeasurementUnit>pixel</MeasurementUnit><sourceImageInformation><fileName>1919_04_LAD_N507_16.jpg</fileName></sourceImageInformation>
<OCRProcessing ID="IdOcr">
<ocrProcessingStep>
<processingDateTime>2020-10-31T11:43:46.905+01:00</processingDateTime>
<processingSoftware>
<softwareCreator>READ COOP</softwareCreator>
<softwareName>Transkribus</softwareName>
</processingSoftware>
</ocrProcessingStep>
</OCRProcessing>
</Description>
<Layout>
<Page HEIGHT="3097" ID="Page1" PHYSICAL_IMG_NR="1" WIDTH="1816">
<TopMargin HEIGHT="258" HPOS="0" VPOS="0" WIDTH="1816"/>
<LeftMargin HEIGHT="2495" HPOS="0" VPOS="258" WIDTH="193"/>
<RightMargin HEIGHT="2495" HPOS="1724" VPOS="258" WIDTH="92"/>
<BottomMargin HEIGHT="344" HPOS="0" VPOS="2753" WIDTH="1816"/>
<PrintSpace HEIGHT="2495" HPOS="193" VPOS="258" WIDTH="1531">
<TextBlock HEIGHT="40" HPOS="884" ID="r_1_1" VPOS="265" WIDTH="203">
<Shape>
<Polygon POINTS="884 265 1087 265 1087 305 884 305"/>
</Shape>
<TextLine BASELINE="885 304 1086 304" HEIGHT="38" HPOS="885" ID="tl_1" VPOS="266" WIDTH="201">
<String CONTENT="— 16 —" HEIGHT="38" HPOS="885" ID="string_tl_1" VPOS="266" WIDTH="201"/>
</TextLine>
</TextBlock>
<TextBlock HEIGHT="178" HPOS="486" ID="r_2_1" VPOS="376" WIDTH="1215">
<Shape>
<Polygon POINTS="486 376 1701 376 1701 554 486 554"/>
</Shape>
<TextLine BASELINE="490 443 1700 443" HEIGHT="66" HPOS="490" ID="tl_2" VPOS="377" WIDTH="1210">
<String CONTENT="cruautés. — L. s. avec la souscription aut. à son beau-fils" HEIGHT="66" HPOS="490" ID="string_tl_2" VPOS="377" WIDTH="1210"/>
</TextLine>
<TextLine BASELINE="492 502 1698 502" HEIGHT="69" HPOS="492" ID="tl_3" VPOS="433" WIDTH="1206">
<String CONTENT="(H.-R. de La Marck, duc de Bouillon, époux de sa fille," HEIGHT="69" HPOS="492" ID="string_tl_3" VPOS="433" WIDTH="1206"/>
</TextLine>
<TextLine BASELINE="487 553 1604 553" HEIGHT="64" HPOS="487" ID="tl_4" VPOS="489" WIDTH="1117">
<String CONTENT="Françoise) ; Paris, 11 octobre 1572, 1 p. 3/4 in-fol." HEIGHT="64" HPOS="487" ID="string_tl_4" VPOS="489" WIDTH="1117"/>
</TextLine>
</TextBlock>
<TextBlock HEIGHT="31" HPOS="1560" ID="r_2_2" VPOS="573" WIDTH="139">
<Shape>
<Polygon POINTS="1560 573 1699 573 1699 604 1560 604"/>
</Shape>
<TextLine BASELINE="1561 603 1698 603" HEIGHT="29" HPOS="1561" ID="tl_5" VPOS="574" WIDTH="137">
<String CONTENT="200 »" HEIGHT="29" HPOS="1561" ID="string_tl_5" VPOS="574" WIDTH="137"/>
</TextLine>
</TextBlock>
<TextBlock HEIGHT="587" HPOS="393" ID="r_2_3" VPOS="608" WIDTH="1305">
<Shape>
<Polygon POINTS="393 608 1698 608 1698 1195 393 1195"/>
</Shape>
<TextLine BASELINE="448 668 1697 668" HEIGHT="59" HPOS="448" ID="tl_6" VPOS="609" WIDTH="1249">
<String CONTENT="Importante lettre historique. Il l’engage à revenir à la religion catholique" HEIGHT="59" HPOS="448" ID="string_tl_6" VPOS="609" WIDTH="1249"/>
</TextLine>
<TextLine BASELINE="407 712 1694 712" HEIGHT="59" HPOS="407" ID="tl_7" VPOS="653" WIDTH="1287">
<String CONTENT="et à adjurer l’hérésie qui vient de causer en France la Saint-Barthélemy ;" HEIGHT="59" HPOS="407" ID="string_tl_7" VPOS="653" WIDTH="1287"/>
</TextLine>
<TextLine BASELINE="407 753 1694 753" HEIGHT="55" HPOS="407" ID="tl_8" VPOS="698" WIDTH="1287">
<String CONTENT="qu’il imite la confession publique du pasteur Roziers et « la profession de" HEIGHT="55" HPOS="407" ID="string_tl_8" VPOS="698" WIDTH="1287"/>
</TextLine>
<TextLine BASELINE="403 798 1694 798" HEIGHT="56" HPOS="403" ID="tl_9" VPOS="742" WIDTH="1291">
<String CONTENT="foy du Roy de Navarre (Henri IV) et de Monsieur le prince de Condé (Hen¬" HEIGHT="56" HPOS="403" ID="string_tl_9" VPOS="742" WIDTH="1291"/>
</TextLine>
<TextLine BASELINE="402 844 1692 844" HEIGHT="57" HPOS="402" ID="tl_10" VPOS="787" WIDTH="1290">
<String CONTENT="ri Ier), lesquelz, non contens d’avoir ces jours passez, abjuré leur dite opi¬" HEIGHT="57" HPOS="402" ID="string_tl_10" VPOS="787" WIDTH="1290"/>
</TextLine>
<TextLine BASELINE="400 886 1692 886" HEIGHT="55" HPOS="400" ID="tl_11" VPOS="831" WIDTH="1292">
<String CONTENT="nion et aller à la messe, ont escript et depesché un gentilhomme vers nostre" HEIGHT="55" HPOS="400" ID="string_tl_11" VPOS="831" WIDTH="1292"/>
</TextLine>
<TextLine BASELINE="400 932 1693 932" HEIGHT="56" HPOS="400" ID="tl_12" VPOS="876" WIDTH="1293">
<String CONTENT="saint père le pappe (Grégoire XIII), à ce que mettant en oubly l’offence" HEIGHT="56" HPOS="400" ID="string_tl_12" VPOS="876" WIDTH="1293"/>
</TextLine>
<TextLine BASELINE="402 976 1693 976" HEIGHT="55" HPOS="402" ID="tl_13" VPOS="921" WIDTH="1291">
<String CONTENT="qu’ilz ont commise pour s’estre séparez du corps de l’église catholique" HEIGHT="55" HPOS="402" ID="string_tl_13" VPOS="921" WIDTH="1291"/>
</TextLine>
<TextLine BASELINE="400 1021 1691 1021" HEIGHT="56" HPOS="400" ID="tl_14" VPOS="965" WIDTH="1291">
<String CONTENT="Romaine, son bon plaisir feust, usant de la paternelle affection et amityé," HEIGHT="56" HPOS="400" ID="string_tl_14" VPOS="965" WIDTH="1291"/>
</TextLine>
<TextLine BASELINE="399 1064 1692 1064" HEIGHT="55" HPOS="399" ID="tl_15" VPOS="1009" WIDTH="1293">
<String CONTENT="qu’il a toujours eue envers les vrays enfants de Dieu, leur tendre la main" HEIGHT="55" HPOS="399" ID="string_tl_15" VPOS="1009" WIDTH="1293"/>
</TextLine>
<TextLine BASELINE="398 1109 1691 1109" HEIGHT="55" HPOS="398" ID="tl_16" VPOS="1054" WIDTH="1293">
<String CONTENT="et, les recevant à la repentance qu’ils ont, leur impartir le bénéfice de son" HEIGHT="55" HPOS="398" ID="string_tl_16" VPOS="1054" WIDTH="1293"/>
</TextLine>
<TextLine BASELINE="395 1154 1690 1154" HEIGHT="55" HPOS="395" ID="tl_17" VPOS="1099" WIDTH="1295">
<String CONTENT="pardon et indulgence. » Il lui annonce ensuite la mort d’une autre de ses" HEIGHT="55" HPOS="395" ID="string_tl_17" VPOS="1099" WIDTH="1295"/>
</TextLine>
<TextLine BASELINE="394 1194 1410 1194" HEIGHT="50" HPOS="394" ID="tl_18" VPOS="1144" WIDTH="1016">
<String CONTENT="enfants, Anne, mariée à François de Clèves, duc de Nevers." HEIGHT="50" HPOS="394" ID="string_tl_18" VPOS="1144" WIDTH="1016"/>
</TextLine>
</TextBlock>
<TextBlock HEIGHT="73" HPOS="242" ID="r_2_4" VPOS="1213" WIDTH="1448">
<Shape>
<Polygon POINTS="242 1213 1690 1213 1690 1286 242 1286"/>
</Shape>
<TextLine BASELINE="243 1285 1689 1285" HEIGHT="71" HPOS="243" ID="tl_19" VPOS="1214" WIDTH="1446">
<String CONTENT="88144 NANNONI (Angelo), un des plus grands chirurgiens ita¬" HEIGHT="71" HPOS="243" ID="string_tl_19" VPOS="1214" WIDTH="1446"/>
</TextLine>
</TextBlock>
<TextBlock HEIGHT="125" HPOS="463" ID="r_2_5" VPOS="1273" WIDTH="1226">
<Shape>
<Polygon POINTS="463 1273 1689 1273 1689 1398 463 1398"/>
</Shape>
<TextLine BASELINE="464 1342 1686 1342" HEIGHT="68" HPOS="464" ID="tl_20" VPOS="1274" WIDTH="1222">
<String CONTENT="liens, né près de Florence. — L. a. s. à Antonio Pacini ;" HEIGHT="68" HPOS="464" ID="string_tl_20" VPOS="1274" WIDTH="1222"/>
</TextLine>
<TextLine BASELINE="464 1397 1688 1397" HEIGHT="67" HPOS="464" ID="tl_21" VPOS="1330" WIDTH="1224">
<String CONTENT="Florence, 30 novembre 1779, 1 p. in-folio. 15 »" HEIGHT="67" HPOS="464" ID="string_tl_21" VPOS="1330" WIDTH="1224"/>
</TextLine>
</TextBlock>
<TextBlock HEIGHT="78" HPOS="238" ID="r_2_6" VPOS="1405" WIDTH="1450">
<Shape>
<Polygon POINTS="238 1405 1688 1405 1688 1483 238 1483"/>
</Shape>
<TextLine BASELINE="239 1482 1687 1482" HEIGHT="76" HPOS="239" ID="tl_22" VPOS="1406" WIDTH="1448">
<String CONTENT="88145 NAPOLÉON III, empereur des Français. —L. s. à M. Kera¬" HEIGHT="76" HPOS="239" ID="string_tl_22" VPOS="1406" WIDTH="1448"/>
</TextLine>
</TextBlock>
<TextBlock HEIGHT="69" HPOS="463" ID="r_2_7" VPOS="1469" WIDTH="1224">
<Shape>
<Polygon POINTS="463 1469 1687 1469 1687 1538 463 1538"/>
</Shape>
<TextLine BASELINE="464 1537 1686 1537" HEIGHT="67" HPOS="464" ID="tl_23" VPOS="1470" WIDTH="1222">
<String CONTENT="try ; Saint-Cloud, 26 septembre 1851, 1 p. in-8°. 15 »" HEIGHT="67" HPOS="464" ID="string_tl_23" VPOS="1470" WIDTH="1222"/>
</TextLine>
</TextBlock>
<TextBlock HEIGHT="172" HPOS="383" ID="r_2_8" VPOS="1532" WIDTH="1302">
<Shape>
<Polygon POINTS="383 1532 1685 1532 1685 1704 383 1704"/>
</Shape>
<TextLine BASELINE="430 1588 1684 1588" HEIGHT="55" HPOS="430" ID="tl_24" VPOS="1533" WIDTH="1254">
<String CONTENT="Il lira avec intérêt l’opuscule que la situation lui a inspiré. « C’est surtout" HEIGHT="55" HPOS="430" ID="string_tl_24" VPOS="1533" WIDTH="1254"/>
</TextLine>
<TextLine BASELINE="389 1633 1684 1633" HEIGHT="55" HPOS="389" ID="tl_25" VPOS="1578" WIDTH="1295">
<String CONTENT="aux hommes d’un mérite reconnu et d’une expérience éprouvée comme les" HEIGHT="55" HPOS="389" ID="string_tl_25" VPOS="1578" WIDTH="1295"/>
</TextLine>
<TextLine BASELINE="386 1678 1684 1678" HEIGHT="57" HPOS="386" ID="tl_26" VPOS="1621" WIDTH="1298">
<String CONTENT="vôtres qu’il appartient dans lés circonstances difficiles d’apporter au pays" HEIGHT="57" HPOS="386" ID="string_tl_26" VPOS="1621" WIDTH="1298"/>
</TextLine>
<TextLine BASELINE="384 1703 873 1703" HEIGHT="37" HPOS="384" ID="tl_27" VPOS="1666" WIDTH="489">
<String CONTENT="le tribut de leurs lumières. »" HEIGHT="37" HPOS="384" ID="string_tl_27" VPOS="1666" WIDTH="489"/>
</TextLine>
</TextBlock>
<TextBlock HEIGHT="78" HPOS="231" ID="r_2_9" VPOS="1733" WIDTH="1449">
<Shape>
<Polygon POINTS="231 1733 1680 1733 1680 1811 231 1811"/>
</Shape>
<TextLine BASELINE="232 1810 1679 1810" HEIGHT="76" HPOS="232" ID="tl_28" VPOS="1734" WIDTH="1447">
<String CONTENT="88146 NEMOURS (Anne de Lorraine, duchesse de), épouse (1618)" HEIGHT="76" HPOS="232" ID="string_tl_28" VPOS="1734" WIDTH="1447"/>
</TextLine>
</TextBlock>
<TextBlock HEIGHT="183" HPOS="452" ID="r_2_10" VPOS="1795" WIDTH="1226">
<Shape>
<Polygon POINTS="452 1795 1678 1795 1678 1978 452 1978"/>
</Shape>
<TextLine BASELINE="457 1861 1677 1861" HEIGHT="65" HPOS="457" ID="tl_29" VPOS="1796" WIDTH="1220">
<String CONTENT="de Henri de Savoie, duc de Nemours, fille de Charles de" HEIGHT="65" HPOS="457" ID="string_tl_29" VPOS="1796" WIDTH="1220"/>
</TextLine>
<TextLine BASELINE="454 1915 1673 1915" HEIGHT="63" HPOS="454" ID="tl_30" VPOS="1852" WIDTH="1219">
<String CONTENT="Lorraine, duc d'Aumale. — L. s. au duc de Lorraine ;" HEIGHT="63" HPOS="454" ID="string_tl_30" VPOS="1852" WIDTH="1219"/>
</TextLine>
<TextLine BASELINE="453 1977 1675 1977" HEIGHT="70" HPOS="453" ID="tl_31" VPOS="1907" WIDTH="1222">
<String CONTENT="Paris, 20 janvier 1628, 1 p. in-folio, adresse. 10 »" HEIGHT="70" HPOS="453" ID="string_tl_31" VPOS="1907" WIDTH="1222"/>
</TextLine>
</TextBlock>
<TextBlock HEIGHT="147" HPOS="371" ID="r_2_11" VPOS="1970" WIDTH="1303">
<Shape>
<Polygon POINTS="371 1970 1674 1970 1674 2117 371 2117"/>
</Shape>
<TextLine BASELINE="416 2030 1673 2030" HEIGHT="59" HPOS="416" ID="tl_32" VPOS="1971" WIDTH="1257">
<String CONTENT="Condoléances sur la mort de sa femme. (Une cote ancienne indique qu’il" HEIGHT="59" HPOS="416" ID="string_tl_32" VPOS="1971" WIDTH="1257"/>
</TextLine>
<TextLine BASELINE="372 2073 1673 2073" HEIGHT="57" HPOS="372" ID="tl_33" VPOS="2016" WIDTH="1301">
<String CONTENT="s’agit de Chrestienne de Salm ; cette lettre est donc adressée au duc Fran¬" HEIGHT="57" HPOS="372" ID="string_tl_33" VPOS="2016" WIDTH="1301"/>
</TextLine>
<TextLine BASELINE="373 2116 1463 2116" HEIGHT="55" HPOS="373" ID="tl_34" VPOS="2061" WIDTH="1090">
<String CONTENT="çois qui avait abdiqué, en 1624, en faveur de son fils Charles)." HEIGHT="55" HPOS="373" ID="string_tl_34" VPOS="2061" WIDTH="1090"/>
</TextLine>
</TextBlock>
<TextBlock HEIGHT="81" HPOS="217" ID="r_2_12" VPOS="2127" WIDTH="1458">
<Shape>
<Polygon POINTS="217 2127 1675 2127 1675 2208 217 2208"/>
</Shape>
<TextLine BASELINE="218 2207 1674 2207" HEIGHT="79" HPOS="218" ID="tl_35" VPOS="2128" WIDTH="1456">
<String CONTENT="88147 NEVERS (Charles Ier de Gonzague, duc de), duc de Man¬" HEIGHT="79" HPOS="218" ID="string_tl_35" VPOS="2128" WIDTH="1456"/>
</TextLine>
</TextBlock>
<TextBlock HEIGHT="181" HPOS="436" ID="r_2_13" VPOS="2192" WIDTH="1237">
<Shape>
<Polygon POINTS="436 2192 1673 2192 1673 2373 436 2373"/>
</Shape>
<TextLine BASELINE="441 2263 1672 2263" HEIGHT="70" HPOS="441" ID="tl_36" VPOS="2193" WIDTH="1231">
<String CONTENT="toue, habile capitaine, m. 1639. — L. s., avec la sous¬" HEIGHT="70" HPOS="441" ID="string_tl_36" VPOS="2193" WIDTH="1231"/>
</TextLine>
<TextLine BASELINE="439 2314 1669 2314" HEIGHT="66" HPOS="439" ID="tl_37" VPOS="2248" WIDTH="1230">
<String CONTENT="cription aut., au duc de Lorraine ; Sainte-Menehould," HEIGHT="66" HPOS="439" ID="string_tl_37" VPOS="2248" WIDTH="1230"/>
</TextLine>
<TextLine BASELINE="437 2372 1671 2372" HEIGHT="68" HPOS="437" ID="tl_38" VPOS="2304" WIDTH="1234">
<String CONTENT="20 mai 1614, 1 p. in-folio, cachet. Belle lettre. 20 »" HEIGHT="68" HPOS="437" ID="string_tl_38" VPOS="2304" WIDTH="1234"/>
</TextLine>
</TextBlock>
<TextBlock HEIGHT="225" HPOS="354" ID="r_2_14" VPOS="2368" WIDTH="1318">
<Shape>
<Polygon POINTS="354 2368 1672 2368 1672 2593 354 2593"/>
</Shape>
<TextLine BASELINE="403 2428 1671 2428" HEIGHT="59" HPOS="403" ID="tl_39" VPOS="2369" WIDTH="1268">
<String CONTENT="Il lui fait part de l’accord qui s’est conclu ces jours passés. Il pense qu’il" HEIGHT="59" HPOS="403" ID="string_tl_39" VPOS="2369" WIDTH="1268"/>
</TextLine>
<TextLine BASELINE="360 2473 1668 2473" HEIGHT="60" HPOS="360" ID="tl_40" VPOS="2413" WIDTH="1308">
<String CONTENT="s’en réjouira puisqu’il tourne à l’avantage et au repos du royaume. (Il" HEIGHT="60" HPOS="360" ID="string_tl_40" VPOS="2413" WIDTH="1308"/>
</TextLine>
<TextLine BASELINE="359 2516 1667 2516" HEIGHT="58" HPOS="359" ID="tl_41" VPOS="2458" WIDTH="1308">
<String CONTENT="s’agit du traité conclu, le 15 mai, à Sainte-Menehould, entre Condé et les" HEIGHT="58" HPOS="359" ID="string_tl_41" VPOS="2458" WIDTH="1308"/>
</TextLine>
<TextLine BASELINE="357 2561 1667 2561" HEIGHT="58" HPOS="357" ID="tl_42" VPOS="2503" WIDTH="1310">
<String CONTENT="seigneurs révoltés contre la régence de Marie de Médicis, d’une part, et les" HEIGHT="58" HPOS="357" ID="string_tl_42" VPOS="2503" WIDTH="1310"/>
</TextLine>
<TextLine BASELINE="355 2592 801 2592" HEIGHT="45" HPOS="355" ID="tl_43" VPOS="2547" WIDTH="446">
<String CONTENT="représentants de celle-ci)." HEIGHT="45" HPOS="355" ID="string_tl_43" VPOS="2547" WIDTH="446"/>
</TextLine>
</TextBlock>
<TextBlock HEIGHT="81" HPOS="201" ID="r_2_15" VPOS="2612" WIDTH="1461">
<Shape>
<Polygon POINTS="201 2612 1662 2612 1662 2693 201 2693"/>
</Shape>
<TextLine BASELINE="202 2692 1661 2692" HEIGHT="79" HPOS="202" ID="tl_44" VPOS="2613" WIDTH="1459">
<String CONTENT="88148 NOAILLES (Paul, duc de), homme d’état et diplomate," HEIGHT="79" HPOS="202" ID="string_tl_44" VPOS="2613" WIDTH="1459"/>
</TextLine>
</TextBlock>
<TextBlock HEIGHT="70" HPOS="426" ID="r_2_16" VPOS="2676" WIDTH="1233">
<Shape>
<Polygon POINTS="426 2676 1659 2676 1659 2746 426 2746"/>
</Shape>
<TextLine BASELINE="427 2745 1658 2745" HEIGHT="68" HPOS="427" ID="tl_45" VPOS="2677" WIDTH="1231">
<String CONTENT="biographe de Mme de Maintenon, né à Paris. — L. a. s." HEIGHT="68" HPOS="427" ID="string_tl_45" VPOS="2677" WIDTH="1231"/>
</TextLine>
</TextBlock>
</PrintSpace>
</Page>
</Layout>
</alto>