1822 3021
728 392 193 41 — 29 —

265 490 1297 75 nées occidentales. Il notifie particulièrement que le général Frégeville reste

265 555 402 39 attaché à ladite année.

119 600 1445 90 88206 GANTOIS (Jean-François), cultivateur, député de la Somme

344 656 1224 87 à la Convention, né à Fresnoye-lès-Roye (Somme). —

346 712 1217 82 L. a. s. à son collègue Dumont ; Paris, 28 fructidor an II,

350 768 1215 78 1 p. in-4°. 8 »

315 833 1251 72 Il le prie de faire remettre en liberté le citoyen Houdet, détenu à Nointel,

272 895 561 49 lequel était gravement malade.

127 945 1443 89 88207 GARNIER de la Meuse (Claude-Xavier), négociant, député

351 999 1220 84 suppléant de la Meuse à la Convention, il siégea en rem¬

353 1058 1215 78 placement de Tocquot démissionnaire, né à Bar-le-Duc.

355 1112 1219 81 — L. a. s., signée également par Fremanger, à leur collè¬

355 1168 1220 80 gue Dumont ; 15 nivôse, 1 p. in-4°. 12 »

328 1233 1247 62 Au nom de l’humanité ils lui demandent la mise en liberté du beau-frère

285 1278 1293 68 d’un de leurs collègues ; c’est une femme patriote, mère de.cinq enfants, qui

287 1349 215 40 l’en conjure.

137 1389 1444 84 88208 GARNIER, de l’Aube (Antoine-Marie-Charles), avocat,

363 1445 1222 79 député de l’Aube à la Convention, né à Troyes. — P. s.,

362 1500 1228 77 signée aussi par ses collègues MATHIEU, BOURDON (de

364 1552 1222 82 l’Oise), BARRAS, LOMONT, et LEGENDRE; Paris, 5 nivôse,

348 1594 1242 94 1 p. in-folio. 10 »

329 1672 1259 68 Arrêté du Comité de sûreté générale ordonnant la levée des scellés appo¬

291 1738 492 47 sés chez le citoyen Marigner.

143 1788 1453 86 88209 GARNIER, de Saintes (Jacques), avocat du roi en la séné¬

371 1842 1222 82 chaussée de Saintes, député de la Charente-Inférieure à

371 1897 1222 78 la Convention, né à Saintes. — L. a. s. à Palloy ; Paris,

374 1955 1226 81 27 fructidor an III, 1 p. 1/2 in-8°. 15 »

344 2018 1252 65 Il le remercie de l’envoi d’une médaille et vante verbeusement le patrio¬

302 2063 1294 71 tisme de Palloy. « Ne nous étonnons donc point si nous comptons aujour¬

303 2106 1294 73 d’hui parmi nos plus ennemis ceux que nous avons arrachés à la férocité

301 2151 1295 68 de la tyrannie et aux horreurs de l’indigence. Il nous fallait ce retour d’in¬

302 2199 1164 69 gratitude pour donner plus de lustre à nos généreux efforts, etc... »

152 2260 1452 91 88210 GARNIER (Louis), notaire, député suppléant du Pas-de-

380 2315 1222 81 Calais à la Convention ; il siégea en remplacement de

381 2370 1222 83 Le Bas, né à Ardres (Pas-de-Calais). — L. s. au ministre

383 2426 1222 81 de l’Intérieur ; Ardres, 29 mars 1815, 3 p. in-folio. 10 »

351 2491 1258 75 Il rappelle ses services pendant la Révolution et demande à être remis

308 2572 205 32 en activité.

159 2601 1451 94 88211 GAROS (Louis-Julien), conseiller du roi en l’élection de

387 2656 1223 87 Fontenay, député de la Vendée à la Convention, né à

389 2712 1222 87 Sérigné (Vendée). — L. s., signée aussi par ses collègues

392 2767 1220 84 RÉAL, CAMBON, HUMBERT, membres du Comité des
