1931 3064
886 299 176 51 - 9 -

249 414 1464 60 88094 EBLÉ (Jean-Baptiste), général d’artillerie, qui s’illustra au

478 478 1236 50 passage de la Bérésina, né à Saint-Jean de Rorbach

483 532 1229 53 (Moselle). -— L. a. s. au ministre de la guerre; Douai,

480 588 1234 52 8 thermidor an X, 1/2 p. in-4°. 10. »

254 663 1463 53 88095 EDISON (Thomas A.), le célèbre inventeur américain. —

481 720 1235 53 Sa signature aut. sur une carte de visite, 1 p. in-32. 5 »

255 795 1462 56 88096 EIFFEL (Gustave), ingénieur, constructeur de la tour qui

479 854 1238 51 porte son nom, né à Dijon (Côte-d’Or). -— L. a. s. à

482 908 1235 53 Mme Desgenetais; 21 août 1887, 4 p. in-16. 10 »

448 972 1267 41 Il parle de sa santé et des travaux de la tour, qui marchent à sa satisfac¬

405 1013 79 38 tion.

254 1072 1465 60 88097 EUGÉNIE (Eugénie de Montijo), impératrice des Fran¬

483 1136 1237 51 çais, épouse de Napoléon III. — L. a. s. (au maréchal

482 1191 1239 52 Bazaine) ; s. d., 2 p. in-8°, papier à son chiffre. 75 »

447 1255 1270 40 Elle le prie de remettre à la maréchale un écran que le courrier lui por¬

377 1296 1340 48 tera et de la prier de le garder en souvenir d’elle. Elle le prie également

409 1343 893 40 d’agréer ses félicitations (à propos de son mariage).

257 1410 1467 52 88098 FEUILLET (Octave), célèbre romancier et auteur drama¬

485 1466 1239 49 tique, membre de l’Académie française, né à Saint-Lô

489 1520 1234 50 (Manche). -— L. a. s.; à M. Blanchereau; Saint-Lô,

486 1574 1238 51 28 juin 1855, 3 p. in-8°. 20 »

451 1637 1272 41 Belle lettre dans laquelle il lui déclare très nettement qu’il s’oppose à

408 1683 1055 38 la représentation à Saint-Lô de sa pièce Péril en la demeure.

256 1748 1468 52 88099 FLAMMARION (Camille), astronome, auteur de nombreux

484 1804 1240 52 livres de vulgarisation. —- L. a. s. ; Paris, 17 décembre

487 1859 1237 52 1868, 1 p. in-4°. 5 »

451 1924 1272 40 Il réunit les matériaux d’un ouvrage sur l’atmosphère et demande l’au¬

411 1969 1313 40 torisation de recevoir la communication des relations qui traitent des prin¬

411 2013 1313 41 cipaux phénomènes atmosphériques observés dans les voyages scientifiques.

259 2079 1470 54 88100 FLAUBERT (Gustave), le célèbre écrivain, né à Rouen. —

487 2135 1240 52 Billet aut. sig. à une dame, 1 p. in-16. 10 »

258 2204 1469 59 88101 FOREY (Élie-Frédéric), maréchal de France, qui com¬

486 2266 1242 51 manda en Crimée et en Italie, ainsi qu’au début de l’ex¬

484 2321 1240 54 pédition du Mexique, né à Paris. — L. a. s. à M. Thierry;

486 2377 1238 53 devant Sébastopol, 11 février 1855, 4 p. in-8°. 20 »

454 2441 1272 41 Intéressante lettre dans laquelle il se plaint qu’on lui ait enlevé brutale¬

413 2486 1313 40 ment le commandement du corps de siège pour le donner au général Pélis¬

412 2530 1149 43 sier; il a adressé sa démission à l’Empereur et il attend la décision.

257 2595 1471 58 88102 FOREY (Élie-Frédéric). —- 3 l. a. s.; Orizaba, Mexico, 1862-

491 2657 1235 52 1863, 8 p. in-8°. 25 »

458 2718 1269 42 Détails sur les mesures préparatoires à l’attaque de Puebla, qui est l’af¬
