1871 3009
881 132 205 52 - 20 -

413 250 1298 55 son article sur les molécules organiques il se proposait d’exposer, plutôt

415 294 1298 56 que de juger, les travaux divers des naturalistes et des physiologistes. « Je

416 339 1296 49 voulais attirer l’attention des médecins pendant quelques instants sur une

417 382 1295 56 question qui est le fondement même de toute science organologique et que

417 427 1296 53 la plupart d’entre eux ne soupçonnent même pas. » Il félicite Raspail de ses

418 471 1301 52 travaux et il exprime l’espoir qu’il pourra tirer la médecine de la profonde

418 515 1295 52 ornière où elle se trouve. « J’ai toujours vécu dans la persuasion qu’il n’est

418 560 1296 50 aucun mouvement sur la terre, minéral, végétal, ou animal, qui ne soit le

417 604 1297 53 résultat des influences extérieures qui enveloppent tous les corps, et qui

417 648 1296 52 agissent sur eux en vertu des lois les plus vulgaires de la physique géné¬

416 709 116 28 rale . »

271 765 1445 66 88168 SANDEAU (Jules), romancier et auteur dramatique, mem¬

493 819 1225 65 bre de l’Académie française, né à Aubusson (Creuse). —

494 876 1172 63 L. a. s. à son ami Alberic ; dimanche matin, 1 p. in-8°.

1602 945 115 27 10 »

462 998 1255 51 Il le prie de lui faire l’honneur de croire qu’il est incapable des lâchetés

421 1042 1296 50 et des trahisons dont il a pu le soupçonner un instant. « Je n’ai jamais de¬

421 1087 1296 49 mandé la direction du Théâtre-Français ; je ne la demande ni ne la convoite

421 1134 991 49 et je défie qui se soit au monde de prouver le contraire. »

273 1200 1445 71 88169 SÉVIGNÉ (Marie de RABUTIN-CHANTAL, marquise de), la

496 1260 1221 64 célèbre épistolière. — Fin de lettre aut. à M. du Plessis,

499 1319 1213 62 1p. in-4°, adresse. 100 »

464 1381 1251 52 Elle le prie de passer voir un de ses amis et de réveiller son affection.

423 1426 1294 50 Elle annonce l’arrivée du marquis [son fils?) ; il est joli, mais il a la fièvre ;

423 1480 619 41 sa fille en est hors [de fièvre], etc. •

279 1542 1440 66 88170 SOURDIS (François d’Escoubleau, cardinal de), archevêque

503 1598 1220 62 de Bordeaux. — P. s., en latin ; Bordeaux, 18 septembre

503 1656 1218 62 1601, 1 p. in-folio. 12 »

467 1721 1016 42 Document relatif au vicariat de Saint-Pierre de La Lande.

278 1791 1448 68 88171 SOURDIS (Henri d’ESCOUBLEAU de), archevêque de Bor¬

504 1846 1225 67 deaux, fameux marin, qui défit les Espagnols à Gattari

504 1903 1223 65 et battit Bockingham à l’île de Ré. —P. s. ; Bordeaux,

506 1962 1224 62 10 novembre 1633, 1 p. in-folio. 12 »

472 2022 1260 55 Ordre de faire comparaître en son palais les religieux qui ont assisté à

431 2078 422 37 une assemblée interdite.

282 2140 1450 70 88172 TALLEYRAND (Charles-Maurice de), prince de Bénévent,

505 2194 1228 70 le fameux diplomate. — L. aut. ; Valencay, 17, 2 p. in-8°.

508 2250 1230 69 La lettre est terminée par un post-scriptum aut. de la

509 2313 1230 53 duchesse de Dino. 15 »

473 2376 1267 56 Il parle de la chasse, de la qualité de la poudre employée et fait des

433 2423 1306 54 réflexions sur l’esprit de parti, que l’on veut ranimer par tous les moyens.

435 2472 1179 50 « Je vous assure que la disposition de la France était toute autre. »

287 2537 1456 72 88173 TALMA (François), le célèbre tragédien. — P. s., signée
