1898 3090
941 416 202 49 - 28 -

475 526 1308 73 mois. Personne n’obéit aux prescriptions des autorités parce qu’on n’a

473 570 1308 75 pas confiance dans ces autorités. « Le gouvernement n’ouvrira-t-il les yeux

474 614 1306 76 que lorsque le mal sera sans remède. Un autre fléau nous menace; le pain

470 658 1308 71 vaut ici trois sols et demi la livre. Cette cherté a pour cause le défaut de

473 702 737 70 récolte et l’enlèvement des grains vieux. »

315 759 1464 94 88201 FRÉMANGER (Jacques), député d’Eure-et-Loir à la Con¬

539 828 1232 82 vention, né à Ivry-la-Bataille (Eure). — P. a. s. ; Caen,

539 883 1180 85 21 floréal an II, 1 p. in-folio, tête et vignette imprimée.

1650 982 123 41 15 »

499 1004 1270 68 Considérant que les souliers fournis aux défenseurs de la Patrie sont en

456 1048 1112 65 mauvais état il prescrit de saisir les malles qui les contiennent.

303 1110 1464 96 88202 FRÉRON (Stanislas-Louis-Marie), publiciste, député de

528 1178 1237 85 Paris à la Convention. — L. a. s. à Mme Duplessis (la

527 1234 1234 81 belle-mère de Camille Desmoulins) ; 22 ventôse an VIII,

526 1290 1237 80 2 p. in-4°. 20 »

493 1351 1266 74 Il l’informe qu’il s’est entretenu de sa position et de celle d’Horace (le

450 1399 1307 70 fils de Camille) avec le ministre de l’Intérieur. Le ministre trouve juste et

450 1444 1304 69 convenable que le fils de Camille Desmoulins entre au Prytanée, mais il est

448 1488 1305 70 indispensable que l’enfant sache parfaitement lire et écrire avant son admis¬

447 1532 1304 70 sion. Le ministre est également disposé à servir la .pension que la Conven¬

444 1574 1055 66 tion a votée à Mme Duplessis, mais qui n’a jamais été payée.

289 1636 1463 89 88203 FROGER (Louis-Joseph), avoué, député de la Sarthe à la

515 1699 1234 81 Convention, né à Bessé-en-Braye (Sarthe). — L. s. aux

512 1754 1238 82 citoyens composant la commission des approvisionne¬

510 1810 1184 80 ments ; Montdidier, 30 pluviôse an III, 2 p. in-folio.

1626 1904 123 40 15 »

481 1932 1264 70 Il déplore que, malgré toutes les mesures de rigueur, la rentrée journa¬

435 1975 1312 71 lière des grains n’est que de deux cents quintaux par jour, alors qu’elle

433 2019 1311 73 devrait être de cinq cents. « J’ai cependant fait incarcérer quatre des culti¬

431 2064 1314 72 vateurs les plus récalcitrants qui ont été mis en liberté après avoir versé

430 2109 1312 71 leur arriéré. Je ne vois pas que cet exemple fasse peur aux autres. » Il est

428 2153 1314 72 décidé à faire marcher de front la justice, la persuasion et la rigueur. Il com¬

426 2197 1313 72 mence par accorder une. prime de cent sols par quintal et par interdire la

424 2244 351 45 circulation du grain.

271 2305 1470 90 88204 GAMON (François-Joseph), député de l’Ardèche à la Con¬

494 2365 1241 85 vention. — Billet aut. sig. à Bottot ; 20 messidor an VI,

496 2426 1241 80 1/4 de p. in-4°. 5 »

458 2491 981 60 Il le prie de recommander une pétition à Barras. .

262 2555 1469 92 88205 GARRAU (Pierre-Anselme), avocat, député de la Gironde

489 2617 1239 84 à la Convention, né à Sainte-Foy (Gironde). — P. s.

487 2672 1242 85 avec douze lignes aut. ; Bayonne, 3 du second mois de

484 2732 1247 82 l’an II, 4 p. in-folio. 10 »

447 2793 1280 74 Approbation de l’arrêté pris par ses collègues Monestier, Pinet aîné et

409 2836 1317 76 Dartigoeyte concernant les nominations de généraux à l’armée des Pyré¬
