1863 3024
802 246 204 51 - 31 -

419 358 1221 72 du bailliage de Bourg aux États généraux, député de

417 413 1220 69 l’Ain à la Convention, né à Bourg (Ain). — P. a. s. ; Paris,

420 469 1220 66 2 décembre 1792, 1 p. in-4°. 8 »

389 535 1080 57 Pièce relative au jugement de treize émigrés détenus à Langres.

194 603 1443 75 88219 GAY-VERNON (Léonard), curé de Campraignac (Haute-

421 661 1215 69 Vienne), puis évêque constitutionnel et député à l’As¬

420 718 1216 67 semblée législative du même département, réélu à la

422 773 1210 67 Convention, né à Saint-Léonard (Haute-Vienne). — L.

423 829 1160 66 a. s. à un ministre ; Paris, 12 frimaire an V, 1/2 p. in-4°.

1517 901 122 26 10 »

387 951 1250 53 Il le prie de faire donner un cheval à un brave officier qui a perdu le sien

344 1000 847 44 à la guerre ; son père ne peut lui rendre ce service.

192 1067 1445 68 88220 GENISSIEU (Jean-Joseph-Victor), avocat au parlement de

421 1123 1217 62 Grenoble, député de l’Isère à la Convention, né à Cha¬

420 1180 1219 62 beuil (Drôme). — L. s., comme ministre de la Justice, à

422 1235 1215 63 Reverchon ; Paris, 28 ventôse an IV, 1 p. 1/2 in-4°,

421 1291 1220 61 vignette imprimée. 5 »

193 1373 1449 65 88221 GENTIL (Michel), homme de loi, député du Loiret à l’As¬

418 1428 1228 62 semblée législative et à la Convention, né à Ouzouer-sur-

420 1482 1225 63 Trézée (Loiret). — L. a. s. aux membres du Directoire ;

420 1536 1227 63 Paris, 14 frimaire et Ouzouer-sur-Trézée, 18 frimaire

421 1592 1226 62 an IV, 8 p. pl. in-folio. 20 »

387 1654 1259 50 Curieuse lettre relative aux résultats de sa mission pour le ravitaillement

348 1696 1300 53 de Paris en bois et en charbon. Le motif qui a décidé les cultivateurs à por¬

348 1742 1296 53 ter le bois dans les ports des canaux, ce n’est pas le désir de subvenir aux

348 1786 1297 54 besoins de la capitale mais l’espoir qu’on leur enverrait leurs enfants pour

348 1830 1296 52 les aider dans ce travail. Gentil préconise l’envoi en congé de ces fils de cul¬

349 1874 1294 52 tivateurs et de maintenir à l’armée que les jeunes gens qui ont du goût

349 1918 1298 56 pour le métier militaire. « Tel se trouve avoir toute la capacité nécessaire,

350 1962 1295 57 pour l’exploitation d’une ferme, pour la conduite des charrois, d’un bateau

349 2005 1297 54 sur les rivières et les canaux qui ne seroit à l’armée qu’un fort mauvais

349 2072 141 29 soldat. »

197 2122 1451 69 88222 GÉRARD-DESRIVIÈRES (Jacob-Gérard), cultivateur, dé¬

424 2178 1221 70 puté suppléant de l’Orne à la Convention, il siégea en

424 2232 1224 71 remplacement de Bertrand de l’Hosdinière, né à Saint-

425 2287 1221 68 Gervais-de-Messée (Orne). — L. a. s. au préfet maritime

424 2344 1228 67 à Toulon ; Paris, 6 germinal an IX, 1 p. in-4°. 10 »

388 2413 1261 61 Il le prie de faire passer une lettre à son fils, aspirant à bord du vaisseau

347 2473 862 38 La Constitution.

193 2529 1452 75 88223 GERTOUX (Brice), notaire, député des Hautes-Pyrénées

423 2585 1221 70 à l’Assemblée législative et à la Convention, né à Guchen

427 2640 1219 74 (Hautes-Pyrénées). — P. s., signée également par les
