1901 3073
656 567 755 64 CONVENTIONNELS

288 973 1466 80 88191 FORESTIER (Pierre-Jacques), homme de loi, député de

511 1036 1239 72 l’Ailier à la Convention, né à Vichy (Allier). —- Longue

510 1091 1236 72 apostille aut. sig., signée aussi par JULLIEN-DUBOIS;

508 1147 1240 71 21 ventôse an III, 1 p. in-folio. 10 »

472 1213 1274 59 Décision concernant la prolongation des baux des biens possédés dans la

429 1256 1315 61 commune de Biéville (district de Pont-Levêque) par le duc de Biéville (sic),

430 1301 1312 61 frappé par le glaive de la loi. (Il s'agit de Leduc-Biéville, conseiller au par¬

427 1344 849 52 lement de Rouen, décapité le 16 prairial an II.)

274 1402 1465 83 88192 FOUCHÉ (Joseph), oratorien, député de la Loire-Inférieure

503 1468 1235 72 à la Convention, duc d’Otrante, né au Pellerin (Loire-

503 1520 1233 74 Inférieure). — P. s., écrite et signée par son collègue

500 1576 1236 73 Villers ; Nantes, 6 mai 1793, 3 p. in-folio. 15 »

458 1640 1272 62 Arrêté concernant les indemnités à verser aux citoyens dont les proprié¬

418 1684 693 48 tés ont été dévastées par les « brigands ».

262 1746 1468 79 88193 FOUCHER (Jacques), notaire, député du Cher à la Con¬

490 1808 1238 74 vention, né à Coullons (Loiret). — P. s., signée aussi par

487 1861 1237 76 son collègue Pressavin ; 16 nivôse an II, 1 p. in-folio,

486 1920 1238 72 cachet de cire rouge. 10 »

448 1986 1272 60 Arrêté prescrivant le dépôt aux archives du Comité des assignats et des

407 2030 1311 60 monnaies de dix exemplaires de chacune des nouvelles pièces de monnaies

405 2075 236 38 républicaines.

251 2138 1468 78 88194 FOURCROY (Antoine-François), médecin et chimiste, mem¬

478 2198 1239 74 bre de l’Académie des Sciences, député suppléant de

476 2255 1240 73 Paris à la Convention, il siégea en remplacement de

473 2310 1187 73 Marat. — P. a. s.; Paris, 8 juillet 1790, 1/2 p. in-4°.

1589 2399 126 29 10 »

436 2432 1275 61 Reçu de la somme de 337 livres 10 sous pour le second quartier de 1790

392 2477 1099 55 de ses appointements de professeur de chimie au Jardin du roi.

235 2540 1468 77 88195 FOURMY (Jean-Denis), homme de loi à Alençon, député

461 2600 1244 74 suppléant de l’Orne à la Convention, il y siégea dès le

461 2656 1240 73 début de la session en remplacement de Sieyès, qui avait

459 2712 1238 73 opté pour la Sarthe, né à Mortagne (Orne). — L. a. s.
