1862 2906
822 95 196 40 — 13 —

422 192 1231 88 grande vogue à Paris. — L. a. s., en français, à Saint-

426 246 1230 86 Georges, 2 p. 1/2 in-8°. 6 »

401 316 1259 79 Il lui demande une loge pour saluer la nouvelle étoile qu’il va « lancer

358 379 729 60 dans la sphère de la poésie dramatique. »

203 432 1455 99 88124 LA TOUR DU PIN-GOUVERNET (Jean-Frédéric de),

433 489 1233 88 lieutenant-général, député de la noblesse de la séné¬

435 540 1231 89 chaussée de Saintes aux États-Généraux, ministre de la

436 600 1233 88 guerre après le 4 août 1789, il rétablit l’ordre et la disci¬

436 654 1234 91 pline dans l’armée, né à Grenoble (Isère), décapité le

441 709 1228 91 28 avril 1794. — L. s. ; Paris, 17 novembre 1789, 1 p.

442 765 1232 88 in-4°. 5 »

219 847 1456 96 88125 LAVATER (Jean-Gaspard), philosophe et écrivain suisse,

447 903 1230 87 créateur de la physiognomonie, né à Zurich. — 1° L. a. s.,

448 958 1234 89 en français, au chevalier de Pougens; Zurich, 18 août

454 1040 373 60 1790, 2 p. in-16.

417 1085 1269 76 Il lui transmet ses observations sur trois portraits qu’il lui a soumis, bien

380 1137 1055 70 qu’il se soit fait une règle de ne jamais juger sur des portraits.

459 1205 1178 85 2° Page aut., en allemand, 1 p. in-8°, sur léger carton.

424 1293 643 57 Feuillet III de ses Algemeine Regeln.

461 1336 1236 86 Les deux pièces. 20 »

237 1418 1461 94 88126 LEBEAU (Charles), historien, membre de l’Académie des

467 1472 1237 88 Inscriptions, auteur de l’Histoire du Bas-Empire, né à

467 1527 1237 86 Paris. — L. a. s. à d’Anville; 19 juin 1771, 3 p. in-4°,

469 1586 1235 80 adresse, cachet. 15 »

435 1651 1271 78 Il s’excuse des critiques qu’il a portées contre un ouvrage. Il croyait s’a¬

395 1695 1311 78 dresser à un confrère fort au-dessus de ces bagatelles, mais l’Académie est

396 1746 1160 75 témoin qu’il est rempli d’estime pour d’Anville et pour ses œuvres.

248 1812 1464 99 88127 LEMAITRE (Jules), célèbre écrivain et critique, membre de

478 1868 1234 89 l’Académie française, né à Vennecy (Loiret). — L. a. s.,

480 1923 1235 91 sur une carte correspondance, à M. Brieux; 5 novembre

484 1977 1235 95 1890, 1 p. in-16. 6 »

447 2044 1274 87 Il a publié dans la Revue Bleue une longue étude sur Flaubert, mais il ne

407 2093 1316 83 l’a pas recueillie dans ses Contemporains, parce qu’il la trouvait trop impar¬

409 2184 91 29 faite.

260 2210 1469 100 88128 LENORMAND (Marie-Anne-Adélaïde), fameuse devine¬

491 2265 1239 91 resse, née à Alençon (Orne). —- L. a. s. à M.M. Treuttel

494 2324 1238 88 et Wurtz; 20 janvier 1823, 1 p. in-4°. 10 »

461 2395 1139 76 Elle leur réclame 178 francs pour trois douzaines de ses Souvenirs.

271 2464 1465 103 88129 LESLIE (John), physicien et mathématicien écossais. —
