1858 2868
809 92 206 52 - 11 -

182 195 1459 51 153 Ladmirault (de), général de division, commandant un des

266 238 1374 48 quatre corps d’armée après la prise de Paris. — L. a. s., 1855,

273 284 1368 46 1 p. in-f. 2 »

183 327 1459 48 154 Ledru-Rollin, célèbre orateur parlementaire, membre du

269 371 1373 49 gouvernement provisoire de 1848. — L. a. s. (à Elias Régnault);

268 416 1374 46 3 juillet (1841), 2 p. 1/2 in-8. 4 »

319 461 1326 41 Très-curieuse lettre relative à son élection dans la Sarthe à la place de Garnier-

273 500 1373 41 Pagès. Il se plaint amèrement des attaques qui ont été dirigées contre lui, par le

274 539 1373 41 pouvoir, qui avait fait courir le bruit qu’il avait présidé la réunion où Alibaud avait

273 578 1374 41 pris la résolution de tuer le roi, et par le National, qui lui préférait Michel de

277 619 138 37 Bourges.

186 655 1460 56 155 Leflo (Ad.), général et représentant, proscrit le 2 décembre,

271 699 1375 49 ministre de la guerre pendant et après le siège de Paris, né

271 743 1370 48 dans le Finistère. — L. a. s., 1850, 1 p. in-8. 3 »

186 787 1462 52 156 Leroux (Alf.), député de la Vendée, vice-président du Corps

272 832 1377 46 législatif. — L. a. s., 1865, 1 p. 1/2 in-8. 1 50

188 876 1460 52 157 Lorencez (Ch. Latrille, comte de), général de division, com¬

273 920 1375 55 mandant en chef le corps expéditionnaire du Mexique, né

271 956 1376 57 dans la Meuse. — L. a. s.; Bar-le-Duc, 1851, 2 p. in-4. Relative

273 1009 1375 45 à sa biographie. 3 »

190 1053 1459 45 158 Louvet (Ch.), député de Maine-et-Loire, ministre de Napo¬

274 1098 1375 45 léon III. — L. a. s., 1853, 1 p. in-8. 2 »

190 1141 1462 48 159 Luynes (Paul d’Albert de), cardinal, évêque de Bayeux, arche¬

275 1185 1375 46 vêque de Sens, ennemi des Jansénistes, astronome, memb. de

277 1230 1372 45 l’Acad. fr., né à Versailles. — L. a. s. à Mme de Nogent;

277 1274 1371 47 Somme, 1er mai 1853, 1/2 p. in-4. Jolie pièce. 10 »

192 1318 1457 48 160 Mahias (Jules), publiciste, secrétaire-général de la mairie rie

278 1363 1374 46 Paris pendant le siège. — L. a. s., 1859, 1 p. in-8. 1 25

191 1406 1458 48 161 Malézieu (Nicolas de), célèbre bel esprit du XVIIe siècle,

277 1452 1373 45 poète et mathématicien, de l’Acad. fr. — Pièce sig. comme

276 1496 1372 44 secrétaire des commandements du duc du Maine, 1709, 1 p.

277 1540 1373 55 in-f. Fatiguée. Rare. 5 »

192 1584 1461 45 162 Martin (Henri), célèbre historien, maire d’un arrondissement

278 1629 1373 50 de Paris pendant le siège, représentant de la Seine à l’Assem¬

280 1673 1370 44 blée nationale, né à Saint-Quentin. — L. a. s., 1859, 1 p.

280 1719 1371 34 in-8. 3 »

310 1763 715 37 Relative aux autographes de Daniel Manin.

195 1799 1458 48 163 Martimprey, général de division, chef d’état-major de l’armée

281 1846 1373 44 d’Orient, gouverneur des Invalides, détenu comme otage par

282 1890 1374 45 la Commune de Paris. —L. a. s. ; Varna, 1854, 1 p. 1/2

282 1934 1371 36 in-4. 4 »

196 1977 1457 51 164 Mazure, général d’artillerie, commandant à Lyon à l’époque

281 2021 1372 47 de la dernière guerre, arrêté par le Comité de salut public de

283 2067 1372 43 cette ville. — L. s., 1859, 1 p. 1/2 in-f. 1 50

198 2101 1456 60 165 Mellinet (E.), brave général, commandant la garde impériale,

285 2154 1371 46 puis des gardes nationales de la Seine, qui occupait les

283 2190 1373 55 Tuilleries le 4 septembre, lors du départ de l’Impératrice. —

284 2244 1371 46 L. a. s., au crayon, 1/2 p. in-4. 2 »

199 2287 1459 51 166 Miot (Jules), représentant de la Nièvre, membre de la

287 2331 1370 44 Commune de Pans, où il fit décréter la création du Comité de

287 2376 1369 47 salut public. — L. a. s.; 18 juil. 1849, 1 p. 1/2 in-8. 6 »

326 2421 1332 39 Curieuse lettre sur une délibération du conseil municipal de Cosne pour procurer

287 2461 1310 38 du travail aux classes ouvrières. » Occuper 1 homme, dit-il, c'est le. moraliser. »

202 2499 1455 43 167 Montauban (Ch. Cousin de), comte de Palihao, dernier ministre

288 2543 1369 47 de Napoléon III. — L. a. s. ; Rouen, 1859, 1. p. in-4. 6 »
