1858 2885
278 145 151 33 No 27.

1324 140 298 35 Juillet 1871.

710 296 467 73 REVUE

904 416 73 33 DES

212 492 1460 189 AUTOGRAPHES

408 744 1090 54 DES CURIOSITÉS DE L'HISTOIRE & DE LA BIOGRAPHIE

247 859 1401 33 PARAISSANT CHAQUE MOIS, SOUS LA DIRECTION DE

665 943 577 34 GABRIEL CHARAVAY

334 1071 472 25 ABONNEMENTS :

256 1136 647 33 France, un an (12 Numéros) 3 fr.

257 1179 577 40 Étranger.................. 4

1173 1094 317 26 BUREAUX :

996 1172 651 33 60, rue Saint-André-des-Arts.

612 1270 679 44 UN NUMÉRO : 25 CENTIMES

269 1438 1366 45 Sommaire : I. Nécrologie. — 2. Autographes à prix marqués.

733 1603 437 50 NÉCROLOGIE.

274 1714 1409 57 Gauthier-La Chapelle (Claude-Marie-Émiliand-Adrien), avocat à

228 1770 1456 52 la Cour d'appel, professeur de droit, secrétaire-adjoint de l’Institut

228 1819 1452 54 historique, membre de la Société des Amateurs d’autographes, est

229 1869 1455 54 mort le 20 janvier dernier, dans sa 74e année. M. Gauthier-La Chapelle

228 1919 1453 52 était un des plus anciens amateurs d’autographes de Paris. Sa collec¬

231 1969 1450 53 tion est déjà mentionnée dans le Manuel de M. Jules Fontaine, en 1836.

230 2019 1456 52 au nombre des plus intéressantes. Elle se compose de célébrités de tous

229 2068 1455 53 genres, mais particulièrement de celles qui se rattachent au règne de

235 2107 1451 61 Louis XIII Homme de goût, amateur délicat, M. Gauthier n’admettait

231 2167 1456 52 dans ses dossiers que des pièces d’une conservation parfaite, à moins

233 2217 1451 52 qu elles ne fussent d’une rareté très-grande, et, chaque fois qu’il en

236 2266 1449 52 trouvait l’occasion, il en remplaçait une médiocre par une plus belle.

235 2316 1451 51 Il n’a cessé d’augmenter sa collection jusqu’au dernier moment. Sa

235 2366 1451 51 vue s’était beaucoup affaiblie. Néanmoins, il sortait tous les jours, et il

236 2414 1450 53 avait failli, il y a quelques années, être écrasé par une voiture. Il en

237 2464 1447 54 fut quille pour quelques contusions. Sa santé était tout à fait rétablie,

240 2514 1449 53 mais il n’a pu supporter les privations que le siège de Paris a imposées

238 2563 1448 53 aux personnes même les plus aisées. Il n’y avait pas d’homme au
