<?xml version="1.0" encoding="utf-8"?>
<alto xmlns="http://www.loc.gov/standards/alto/ns-v4#" xmlns:xsi="http://www.w3.org/2001/XMLSchema-instance" xsi:schemaLocation="http://www.loc.gov/standards/alto/ns-v4# https://gitlab.inria.fr/scripta/escriptorium/-/raw/develop/app/escriptorium/static/alto-4-1-baselines.xsd">
<Description>
<MeasurementUnit>pixel</MeasurementUnit><sourceImageInformation><fileName>1870_03_RDA_N025-18.png</fileName></sourceImageInformation>
<OCRProcessing ID="IdOcr">
<ocrProcessingStep>
<processingDateTime>2020-10-31T11:43:15.971+01:00</processingDateTime>
<processingSoftware>
<softwareCreator>READ COOP</softwareCreator>
<softwareName>Transkribus</softwareName>
</processingSoftware>
</ocrProcessingStep>
</OCRProcessing>
</Description>
<Layout>
<Page HEIGHT="2823" ID="Page1" PHYSICAL_IMG_NR="1" WIDTH="1884">
<TopMargin HEIGHT="254" HPOS="0" VPOS="0" WIDTH="1884"/>
<LeftMargin HEIGHT="2380" HPOS="0" VPOS="254" WIDTH="317"/>
<RightMargin HEIGHT="2380" HPOS="1790" VPOS="254" WIDTH="94"/>
<BottomMargin HEIGHT="189" HPOS="0" VPOS="2634" WIDTH="1884"/>
<PrintSpace HEIGHT="2380" HPOS="317" VPOS="254" WIDTH="1473">
<TextBlock HEIGHT="51" HPOS="933" ID="region_1533550958661_2" VPOS="161" WIDTH="208">
<Shape>
<Polygon POINTS="933 161 1141 161 1141 212 933 212"/>
</Shape>
<TextLine BASELINE="943 211 1134 211" HEIGHT="52" HPOS="943" ID="line_1533550977454_3" VPOS="159" WIDTH="191">
<String CONTENT="- 18 -" HEIGHT="52" HPOS="943" ID="string_line_1533550977454_3" VPOS="159" WIDTH="191"/>
</TextLine>
</TextBlock>
<TextBlock HEIGHT="51" HPOS="325" ID="r_1_1" VPOS="260" WIDTH="1452">
<Shape>
<Polygon POINTS="325 260 1777 260 1777 311 325 311"/>
</Shape>
<TextLine BASELINE="326 310 1776 310" HEIGHT="49" HPOS="326" ID="tl_1" VPOS="261" WIDTH="1450">
<String CONTENT="120 Ollivier (Emile), garde des Sceaux. —L. a. s., (1862), 1 p." HEIGHT="49" HPOS="326" ID="string_tl_1" VPOS="261" WIDTH="1450"/>
</TextLine>
</TextBlock>
<TextBlock HEIGHT="40" HPOS="409" ID="r_1_2" VPOS="304" WIDTH="1368">
<Shape>
<Polygon POINTS="409 304 1777 304 1777 344 409 344"/>
</Shape>
<TextLine BASELINE="410 343 1776 343" HEIGHT="38" HPOS="410" ID="tl_2" VPOS="305" WIDTH="1366">
<String CONTENT="in-8. 3 »" HEIGHT="38" HPOS="410" ID="string_tl_2" VPOS="305" WIDTH="1366"/>
</TextLine>
</TextBlock>
<TextBlock HEIGHT="55" HPOS="323" ID="r_1_3" VPOS="348" WIDTH="1458">
<Shape>
<Polygon POINTS="323 348 1781 348 1781 403 323 403"/>
</Shape>
<TextLine BASELINE="324 402 1780 402" HEIGHT="53" HPOS="324" ID="tl_3" VPOS="349" WIDTH="1456">
<String CONTENT="121 Le même. Billet aut. sig., 1867, 1/2 p. in-18. 1 50" HEIGHT="53" HPOS="324" ID="string_tl_3" VPOS="349" WIDTH="1456"/>
</TextLine>
</TextBlock>
<TextBlock HEIGHT="48" HPOS="323" ID="r_1_4" VPOS="393" WIDTH="1456">
<Shape>
<Polygon POINTS="323 393 1779 393 1779 441 323 441"/>
</Shape>
<TextLine BASELINE="324 440 1778 440" HEIGHT="46" HPOS="324" ID="tl_4" VPOS="394" WIDTH="1454">
<String CONTENT="122 Orbigny (Alcide d’), célèbre naturaliste et voyageur dans" HEIGHT="46" HPOS="324" ID="string_tl_4" VPOS="394" WIDTH="1454"/>
</TextLine>
</TextBlock>
<TextBlock HEIGHT="94" HPOS="408" ID="r_1_5" VPOS="436" WIDTH="1371">
<Shape>
<Polygon POINTS="408 436 1779 436 1779 530 408 530"/>
</Shape>
<TextLine BASELINE="409 482 1776 482" HEIGHT="45" HPOS="409" ID="tl_5" VPOS="437" WIDTH="1367">
<String CONTENT="l’Amérique du Sud, né dans la Loire-Inférieure. — L. a. s. au" HEIGHT="45" HPOS="409" ID="string_tl_5" VPOS="437" WIDTH="1367"/>
</TextLine>
<TextLine BASELINE="410 529 1778 529" HEIGHT="47" HPOS="410" ID="tl_6" VPOS="482" WIDTH="1368">
<String CONTENT="comte de Saint-Priest ; Pierrefitte, 1850, 1 p. in-8. 2 »" HEIGHT="47" HPOS="410" ID="string_tl_6" VPOS="482" WIDTH="1368"/>
</TextLine>
</TextBlock>
<TextBlock HEIGHT="56" HPOS="323" ID="r_1_6" VPOS="524" WIDTH="1455">
<Shape>
<Polygon POINTS="323 524 1778 524 1778 580 323 580"/>
</Shape>
<TextLine BASELINE="324 579 1777 579" HEIGHT="54" HPOS="324" ID="tl_7" VPOS="525" WIDTH="1453">
<String CONTENT="123 Orléans (Charles d’), un des premiers poètes français, père de" HEIGHT="54" HPOS="324" ID="string_tl_7" VPOS="525" WIDTH="1453"/>
</TextLine>
</TextBlock>
<TextBlock HEIGHT="93" HPOS="408" ID="r_1_7" VPOS="568" WIDTH="1369">
<Shape>
<Polygon POINTS="408 568 1777 568 1777 661 408 661"/>
</Shape>
<TextLine BASELINE="409 621 1776 621" HEIGHT="52" HPOS="409" ID="tl_8" VPOS="569" WIDTH="1367">
<String CONTENT="Louis XII, prisonnier des anglais pendant 25 ans. — Piece sig." HEIGHT="52" HPOS="409" ID="string_tl_8" VPOS="569" WIDTH="1367"/>
</TextLine>
<TextLine BASELINE="410 660 1776 660" HEIGHT="47" HPOS="410" ID="tl_9" VPOS="613" WIDTH="1366">
<String CONTENT="sur vélin; Calais, 2 juil. 1439, 1 p. in-4. 14 »" HEIGHT="47" HPOS="410" ID="string_tl_9" VPOS="613" WIDTH="1366"/>
</TextLine>
</TextBlock>
<TextBlock HEIGHT="72" HPOS="409" ID="r_1_8" VPOS="657" WIDTH="1371">
<Shape>
<Polygon POINTS="409 657 1780 657 1780 729 409 729"/>
</Shape>
<TextLine BASELINE="438 698 1779 698" HEIGHT="40" HPOS="438" ID="tl_10" VPOS="658" WIDTH="1341">
<String CONTENT="Belle et intéressante pièce relative à la prise d’assaut d'Yenville par les anglais" HEIGHT="40" HPOS="438" ID="string_tl_10" VPOS="658" WIDTH="1341"/>
</TextLine>
<TextLine BASELINE="410 728 752 728" HEIGHT="31" HPOS="410" ID="tl_11" VPOS="697" WIDTH="342">
<String CONTENT="au mois d’août 1428." HEIGHT="31" HPOS="410" ID="string_tl_11" VPOS="697" WIDTH="342"/>
</TextLine>
</TextBlock>
<TextBlock HEIGHT="61" HPOS="323" ID="r_1_9" VPOS="725" WIDTH="1455">
<Shape>
<Polygon POINTS="323 725 1778 725 1778 786 323 786"/>
</Shape>
<TextLine BASELINE="324 785 1777 785" HEIGHT="59" HPOS="324" ID="tl_12" VPOS="726" WIDTH="1453">
<String CONTENT="124 Pelletan (Eug.), célèbre publiciste, député de la Seine. — L." HEIGHT="59" HPOS="324" ID="string_tl_12" VPOS="726" WIDTH="1453"/>
</TextLine>
</TextBlock>
<TextBlock HEIGHT="46" HPOS="410" ID="r_1_10" VPOS="779" WIDTH="1368">
<Shape>
<Polygon POINTS="410 779 1778 779 1778 825 410 825"/>
</Shape>
<TextLine BASELINE="411 824 1777 824" HEIGHT="44" HPOS="411" ID="tl_13" VPOS="780" WIDTH="1366">
<String CONTENT="a. s. à Perrotin, 1849, 1 /2 p. in-8, cachet. 1 50" HEIGHT="44" HPOS="411" ID="string_tl_13" VPOS="780" WIDTH="1366"/>
</TextLine>
</TextBlock>
<TextBlock HEIGHT="48" HPOS="323" ID="r_1_11" VPOS="822" WIDTH="1456">
<Shape>
<Polygon POINTS="323 822 1779 822 1779 870 323 870"/>
</Shape>
<TextLine BASELINE="324 869 1778 869" HEIGHT="46" HPOS="324" ID="tl_14" VPOS="823" WIDTH="1454">
<String CONTENT="125 Picard (Ernest), célèbre député de la Seine. — L. a. s., 1868," HEIGHT="46" HPOS="324" ID="string_tl_14" VPOS="823" WIDTH="1454"/>
</TextLine>
</TextBlock>
<TextBlock HEIGHT="54" HPOS="412" ID="r_1_12" VPOS="867" WIDTH="1369">
<Shape>
<Polygon POINTS="412 867 1781 867 1781 921 412 921"/>
</Shape>
<TextLine BASELINE="413 920 1780 920" HEIGHT="52" HPOS="413" ID="tl_15" VPOS="868" WIDTH="1367">
<String CONTENT="1 p. in-8. 2 50" HEIGHT="52" HPOS="413" ID="string_tl_15" VPOS="868" WIDTH="1367"/>
</TextLine>
</TextBlock>
<TextBlock HEIGHT="47" HPOS="325" ID="r_1_13" VPOS="911" WIDTH="1455">
<Shape>
<Polygon POINTS="325 911 1780 911 1780 958 325 958"/>
</Shape>
<TextLine BASELINE="326 957 1779 957" HEIGHT="45" HPOS="326" ID="tl_16" VPOS="912" WIDTH="1453">
<String CONTENT="126 Pie VI (J.-Ange Braschi), pape, mort prisonnier à Valence" HEIGHT="45" HPOS="326" ID="string_tl_16" VPOS="912" WIDTH="1453"/>
</TextLine>
</TextBlock>
<TextBlock HEIGHT="92" HPOS="409" ID="r_1_14" VPOS="954" WIDTH="1372">
<Shape>
<Polygon POINTS="409 954 1781 954 1781 1046 409 1046"/>
</Shape>
<TextLine BASELINE="410 1001 1780 1001" HEIGHT="46" HPOS="410" ID="tl_17" VPOS="955" WIDTH="1370">
<String CONTENT="(Drôme) en 1798. — Pièce deux fois sig. J.-A., avec ces mots" HEIGHT="46" HPOS="410" ID="string_tl_17" VPOS="955" WIDTH="1370"/>
</TextLine>
<TextLine BASELINE="410 1045 1777 1045" HEIGHT="45" HPOS="410" ID="tl_18" VPOS="1000" WIDTH="1367">
<String CONTENT="aut. : Fiat motu proprio; Rome, 1785, 1 p. in-f. 4 50" HEIGHT="45" HPOS="410" ID="string_tl_18" VPOS="1000" WIDTH="1367"/>
</TextLine>
</TextBlock>
<TextBlock HEIGHT="57" HPOS="324" ID="r_1_15" VPOS="1042" WIDTH="1456">
<Shape>
<Polygon POINTS="324 1042 1780 1042 1780 1099 324 1099"/>
</Shape>
<TextLine BASELINE="325 1098 1779 1098" HEIGHT="55" HPOS="325" ID="tl_19" VPOS="1043" WIDTH="1454">
<String CONTENT="127 Pie VII (Grég.-L.-Barn. Chiaramonti), pape célèbre par ses" HEIGHT="55" HPOS="325" ID="string_tl_19" VPOS="1043" WIDTH="1454"/>
</TextLine>
</TextBlock>
<TextBlock HEIGHT="92" HPOS="409" ID="r_1_16" VPOS="1086" WIDTH="1371">
<Shape>
<Polygon POINTS="409 1086 1780 1086 1780 1178 409 1178"/>
</Shape>
<TextLine BASELINE="410 1134 1775 1134" HEIGHT="47" HPOS="410" ID="tl_20" VPOS="1087" WIDTH="1365">
<String CONTENT="démêlés avec Napoléon Ier. — L. s., avec la souscript. aut., au" HEIGHT="47" HPOS="410" ID="string_tl_20" VPOS="1087" WIDTH="1365"/>
</TextLine>
<TextLine BASELINE="410 1177 1779 1177" HEIGHT="45" HPOS="410" ID="tl_21" VPOS="1132" WIDTH="1369">
<String CONTENT="cardinal Busca; Cesena, 8 déc. 1795, 1 p. in-f. 5 50" HEIGHT="45" HPOS="410" ID="string_tl_21" VPOS="1132" WIDTH="1369"/>
</TextLine>
</TextBlock>
<TextBlock HEIGHT="48" HPOS="325" ID="r_1_17" VPOS="1175" WIDTH="1454">
<Shape>
<Polygon POINTS="325 1175 1779 1175 1779 1223 325 1223"/>
</Shape>
<TextLine BASELINE="326 1222 1778 1222" HEIGHT="46" HPOS="326" ID="tl_22" VPOS="1176" WIDTH="1452">
<String CONTENT="128 Pie VIII (Fr.-Saverio Castiglioni), pape, qui subit à Rome le" HEIGHT="46" HPOS="326" ID="string_tl_22" VPOS="1176" WIDTH="1452"/>
</TextLine>
</TextBlock>
<TextBlock HEIGHT="92" HPOS="409" ID="r_1_18" VPOS="1218" WIDTH="1370">
<Shape>
<Polygon POINTS="409 1218 1779 1218 1779 1310 409 1310"/>
</Shape>
<TextLine BASELINE="410 1265 1777 1265" HEIGHT="46" HPOS="410" ID="tl_23" VPOS="1219" WIDTH="1367">
<String CONTENT="contre-coup de la révolution de 1830. — L. a. s. à Jér. Bianconi;" HEIGHT="46" HPOS="410" ID="string_tl_23" VPOS="1219" WIDTH="1367"/>
</TextLine>
<TextLine BASELINE="414 1309 1778 1309" HEIGHT="46" HPOS="414" ID="tl_24" VPOS="1263" WIDTH="1364">
<String CONTENT="Césène, 15 août 1818, 1 p. in-4, cachet. 7 »" HEIGHT="46" HPOS="414" ID="string_tl_24" VPOS="1263" WIDTH="1364"/>
</TextLine>
</TextBlock>
<TextBlock HEIGHT="39" HPOS="437" ID="r_1_19" VPOS="1308" WIDTH="896">
<Shape>
<Polygon POINTS="437 1308 1333 1308 1333 1347 437 1347"/>
</Shape>
<TextLine BASELINE="438 1346 1332 1346" HEIGHT="37" HPOS="438" ID="tl_25" VPOS="1309" WIDTH="894">
<String CONTENT="Curieuse lettre relative à une acquisition de médailles." HEIGHT="37" HPOS="438" ID="string_tl_25" VPOS="1309" WIDTH="894"/>
</TextLine>
</TextBlock>
<TextBlock HEIGHT="92" HPOS="325" ID="r_1_20" VPOS="1345" WIDTH="1454">
<Shape>
<Polygon POINTS="325 1345 1779 1345 1779 1437 325 1437"/>
</Shape>
<TextLine BASELINE="326 1391 1778 1391" HEIGHT="45" HPOS="326" ID="tl_26" VPOS="1346" WIDTH="1452">
<String CONTENT="129 Pie IX (Giov.-Maria de Mastai-Ferretti), le pape actuel. — L. a." HEIGHT="45" HPOS="326" ID="string_tl_26" VPOS="1346" WIDTH="1452"/>
</TextLine>
<TextLine BASELINE="411 1436 1778 1436" HEIGHT="46" HPOS="411" ID="tl_27" VPOS="1390" WIDTH="1367">
<String CONTENT="s., comme archevêque de Spolète; Spolète, 1830, 1 p. in-f. 14 »" HEIGHT="46" HPOS="411" ID="string_tl_27" VPOS="1390" WIDTH="1367"/>
</TextLine>
</TextBlock>
<TextBlock HEIGHT="54" HPOS="324" ID="r_1_21" VPOS="1433" WIDTH="1458">
<Shape>
<Polygon POINTS="324 1433 1782 1433 1782 1487 324 1487"/>
</Shape>
<TextLine BASELINE="325 1486 1781 1486" HEIGHT="52" HPOS="325" ID="tl_28" VPOS="1434" WIDTH="1456">
<String CONTENT="130 Ponsard (F.), célèbre poète tragique, de l’Acad. fr., né à" HEIGHT="52" HPOS="325" ID="string_tl_28" VPOS="1434" WIDTH="1456"/>
</TextLine>
</TextBlock>
<TextBlock HEIGHT="91" HPOS="409" ID="r_1_22" VPOS="1477" WIDTH="1371">
<Shape>
<Polygon POINTS="409 1477 1780 1477 1780 1568 409 1568"/>
</Shape>
<TextLine BASELINE="410 1523 1779 1523" HEIGHT="45" HPOS="410" ID="tl_29" VPOS="1478" WIDTH="1369">
<String CONTENT="Vienne (Isère). — L. a. s. à M. Guérin; Vienne, 22 juin 1843," HEIGHT="45" HPOS="410" ID="string_tl_29" VPOS="1478" WIDTH="1369"/>
</TextLine>
<TextLine BASELINE="410 1567 1777 1567" HEIGHT="46" HPOS="410" ID="tl_30" VPOS="1521" WIDTH="1367">
<String CONTENT="3 p. in-8, enveloppe et cachet. 3 »" HEIGHT="46" HPOS="410" ID="string_tl_30" VPOS="1521" WIDTH="1367"/>
</TextLine>
</TextBlock>
<TextBlock HEIGHT="117" HPOS="411" ID="r_1_23" VPOS="1565" WIDTH="1371">
<Shape>
<Polygon POINTS="411 1565 1782 1565 1782 1682 411 1682"/>
</Shape>
<TextLine BASELINE="438 1605 1781 1605" HEIGHT="39" HPOS="438" ID="tl_31" VPOS="1566" WIDTH="1343">
<String CONTENT="Très-intéressante lettre dans laquelle il parle de sa tragédie de Lucrèce, et raconte" HEIGHT="39" HPOS="438" ID="string_tl_31" VPOS="1566" WIDTH="1343"/>
</TextLine>
<TextLine BASELINE="412 1643 1781 1643" HEIGHT="38" HPOS="412" ID="tl_32" VPOS="1605" WIDTH="1369">
<String CONTENT="les banquets et les ovations qui l’ont accueilli à Vienne, où il va goûter un peu de" HEIGHT="38" HPOS="412" ID="string_tl_32" VPOS="1605" WIDTH="1369"/>
</TextLine>
<TextLine BASELINE="413 1681 508 1681" HEIGHT="29" HPOS="413" ID="tl_33" VPOS="1652" WIDTH="95">
<String CONTENT="repos." HEIGHT="29" HPOS="413" ID="string_tl_33" VPOS="1652" WIDTH="95"/>
</TextLine>
</TextBlock>
<TextBlock HEIGHT="47" HPOS="326" ID="r_1_24" VPOS="1680" WIDTH="1451">
<Shape>
<Polygon POINTS="326 1680 1777 1680 1777 1727 326 1727"/>
</Shape>
<TextLine BASELINE="327 1726 1776 1726" HEIGHT="45" HPOS="327" ID="tl_34" VPOS="1681" WIDTH="1449">
<String CONTENT="131 Poultier (P.), célèbre chanteur de l’Opéra.— L. a. s. à M. Adam;" HEIGHT="45" HPOS="327" ID="string_tl_34" VPOS="1681" WIDTH="1449"/>
</TextLine>
</TextBlock>
<TextBlock HEIGHT="82" HPOS="409" ID="r_1_25" VPOS="1724" WIDTH="1370">
<Shape>
<Polygon POINTS="409 1724 1779 1724 1779 1806 409 1806"/>
</Shape>
<TextLine BASELINE="412 1771 1778 1771" HEIGHT="46" HPOS="412" ID="tl_35" VPOS="1725" WIDTH="1366">
<String CONTENT="— Nantes, 1845, 2 p. in-8. Il y parle des grands succès qu’il a" HEIGHT="46" HPOS="412" ID="string_tl_35" VPOS="1725" WIDTH="1366"/>
</TextLine>
<TextLine BASELINE="410 1805 1777 1805" HEIGHT="35" HPOS="410" ID="tl_36" VPOS="1770" WIDTH="1367">
<String CONTENT="dans cette ville. 2 »" HEIGHT="35" HPOS="410" ID="string_tl_36" VPOS="1770" WIDTH="1367"/>
</TextLine>
</TextBlock>
<TextBlock HEIGHT="47" HPOS="326" ID="r_1_26" VPOS="1812" WIDTH="1456">
<Shape>
<Polygon POINTS="326 1812 1782 1812 1782 1859 326 1859"/>
</Shape>
<TextLine BASELINE="327 1858 1781 1858" HEIGHT="45" HPOS="327" ID="tl_37" VPOS="1813" WIDTH="1454">
<String CONTENT="132 Proudhon (P.-J.), le célèbre écrivain socialiste. — L. a. s. à" HEIGHT="45" HPOS="327" ID="string_tl_37" VPOS="1813" WIDTH="1454"/>
</TextLine>
</TextBlock>
<TextBlock HEIGHT="91" HPOS="410" ID="r_1_27" VPOS="1856" WIDTH="1369">
<Shape>
<Polygon POINTS="410 1856 1779 1856 1779 1947 410 1947"/>
</Shape>
<TextLine BASELINE="412 1903 1778 1903" HEIGHT="46" HPOS="412" ID="tl_38" VPOS="1857" WIDTH="1366">
<String CONTENT="M. Mazel; prison de Sainte-Pélagie, 6 mars 1852, 3 p. in-8. Un" HEIGHT="46" HPOS="412" ID="string_tl_38" VPOS="1857" WIDTH="1366"/>
</TextLine>
<TextLine BASELINE="411 1946 1776 1946" HEIGHT="45" HPOS="411" ID="tl_39" VPOS="1901" WIDTH="1365">
<String CONTENT="peu tachée. 10 »" HEIGHT="45" HPOS="411" ID="string_tl_39" VPOS="1901" WIDTH="1365"/>
</TextLine>
</TextBlock>
<TextBlock HEIGHT="506" HPOS="411" ID="r_1_28" VPOS="1944" WIDTH="1372">
<Shape>
<Polygon POINTS="411 1944 1783 1944 1783 2450 411 2450"/>
</Shape>
<TextLine BASELINE="441 1985 1781 1985" HEIGHT="40" HPOS="441" ID="tl_40" VPOS="1945" WIDTH="1340">
<String CONTENT="Très-curieuse lettre relative à la mise en pratique de sa banque d’échange, dont" HEIGHT="40" HPOS="441" ID="string_tl_40" VPOS="1945" WIDTH="1340"/>
</TextLine>
<TextLine BASELINE="416 2024 1782 2024" HEIGHT="39" HPOS="416" ID="tl_41" VPOS="1985" WIDTH="1366">
<String CONTENT="il a renoncé à s’occuper personnellement depuis le deux décembre. Le dernier décret" HEIGHT="39" HPOS="416" ID="string_tl_41" VPOS="1985" WIDTH="1366"/>
</TextLine>
<TextLine BASELINE="414 2063 1780 2063" HEIGHT="40" HPOS="414" ID="tl_42" VPOS="2023" WIDTH="1366">
<String CONTENT="sur la Banque de France lui plaît plus que le précédent, et il voit au bout la con¬" HEIGHT="40" HPOS="414" ID="string_tl_42" VPOS="2023" WIDTH="1366"/>
</TextLine>
<TextLine BASELINE="414 2102 1781 2102" HEIGHT="40" HPOS="414" ID="tl_43" VPOS="2062" WIDTH="1367">
<String CONTENT="version de la lente, et même la liquidation sociale. « Vous verrez, dit-il, que" HEIGHT="40" HPOS="414" ID="string_tl_43" VPOS="2062" WIDTH="1367"/>
</TextLine>
<TextLine BASELINE="416 2141 1780 2141" HEIGHT="40" HPOS="416" ID="tl_44" VPOS="2101" WIDTH="1364">
<String CONTENT="Louis Bonaparte, pour avoir décrété la centième partie de ce que le monde demande" HEIGHT="40" HPOS="416" ID="string_tl_44" VPOS="2101" WIDTH="1364"/>
</TextLine>
<TextLine BASELINE="412 2179 1777 2179" HEIGHT="40" HPOS="412" ID="tl_45" VPOS="2139" WIDTH="1365">
<String CONTENT="et que je propose, sera mis au rang des bienfaiteurs de l’humanité, tandis que votre" HEIGHT="40" HPOS="412" ID="string_tl_45" VPOS="2139" WIDTH="1365"/>
</TextLine>
<TextLine BASELINE="413 2215 1778 2215" HEIGHT="37" HPOS="413" ID="tl_46" VPOS="2178" WIDTH="1365">
<String CONTENT="serviteur restera un misérable ! » Au reste, il attend plus de l’avalanche d’or et" HEIGHT="37" HPOS="413" ID="string_tl_46" VPOS="2178" WIDTH="1365"/>
</TextLine>
<TextLine BASELINE="413 2255 1782 2255" HEIGHT="37" HPOS="413" ID="tl_47" VPOS="2218" WIDTH="1369">
<String CONTENT="d’argent dont nous menace la Californie et l’Australie que des petites démonstrations" HEIGHT="37" HPOS="413" ID="string_tl_47" VPOS="2218" WIDTH="1369"/>
</TextLine>
<TextLine BASELINE="414 2295 1780 2295" HEIGHT="39" HPOS="414" ID="tl_48" VPOS="2256" WIDTH="1366">
<String CONTENT="du Gouvernement. » La canaille humaine, ajoute-t-il, ne se rend qu'à la force : la" HEIGHT="39" HPOS="414" ID="string_tl_48" VPOS="2256" WIDTH="1366"/>
</TextLine>
<TextLine BASELINE="416 2333 1779 2333" HEIGHT="39" HPOS="416" ID="tl_49" VPOS="2294" WIDTH="1363">
<String CONTENT="raison, chez elle, a très-peu de crédit. Voilà pourquoi votre banque ne sera jamais," HEIGHT="39" HPOS="416" ID="string_tl_49" VPOS="2294" WIDTH="1363"/>
</TextLine>
<TextLine BASELINE="414 2372 1781 2372" HEIGHT="38" HPOS="414" ID="tl_50" VPOS="2334" WIDTH="1367">
<String CONTENT="si elle réussit, qu'une entreprise commerciale donnant à ses fondateurs et à ses" HEIGHT="38" HPOS="414" ID="string_tl_50" VPOS="2334" WIDTH="1367"/>
</TextLine>
<TextLine BASELINE="414 2411 1780 2411" HEIGHT="39" HPOS="414" ID="tl_51" VPOS="2372" WIDTH="1366">
<String CONTENT="clients de jolis profits : pour qu’elle devienne une institution, il y faut un décroche¬" HEIGHT="39" HPOS="414" ID="string_tl_51" VPOS="2372" WIDTH="1366"/>
</TextLine>
<TextLine BASELINE="413 2449 714 2449" HEIGHT="36" HPOS="413" ID="tl_52" VPOS="2413" WIDTH="301">
<String CONTENT="ment général...»" HEIGHT="36" HPOS="413" ID="string_tl_52" VPOS="2413" WIDTH="301"/>
</TextLine>
</TextBlock>
<TextBlock HEIGHT="48" HPOS="326" ID="r_1_29" VPOS="2447" WIDTH="1453">
<Shape>
<Polygon POINTS="326 2447 1779 2447 1779 2495 326 2495"/>
</Shape>
<TextLine BASELINE="327 2494 1778 2494" HEIGHT="46" HPOS="327" ID="tl_53" VPOS="2448" WIDTH="1451">
<String CONTENT="133 Raspail (F.-V.), célèbre chimiste et homme politique, député" HEIGHT="46" HPOS="327" ID="string_tl_53" VPOS="2448" WIDTH="1451"/>
</TextLine>
</TextBlock>
<TextBlock HEIGHT="47" HPOS="411" ID="r_1_30" VPOS="2492" WIDTH="1367">
<Shape>
<Polygon POINTS="411 2492 1778 2492 1778 2539 411 2539"/>
</Shape>
<TextLine BASELINE="412 2538 1777 2538" HEIGHT="45" HPOS="412" ID="tl_54" VPOS="2493" WIDTH="1365">
<String CONTENT="du Rhône. — L. a. s., 1837, 1 p. in-8. 3 »" HEIGHT="45" HPOS="412" ID="string_tl_54" VPOS="2493" WIDTH="1365"/>
</TextLine>
</TextBlock>
<TextBlock HEIGHT="49" HPOS="327" ID="r_1_31" VPOS="2535" WIDTH="1456">
<Shape>
<Polygon POINTS="327 2535 1783 2535 1783 2584 327 2584"/>
</Shape>
<TextLine BASELINE="328 2583 1782 2583" HEIGHT="47" HPOS="328" ID="tl_55" VPOS="2536" WIDTH="1454">
<String CONTENT="134 Ravignan (le Père de), jésuite, célèbre prédicateur, né à" HEIGHT="47" HPOS="328" ID="string_tl_55" VPOS="2536" WIDTH="1454"/>
</TextLine>
</TextBlock>
<TextBlock HEIGHT="48" HPOS="413" ID="r_1_32" VPOS="2580" WIDTH="1366">
<Shape>
<Polygon POINTS="413 2580 1779 2580 1779 2628 413 2628"/>
</Shape>
<TextLine BASELINE="414 2627 1778 2627" HEIGHT="46" HPOS="414" ID="tl_56" VPOS="2581" WIDTH="1364">
<String CONTENT="Bayonne. — Bil. a. s., 1 p. in-18. 2 »" HEIGHT="46" HPOS="414" ID="string_tl_56" VPOS="2581" WIDTH="1364"/>
</TextLine>
</TextBlock>
</PrintSpace>
</Page>
</Layout>
</alto>