1850 2885
899 148 166 38 - 9 -

307 244 1400 55 Voilà donc deux dupes, indépendamment de M. Chasles : un employé

256 294 1450 54 de ministère, que l'on ne nomme pas, et le marquis Duprat. Le mar¬

256 345 1450 53 quis avait été pris par son faible, un peu comme M. Chasles; mais il

257 395 1453 53 était plus excusable, n’étant pas amateur d’autographes et ne con¬

258 444 597 42 naissant rien à ces choses-là.

306 493 1403 53 Quand nous avons su que Lucas avait été employé chez Letellier

256 543 1453 53 et qu’il avait fabriqué, y étant, deux lettres de Montaigne, un soupçon

259 595 1451 52 nous a traversé l’esprit : ne serait-ce pas lui qui aurait aussi perpétré

259 643 1452 53 les faux autographes sortis de cette officine et dont l’apparition fit

257 692 1455 63 tant de bruit? Le rapprochement des dates ne permettait pas de s’ar¬

257 742 1454 52 rêter à celle idée : la vente des autographes Letellier remonte à

263 791 954 52 1846, et Lucas n’est venu à Paris qu’en 1852.

307 843 1404 52 Celle collection Letellier, nous y avons cru longtemps. Nous par¬

260 892 1452 52 tagions la conviction des experts les plus habiles et de la bonne

258 941 1454 53 foi la plus éprouvée, appuyée sur les affirmations d’un archiviste

258 991 1454 51 paléographe dont la science et l’honnêteté étaient universellement

257 1043 1457 50 reconnues. Nous avons même rompu en faveur de ces pièces maintes

259 1090 1457 51 lances dans l'Amateur d’autographes. Eh bien, notre foi s’est ébran¬

259 1141 1453 53 lée. L’année dernière, nous avons assisté, à Londres, aux deux grandes

259 1191 1455 51 ventes Young et Dillon. Nous y avons trouvé un certain nombre de

260 1240 1450 51 lettres, de Diane de Poitiers, de Marie Stuart, François II. etc.,

259 1290 1455 53 qui étaient évidemment fausses. C’est en les comparant que nous

259 1342 1455 50 avons pu nous en convaincre : elles ont un aspect uniforme et un air

258 1390 1456 53 de parenté qui ne permettent pas de s’y méprendre. Sans doute ces

259 1440 1456 52 faux sont beaucoup mieux faits que ceux de Lucas : l’écriture est

260 1491 1454 52 parfaitement imitée, peine que ne s’est pas donnée Lucas; les papiers

258 1540 1454 52 sont assez bien appropriés à l'époque. Mais ni cachet ni cotte, ni aucun

258 1589 1459 53 de ces caractères qui distinguent à première vue un original Ajoutez

258 1639 1459 53 à cela une encre pâle et roussâtre, toujours la même pour les diffé¬

258 1690 1457 51 rentes lettres du même fonds. Ce n’est pas à dire que tout ce qui

260 1739 1457 52 vient de ce fonds est faux : il a dû en sortir des pièces parfaitement

259 1789 1458 52 authentiques ; seulement, il faut les distinguer, et cela ne pourrait se

262 1838 1456 52 faire qu’en en réunissant un grand nombre, éparses dans les collections

262 1890 865 50 particulières, et en les examinant de près.

259 2004 1461 39 phrases, ainsi que je l'ai découvert depuis, dans des auteurs du temps, notamment

259 2037 1460 45 l'Histoire de quatre Rois par de Serres (1595). Cet emprunt de style contemporain,

255 2082 1461 38 en des lettres purement de récit et de faits, et qui ne comportaient guère le déploiement d’un

255 2121 1465 39 style caractéristique, donnait aux deux pièces une vraisemblance que la connaissance, acquise

257 2159 1458 40 par moi, plus tard, des textes de Serres pouvait seule faire évanouir. Je m'empressai de

257 2199 1463 38 donner connaissance de ma découverte à M. le docteur Payen, à M. Duprat et à un

254 2238 1467 39 jeune professeur du collège de France, qui se proposait, après avoir fait un cours sur

257 2277 1465 40 Montaigne, de publier un livre sur ce grand écrivain. Mais le siège de M. Duprat était

257 2317 642 39 fait, et il venait de publier ses Glanes.

295 2355 1425 40 En résumé, il n'est donc pas exact de dire que M. Lucas ait fait, en cette rencontre,

257 2394 1463 40 du Montaigne, comme jadis on faisait du Saint-Evremont : il a seulement mis le nom

257 2434 1465 39 de Montaigne à une compilation adroite, faite d’après des contemporains de l'illustra

259 2472 221 39 Périgourdain.

298 2511 1168 41 Agréez, monsieur, l'expression de ma considération la plus distinguée.

1196 2551 368 33 FEUILLET DE CONCHES.

299 2590 420 38 Paris, le 24 février 1870.
