1850 2885
866 134 166 37 - 7 -

274 229 1397 51 LUCAS N'A PAS DE COMPLICES. — Le réquisitoire résume ainsi ce point

227 278 1444 51 important : « Les experts répondent, sans hésitation, que tous les au¬

227 328 1443 51 tographes, sans exception, sont l’œuvre de Lucas. Mais Lucas ne peut-

225 377 1444 57 être que l’ouvrier mis en œuvre par un personnage mystérieux ? Non,

228 427 1445 51 messieurs, il ne peut rester aucun doute sur ce point, le plus intéres¬

227 476 1443 52 sant, peut-être, de tous ceux que vous avez à examiner. Lucas a seul,

227 526 1444 50 et sans autres ressources que les éléments qu’il puisait dans les biblio¬

229 575 1444 52 thèques publiques, traité toutes les questions scientifiques qui ont été

227 624 889 41 débattues devant l’Académie des sciences. »

281 691 1394 51 LES PLAGIATS. — M. l’avocat impérial expose de la manière suivante

228 741 1449 51 comment Lucas a pu donner à ses autographes une apparence de vérité

228 790 1446 51 qui a dérouté quelque temps le monde savant : « Dans toute son

229 840 1448 51 œuvre, la partie scientifique est celle qui a été le mieux traitée. C’est

229 889 1443 51 qu’en ces matières, Lucas n’a fait usage que d’une scienee d’emprunt.

226 939 1450 51 Toutes ces prétendues lettres de Pascal, de Galilée, de Gassendi sont

228 987 1442 53 fabriquées à l’aide de fragments découpés dans des traités spéciaux...

228 1037 1447 50 Il a pillé partout : dans les œuvres de Thomas, de Voltaire, de Save-

230 1087 1445 50 rien, de Gerdil, de Fontenelle, du duc de La Vallière, dans le Dic¬

230 1138 1448 50 tionnaire de Chauffepié, dans l'Encyclopédie, etc, etc... Mais la véri¬

230 1185 1444 52 table science lui faisait défaut. Ainsi, il faisait figurer dans des lettres

229 1235 1445 52 de Pascal des nombres exprimant les masses du Soleil, de Jupiter, de

229 1285 1447 52 Saturne, de la Terre. Il les avait puisés dans l'ouvrage de Saverien, et

230 1334 1446 52 il ignorait que du vivant de Pascal ces nombres n’avaient pas pu être

229 1385 167 40 calculés.

281 1435 1394 50 « Celte erreur démontre qu’il n’avait pas derrière lui, comme on

230 1483 1441 52 l’avait cru, un savant dirigeant sa main. Dans cette même correspon¬

228 1533 1450 53 dance, la partie littéraire fourmille d’invraisemblances. Lucas prête

228 1584 1446 51 aux savants et aux grands personnages qu’il met en scène son propre

227 1632 215 52 langage. »

279 1699 1392 51 Y EN AVAIT-IL DE VRAIS? — Dans l’interrogatoire, M. le Président,

229 1749 1448 52 après l’exposé des faits qui lui sont imputés, a demandé à Lucas s’il les

229 1799 1446 51 reconnaissait vrais. Celui-ci a répondu : « Pour une partie, mais pas

230 1848 1447 51 pour tous. » — Demande : Voulez-vous dire que parmi les nombreuses

232 1898 1443 52 pièces fausses que vous avez vendues au prix de l’or, il s’en trouve

229 1948 1447 52 quelques -unes qui sont vraies ? — Réponse : Oui, monsieur, j’ai vendu

230 1997 1446 53 plus de 30,000 pièces à M. Chasles, et il n’en représente que 27,000 ;

230 2048 1447 51 il y en a donc 3 ou 4,000 que M. Chasles n’a pas montrées et qui sont

229 2099 271 51 authentiques.

281 2146 1393 54 Les experts, consultés sur ce point dans le cours de l’instruction,

230 2197 1449 52 avaient trouvé que les pièces authentiques, mêlées aux fausses, au

230 2247 1450 51 nombre d’une centaine, atteignaient à peine la valeur de 500 fr. Lucas

232 2297 1447 52 leur a répondu que M. Chasles avait dissimulé volontairement un cer¬

234 2346 1443 53 tain nombre de pièces, et il a désigné quelques-unes de ces pièces.

232 2396 1449 52 Voici quelle est la réponse des experts : « Quand l’inculpé commence

233 2445 1448 52 l’énumération des pièces de bon aloi qu’il aurait fournies par des docu¬

234 2495 1447 52 ments signés de Charlemagne, d’Alcuin, de Gerbert, de saint Louis, de

233 2545 1449 52 Blanche de Castille, il montre à quel point il ignore que de telles pièces
