1884 2823
891 117 171 37 — 4 —

299 216 1408 39 Lucas avait le soin d’apporter à M. Chasles divers exemplaires de la même pièce,

259 254 1451 40 qu’il avait préparés à l’avance, et qui présentaient des variantes. Il avait persuadé à

260 292 1452 40 M. Chasles que M. Boisjourdain avait dans son grenier un original et des copies de

260 332 1452 40 chaque pièce, et M. Chasles se faisait apporter les divers exemplaires et cherchait à

260 371 1453 39 rcconnaître l'original ; il donnait même à Lucas les indications nécessaires pour qu’il se

260 410 1453 39 mit à l'abri d’une erreur. C’est ainsi que s’explique le passage suivant d’une lettre

260 449 1063 38 adressée par Lucas à M. Chasles dans le cours de l’instruction :

303 487 1412 39 « Je m'accuse d’être coupable, et pourtant, entre nous soit dit, beaucoup de ces

260 525 1453 40 lettres simulées ne l’ont été que d'après vos indications, car enfin, pour celles de Newton,

262 565 1452 40 par exemple, n'est-ce pas vous qui m’avez fait connaître son écriture? qui m’avez indi¬

262 604 1453 38 qué et fait voir comment il faisait ses e, ses h, ses l, ses t, et comment surtout il faisait

262 643 1453 39 sa signature? Pour Galilée, n’en est-il pas de même? n’est-ce pas vous qui m’avez

262 682 1454 38 observé comment il faisait toujours le G de son nom, comment il n’oubliait jamais les

264 721 1451 38 points sur les i, et plusieurs autres remarques ? Et cette lettre du 5 novembre 1639,

262 760 1455 38 rectifiée plusieurs fois, ne l’a t-elle pas été d’après vos indications ? N’est-ce pas vous

262 798 1457 39 qui m’avez signalé que le premier mot de celle lettre, qui d’abord fut écrit aurei, devait

262 837 1454 39 s’écrire haurei, et ensuite ne mavez-vous pas dit, d’après des observations que vous

261 876 1454 38 avez reçues d'Italie, que ce mot devait s’écrire hauerei ? N'est-ce pas vous aussi qui

261 915 1457 38 m'avez fait remarquer comment se faisait la signature du père Boulliau, comment il

262 954 1455 40 faisait ses g, ses p, ses q, ? N’est-ce pas vous aussi qui m’avez fait remarquer que Mau¬

261 993 1457 39 pertuis ne barrait jamais ses l ? N'est-ce pas vous encore, qui m’avez fait connaître une

261 1031 1458 38 lettre du cardinal Gentil et qui m’avez même communiqué un fac-similé de son écriture ?

262 1070 1459 38 Et enfin une infinité d’autres indications et remarques que vous m’avez faites. C’est

261 1109 1458 39 donc d'après vos observations et indications que beaucoup de ces lettres ont été simulées

262 1150 171 36 par moi. «

301 1187 1417 39 Ce passage, qui, pris isolément, donnerait lieu à une fausse interprétation, se com¬

263 1226 1288 38 prend facilement lorsque l’on connaît les relations de M. Chasles et de Lucas.

301 1265 1418 37 Lucas venait habituellement chez M. Chasles le lundi après les séances de l’Aacadémie.

264 1303 1454 38 Il attendait M. Chasles dans son cabinet et le voyait revenir tout ému de la discussion.

262 1342 1459 39 M. Chasles lui communiquait les objections qui lui avaient été adressées, lui montrait le

261 1381 1459 39 côté faible des pièces qu’il avait à sa disposition et l’engageait à obtenir à force d'instances,

262 1420 1460 38 du vieux M. de Boisjourdain, de nouvelles communications. Il lui donnait les désigna¬

263 1459 1458 39 tions nécessaires et se trouvait ainsi, à son insu, le coopérateur de l’escroc qui l’exploi¬

262 1498 62 29 tait.

315 1552 1407 50 LE CATALOGUE DES PIÈCES. — Le rapport des experts, rédigé d’une ma¬

264 1602 1456 50 nière remarquable, a été la base du procès. Il contient la reproduction

264 1651 1456 51 de plusieurs lettres impossibles, lues par M. l’Avocat impérial dans son

264 1701 1458 50 réquisitoire et qui ont défrayé les journaux. Le rapport constate que

268 1750 1451 52 le nombre des pièces de celte collection fantastique s’élève à 27.345,

267 1800 1457 50 attribuées à 660 personnages, et il en donne le catalogue par ordre

267 1849 1458 52 alphabétique. Voici les noms les plus incroyables de celte curieuse

270 1899 305 38 nomenclature :

308 1964 1418 40 Abailard, 5 lettres-, 3 pièces de vers dont t intitulée : l'Amant infortuné; — Alcibiade,

267 2004 1459 39 5 lettres à Périclès; — Alcuin, 181 pièces, dont 116 lettres à Charlemagne? — Alexandre-

269 2042 1458 40 le-Grand, 1 lettre à Aristote; — Anacréon, 2 lettres à Pythagore ; — Antbigar, roi des

270 2081 1458 41 Gaulois, 1 lettre à Thalès; — Attila, 1 lettre au général des Francs; — Auguste (empe¬

272 2120 1456 40 reur). 6 lettres, dont 1 à Virgile ; — Bélisaire, 2 lettres à Casiodore; — Caligula,

273 2159 1456 39 t-lettre au préfet du prétoire; — Jules César, 1 défi à Vercingétorix, 11 lettres et 182

272 2189 1457 49 notes historiques, réflexions, etc.; — Chabran Laure, 18 lettres à Pétrarque, 18 pièces

274 2237 1455 39 de vers; — Charlemagne, 133 lettres à Alcuin, etc. ; — Charles Martel, 3 lettres au

274 2276 1454 38 duc d Aquitaine-, — Childebert, 1 lettre à Antharis; — Childéric, 1 lettre-, — Le Cid,

274 2314 1455 39 5 lettres au roi de Navarre-, — Cicéron, 2 lettres à Trogue Pompée, 3 lettres à Vairon,

277 2353 1453 38 1 à Atticus; — Cléopâtre, 1 lettre à Caton, 1 à Castor, médecin gaulois, 1 à César,

280 2392 1452 40 1 à Pompée; — Clovis, 3 lettres, dont 1 devant Tolbiac; — Christophe Colomb, 33

277 2431 1456 39 lettres ou récits adressés à Rabelais ; — Cornélie, veuve Pompée, 2 lettres à Jules

276 2469 1453 40 César ; — Diodore de Sicile, 1 lettre à Trogne Pompée; — Euclide, 6 lettres, dont 1 à

279 2508 1451 40 Platon; — Eschyle, 1 lettre à Pythagore ; — Frédégonde, 2 lettres à Grégoire de Tours ;

280 2548 1452 37 — Sainte Geneviève, 2 lettres à saint Germain ; — Græcinus Julius, 6 lettres, dont 2
