1850 2885
277 179 154 34 No 25.

1338 179 271 36 Mars 1870.

701 333 466 66 REVUE

900 460 67 25 DES

218 542 1440 180 AUTOGRAPHES

402 794 1079 54 DES CURIOSITÉS DE L’HISTOIRE L DE LA BIOGRAPHIE

243 914 1391 34 PARAISSANT CHAQUE CHAQUE MOIS, SOUS LA DIRECTION DE

657 1009 572 34 GABRIEL CHARAVAY

330 1158 467 35 ABONNEMENTS:

248 1222 648 39 France, un an (12 Numéros) 3 fr.

249 1266 576 44 Étranger .................. 4

1163 1160 314 27 BUREAUX:

984 1224 648 34 60, rue Saint-André-des-Arts,

1102 1273 435 32 Précédemment n° 50, à Paris.

605 1357 676 39 UN NUMÉRO : 25 CENTIMES

263 1507 1363 47 Sommaire : 1. Procès des faux autographes, affaire Vrain-Lucas. —

306 1563 1317 43 2. Collection Joseph Ajazzi.— 3. Autographes à prix marqués.

466 1686 967 53 PROCÈS DE FAUX AUTOGRAPHES.

665 1789 546 39 AFFAIRE VRAIN-LUCAS

273 1871 1393 51 Vrain-Lucas, le faussaire, avait été arrêté le 9 septembre dernier.

227 1921 1445 50 La masse de la collection acquise par M. Chasles, au nombre de

224 1970 1447 53 plus de 27,000 pièces, avait été transportée à la Bibliothèque impé¬

223 2019 1445 50 riale, et soumise à l’expertise de deux érudits distingués, M Henri

227 2066 1444 53 Bordier, connu par ses travaux sur les autographes, et M. Mabille, em¬

225 2118 1093 53 ployé à la Bibliothèque, département des manuscrits.

278 2168 1392 43 L’affaire est venue, le 16 février, au tribunal correctionnel de Paris,

225 2217 1449 51 6e chambre, présidée par M. Brunet, M. l’avocat impérial Fourchy oc¬

224 2266 1451 52 cupant le siège du ministère public. Celte première audience a été

225 2315 1445 51 consacrée à l’interrogatoire du prévenu, à l’audition des témoins,

227 2366 1446 49 M. Chasles et les deux experts, et au réquisitoire de M. l’avocat im¬

226 2412 1450 54 périal. Il y a eu remise h huitaine pour entendre la défense et lé pro¬

228 2466 400 49 noncé du jugement.

280 2513 1395 50 A l’audience du 23 , Me Horace Helbronner, jeune avocat stagiaire,

229 2555 1449 59 désigné par le bâtonnier de l'ordre, a défendu Lucas dans une plaidoirie
