1884 2836
931 186 199 36 - 10 -

352 282 1401 53 QUELQUES RÉFLEXIONS. — Une chose qui aurait dû frapper M. Chasles,

300 334 1457 51 c’est que, de toutes ces lettres de Lucas pas une ne portait une

299 382 1458 49 adresse ou un cachet, ni de feuillets blancs. Quand on lui faisait

300 432 1457 52 cette objection, il répondait que beaucoup d’amateurs étaient dans

302 481 1452 53 l’usage d’enlever les feuillets de suscriptions pour alléger leurs dossiers,

300 533 1456 49 ce qui avait dû arriver pour celte collection. Non, les amateurs ne

302 581 1453 52 lacèrent pas leurs autographes, qui empruntent une grande partie de

303 632 1450 51 leur valeur à leur intégrité. C’est tout au plus si quelques gens sans

300 681 1456 50 goût se sont livrés à ce vandalisme, et encore sur des pièces sans

301 730 1456 52 valeur. D’un autre côté, il est bien vrai qu’il se rencontre souvent des

302 781 1454 51 lettres sans adresse ni cachet et qui n'en sont pas moins parfaitement

300 830 1456 52 authentiques : c’est qu’elles ont été sous enveloppe ; mais on ne peut

303 881 1448 49 pas admettre que toutes les pièces d’une collection soient dans ce cas.

302 931 1454 51 M. Chasles ne pouvait pas l’ignorer, lui qui possédait une bonne

300 980 1455 51 collection, c’est-à-dire composée de pièces authentiques: elle devait

304 1030 966 50 lui dire autre chose que les pastiches de Lucas.

350 1079 1406 52 Quelqu’un nous disait dernièrement que si l'on mettait quelque

296 1129 1459 52 jour en vente la collection de VI. Chasles (la vraie), elle serait frappée

300 1178 1456 51 d’une grande défaveur. Ce serait à tort, car M. Chasles, jusqu’à

303 1229 1454 49 l’arrivée de ce mauvais génie de Lucas, avait su choisir en connais¬

300 1277 1454 52 seur, et l’on doit avoir pleine confiance dans ses anciennes acquisitions.

301 1328 1454 52 Du reste, les amateurs sérieux ne s’y trompent pas : ce ne sont pas

301 1378 1455 51 eux qui prendront la panique. Ils sont si peu alarmés, si peu dégoûtés

303 1428 1452 50 par cette affaire, que pas un ne songe à se défaire de sa collection ce

300 1477 1455 52 qui fait que les beaux et bons autographes deviennent de plus en plus

301 1539 113 28 rares.

628 1670 821 43 COLLECTION JOSEPH AJAZZI.

349 1759 1407 52 La vente de cette collection d’autographes, peu nombreuse, mais

297 1808 1459 50 choisie, aura lieu le 29 mars courant, sous notre direction, à la salle

298 1858 1455 52 Silvestre. L’amateur qui l’a formée était un savant, auteur d’un grand

299 1909 1457 52 nombre d’ouvrages d’érudition fort estimés en Italie. A sa propre

295 1960 1460 50 correspondance, qui était très-étendue, et dont nous n’avons catalogué

296 2009 1459 60 qu’une faible partie, il avait ajouté quelques pièces intéressantes par

297 2059 1455 51 I'éclat des noms, et souvent par le contenu. Tous nos lecteurs ayant dû

295 2110 1459 46 recevoir le catalogue, nous nous contenterons d’attirer l’attention sur

298 2158 622 51 les quelques articles suivants :

344 2208 1409 52 Le Trissin, une lettre splendide et fort rare, une seule ayant encore

297 2259 1455 49 passé dans le commerce, et en mauvais étal ; le Maire de Belges, auto¬

294 2308 1456 51 graphe précieux ; Théodore de Bèze, une lettre en français, d’un grand

297 2358 1456 50 intérêt pour l’histoire de la Réforme ; Du Plessis-Mornay, un mémoire

294 2409 1454 50 autographe sur le divorce de Henri IV, provoqué par lui ; Subtermans,

294 2457 1458 52 grand peintre flamand, lettre rarissime ; Tartini, une lettre au célèbre

296 2509 1455 60 père Martini ; Rossini, deux lettres sur la statue de Rameau ; Tallien

296 2547 1455 59 lettre fort intéressante adressée à Hoche ; etc. Citons enfin une suite

294 2608 1213 51 de Chartes historiques anglo-françaises, de 1375 à 1475.
