1858 2898
898 129 191 45 - 11 -

318 231 1402 52 Mais la perle de cette collection, c’est la correspondance d’Hudson

265 281 1457 50 Lowe, composée de 32 lettres adressées au comte Balmain, commissaire

266 330 1452 52 de la Russie à Sainte-Hélène. Toutes ces lettres, d’un palpitant intérêt,

267 380 1454 51 sont relatives à la captivité de l’Empereur. La dernière, datée du 6 mai

267 430 1456 51 1821, raconte la mort de l’illustre prisonnier. Il serait à souhaiter que

266 480 1455 51 ces documents précieux, qu'un hasard singulier amènent en France,

269 530 1297 51 fussent acquis en totalité par un de nos établissements publics.

447 729 1102 64 LETTRES AUTOGRAPHES

737 866 520 36 A PRIX MARQUÉS

401 975 1188 45 En vente chez Gabriel CHARAVAY, expert,

665 1063 662 43 rue Saint-André-des-Arts, 60,

314 1195 1407 49 1 Acton (Joseph), premier ministre de Naples, le fameux favori

354 1239 1371 49 de la reine Caroline, né à Besançon. — L. a. s., en français, à

354 1276 1369 53 MM. Tilliard, libraires; Naples, 6 mars 1789, 3 p. in-4. Belle

353 1328 1367 45 pièce. Rare. 8 »

377 1372 1347 39 Curieuse épitre, relative à l'acquisition, pour lui, des OEuvres de Voltaire et de

349 1412 1145 37 Rousseau, et des nouveautés de l'année 1788, pour la reine Caroline.

305 1449 1417 46 2 Adam (Ad.), illustre compositeur. — L. a. s. à Schlesinger,

354 1493 1368 45 1831, 1 p. in-8. 2 »

378 1538 1168 40 Relative à la collection d'un de ses premiers ouvrages et d'un rondeau.

304 1576 1418 47 3 Adelung (J.-Christ.), illustre grammairien et philologue alle¬

349 1621 1371 55 mand. — L. a. s.; Leipzig, 1782, 3 p. in-4. Belle pièce. 2 »

305 1665 1415 45 4 Alençon (René, duc d’), comte du Perche, condamné à la pri¬

346 1710 1373 50 son perpétuelle sous Louis XI pour avoir voulu livrer son

346 1753 1373 48 duché à Charles le Téméraire. — Reçu sig., 1487, in-4 obl. 2 »

302 1792 1417 52 5 Ancre (Eléonore Dori, maréchale d’), femme du maréchal

348 1842 1370 46 d’Ancre, décapitée comme sorcière en 1617. — Quit. sur vélin,

349 1887 1369 46 sig. Léonora Dori; Paris, 31 (déc. 1612, in-8. Jolie pièce. Rare. 15 »

373 1932 1187 39 Reçu de 600 liv. pour ses gages, d'un an de dame d'atour de la reine.

300 1967 1416 49 6 Andelarre (Jules, marq. d’), célèbre député au Corps législatif,

346 2014 1373 46 (Haute-Saône). — Billet a. s., 1869, 1/2 p. in-8. 1 50

300 2052 1416 55 7 Arnal, un des comédiens français les plus spirituels. — L. a.

345 2104 1373 47 s. à Stéphen de la Madeleine, 1833, 1 p. 1/2 in-8. 2 50

373 2146 1342 41 Il décline l'honneur d’être le collaborateur d’un ouvrage dramatique. Il n’entend

343 2187 1331 41 rien dans la composition des pièces : « Je ne m'occupe, dit-il, que de les jouer. »

300 2223 1414 49 8 Artot (Mlle), célèbre cantatrice de l’Opéra. — L. a. s. à Stéphen

343 2270 1371 47 de la Madeleine, 2 p. in-8. 1 50

375 2315 1339 40 Bien qu'elle doive jouer dans le Prophète, elle consent à chanter dans un con¬

345 2356 587 37 cert, dont elle donne le programme.

299 2392 1412 47 9 Auber, illustre compositeur, auteur de la Muette. — L. a. s.,

346 2438 1366 45 1832, 1 p. in-18. 1 50

282 2481 1428 46 10 Barère (Bertrand), célèbre conventionnel. — L. a. s. au cit.

344 2526 1366 45 Julien, an XI, 1 p. in-8. 2 »

281 2570 1431 45 11 Barroilhet (P.), le célèbre baryton du grand opéra, né à
