1416 2299
983 104 266 39 Février 1880.

661 105 129 37 N°60.

182 100 223 42 XVe année.

535 215 372 63 REVUE

690 300 63 37 DES

142 366 1157 161 AUTOGRAPHES

288 566 873 44 DES CURIOSITÉS DE L'HISTOIRE L DE LA BIOGRAPHIE

403 645 647 34 Fondée en 1866 par Gabriel CHARAVAY

168 707 1117 30 PARAISSANT CHAQUE MOIS, SOUS LA DIRECTION DE

460 750 545 43 EUGÈNE CHARAVAY Fils

268 849 917 36 PRIX DE L’ABONNEMENT : Pour un an (12 numéros):

148 902 1163 32 France, 3 f.; Etranger, 4 f.—On s’abonne à Paris, chez M. Eugène CHARAVAY,

456 935 541 31 8, quai du Louvre. — Et à Londres :

239 965 980 30 chezM. A.-W. THIBAUDEAU, 18, Green Street, St-Martin’s Place.

378 1089 711 48 AUTOGRAPHES RARES ET CURIEUX

267 1180 927 31 COMPOSANT LA COLLECTION DE FEU M. A. J***.

189 1311 1128 38 Une vente importante doit avoir lieu par nos soins, à l’hôtel

149 1364 1169 39 Drouot, le 1er mars prochain. Nous croyons devoir donnera nos

152 1417 1170 39 lecteurs un aperçu des principales pièces composant cette inté¬

149 1471 1170 38 ressante collection, dont ils ont reçu il y a une huitaine de jours

151 1524 227 38 le catalogue.

191 1577 1126 39 L’Académie française est représentée par un certain nombre

151 1630 1167 39 de noms ; citons les principaux: le duc de Beauvillers, lettre

151 1684 1166 38 importante sur la fameuse expédition de la princesse de Condé,

152 1737 1164 38 Clémence de Maillé; Fénelon, Buffon, l’abbé de Voisenon,

152 1790 1167 39 Valincourt, Florian, Ducis, qui, dans une lettre à sa nièce, nous

153 1844 1164 39 initie aux détails de sa vie intime. Puis Condorcet, Marmontel,

153 1896 1163 40 M.-J. Chénier, Bailly, Portalis, curieuse lettre à Napoléon Ier;

153 1949 1163 40 Lamartine, lettre dans laquelle il essaie de nourrir ses créan¬

153 2003 1163 38 ciers de ses propres illusions sur l’état de sa fortune; Thiers,

153 2056 842 40 relative à la situation politique de la Hongrie.
