1424 2299
675 90 121 43 - 7 -

226 172 1091 32 facilement et trop généralement à l’idée qu’elles ont été mises au

226 203 1093 32 monde pour souffrir. Ce qui manque aux femmes, c’est un but plus

226 234 1092 32 marqué dans la vie. Quant aux hommes, il les juge sévèrement :

225 266 1096 31 « Que de peine, dit-il, les hommes se sont donnée et se donnent

226 297 1095 32 encore pour mettre en contradiction la société avec la nature ! Ils ont

225 328 1097 32 beau ne parvenir qu'à se consumer en stériles efforts, cela ne les

226 359 1097 32 découragent pas ! Ils persistent sans s’apercevoir que ce qu’ils

226 390 1096 32 qualifient superbement vertu n’est qu’une sorte de folie privilégiée qui

225 422 1097 31 échappe à la classification de Charenton et de Bedlam. » Il signe :

226 453 473 32 Un fou matinal qui raisonne.

173 488 1145 41 31 Gladstone (W.-E.), illustre homme d’Etat anglais. — L. a. s.

227 523 1094 37 à M. de Schwartz; Londres, 1862, 3 p. in-8. Jolie lettre. 6 »

173 563 1149 37 32 Golowine (Ivan), littérateur et historien russe. — L. a. s.,

226 599 1096 39 en français, 1 p. in-8. 3 »

172 639 1151 36 33 Gourieff (Alex., comte), général et homme d’Etat russe. —

226 674 1096 40 L. a. s., en français, 1 p. in-8. 3 »

172 714 1147 37 34 Granville (Lord), célèbre homme d’Etat anglais. — L. a. s.

226 750 1097 36 au comte Wolkenstein; Londres, 1872, 2 p. in-f. 3 »

172 790 1150 39 35 Grévy (Jules), président de la République française. — L. a.

226 821 1096 41 s., 1 p. in-18. 5 »

172 865 1151 37 36 Grillparzer (François), poète et auteur dramatique allemand,

225 895 1098 42 né à Vienne en 1790. — Fragment d’un manuscr. aut., 1821,

228 937 1096 36 1 /2 p. in-4. Rare. 3 »

174 976 1150 40 37 Grimm (le baron), célèbre philosophe et critique du

226 1012 1099 36 XVIIIe siècle. — Lettre de change aut. et sig. trois fois; 1782,

226 1047 1098 37 2 p. in-8. Deux des signatures sont biffées légèrement. 10 »

266 1087 1060 32 Cette lettre de 3,000 livres tournois, est à l’ordre du peintre

229 1119 511 32 Hoüel qui l’a acquittée et signée.

175 1154 1149 37 38 Grozelier (Nie.), prêtre de l’Oratoire, poète et littérateur du

228 1189 1098 37 XVIIIe siècle, né à Beaune. — L. a. sig. de ses initiales à

229 1225 1094 37 M. Macault; Beaune, 23 janv. 1761, 2 p. in-4. 3 »

177 1267 1145 36 39 Henri III, roi de France. — Let. sig. au maréchal d’Aumont;

230 1303 1094 37 Paris, 4 juin 1585, 1/2 p. in-f. Traces de cachet. Piquée

229 1339 1094 29 d’humidité. 6 »

266 1374 1059 32 Lettre de l’époque de la Ligue, par laquelle il lui annonce la nomi¬

234 1406 1006 31 nation de M. de Malabry, comme commissaire-général des vivres.

175 1443 1148 37 40 Holtei (Ch. de), auteur dramatique allemand. — L. a. s.,

228 1479 1094 38 1 p. in-8. 3 »

175 1519 1148 37 41 Italinski (A.-J.), célèbre diplomate et homme politique

228 1554 1092 40 russe. — L. a. s., en français; Berlin, 1806, 2 p. in-4.

228 1585 1095 35 Curieuse. 4 »

175 1631 1144 38 42 Janin (Jules), le prince des critiques, membre de l’Acad.

228 1667 1095 37 franc. — L. a. s. à un littérateur, 1846, 1 p. in-8. 8 »

267 1707 1056 33 Charmante épître relative à sa traduction de Clarisse Harlowe :

231 1738 1093 33 « Ma tentative vous paraîtra bien hardie, moi je la trouve téméraire,

229 1770 1098 37 et si je n’avais pas apporté à ce travail tout le soin, tout le zèle et

230 1801 1096 32 toute l’ardeur d’un vrai jeune homme, je vous assure que je n’oserais

229 1833 683 32 pas en parler même à mes meilleurs amis. »

177 1870 1148 36 43 Jauffret (L.-F.), moraliste, fabuliste estimé, né en Provence.

230 1905 1095 37 — L. a. s. au libraire Maradan, 20 févr. 1815, 1 p. in-4. 5 »

268 1942 397 26 Sur ses Fables nouvelles.

178 1979 1149 41 44 Joseph II, empereur d’Allemagne, célèbre par ses réformes,

231 2015 1093 36 frère de la reine Marie-Antoinette. — Pièce sig., 1788, 3 p.

232 2051 1095 36 in-f. Sceau. Superbe pièce. 6 »
