1424 2299
662 51 119 31 - 3 —

179 131 1126 39 L’époque de la Révolution nous fournit une superbe lettre de

139 184 1166 39 Robespierre et une de Joseph Lebon, de la plus grande impor¬

139 236 1167 41 tance, adressée à Robespierre, qu’il conjure de renouveler sa

140 291 1167 39 motion contre le célibat des prêtres; Mirabeau, Fouché, prenant

141 344 460 31 la défense des Parisiens.

182 403 1125 39 Littérateurs et poètes français : Pontus de Tyard, un des

142 455 1166 39 poètes de la Pléiade; Saint-Simon, l’auteur des Mémoires;

142 509 1164 39 J.-J. Rousseau, P. Bayle, Piron, Balzac, Lamennais, Méry,

143 562 1164 39 Sardou, manuscrit de la Famille Benoîton. — Etrangers : Goethe,

143 616 1164 39 Ruckert, Klopstock, curieuse lettre en français, ce qui est rare,

143 670 874 31 et Walter Scott. — Savants : Newton et Worm.

184 727 1128 38 Peintres, Dessinateurs et Architectes: Soufflet, donnant

145 781 1165 38 d’intéressants détails sur les travaux du Panthéon ; Claude,

146 834 1164 39 Vernet, lettre légèrement acerbe, au marquis de Marigny;

146 887 1165 39 C.-A. Coypel, Moreau jeune, Choffard, Isabey, David, G. Doré,

147 941 1165 39 Diaz, Chintreuil, Protais et Mackart, le peintre autrichien, si

148 995 1163 39 connu par son tableau de l'Entrée de Charles-Quint à Anvers.

189 1053 1124 38 Musiciens : Guillemain, premier violon de Louis XV ; Gossec,

149 1106 1167 40 Grétry, Flotow. Puis trois lettres des plus curieuses de

150 1159 1166 39 Rossini, Litz et Carlo Mozart, fils aîné de l’illustre composi¬

151 1212 1166 39 teur, relatives à la célébration, à Vienne, du centenaire de la

150 1265 1167 38 naissance de Mozart. Enfin une lettre de dom de Vaines, toute

150 1319 404 39 relative à la musique.

192 1372 1125 39 Acteurs et actrices: L. Riccoboni; Mme Vestris, lettre sur

151 1424 1165 40 l’affaire qu’elle eut avec Mlle de Saint-Val; Saint-Huberty,

150 1478 1168 39 Sophie Arnoult, pleine de tendresse pour la femme de

151 1531 1167 39 l’architecte Bellanger, son amant; Rachel, charmante épître

150 1585 716 31 adressée à la mère de l’acteur Samson.

190 1637 1128 39 Divers: Villiers de l’Isle-Adam, grand-maître de l’ordre de

151 1691 1167 39 Malte; J.-A. de Thou, l’historien, saint Vincent de Paul,

152 1744 1167 39 Latude ; Henri de La Tour, duc de Bouillon, indiquant les

152 1797 1167 39 bases d’une entente possible entre les Protestants et Marie de

152 1852 151 30 Médicis.

192 1903 1128 39 Nous ne pouvons mieux terminer la revue de cette brillante

152 1956 1167 40 galerie que par la mention spéciale de quelques morceaux

152 2009 1170 40 vraiment hors ligne : Mme de Sévigné, autographe en parfait
