1432 2245
577 47 121 28 - 2 -

93 121 1128 40 Les femmes célèbres : cette série ne comprend que des

54 176 1167 38 pièces d’une haute valeur, soit par l’éclat des noms, soit par

53 229 1168 38 l’intérêt du contenu, telles que les lettres de Mme de Sévigné et de

52 282 1165 39 Marie Stuart, dont nous parlerons à la fin de cette notice; puis :

52 336 1169 39 viennent la comtesse de Soissons ; Elisabeth de Nassau, mère de

51 389 1169 38 Turenne ; Françoise de Vendôme, écrivant de son château

52 443 1169 39 d’Anet, où elle était exilée ; la princesse de Fondé, mère du

50 496 1171 39 Grand Fondé; la duchesse de La Trémoille ; la marquise de

52 549 1170 40 Montespan et Mme de Maintenon, maîtresses de Louis XIV, la

52 603 1169 39 lettre de cette dernière, d’une importance capitale, est adressée à

50 656 1171 39 Racine à propos de sa tragédie d'Esther; Mme Du Barry, Mme Du

51 709 1171 40 Chastelet, parlant du voyage de Voltaire au camp de Philips-

50 763 1173 39 bourg; Mme de Staël, autorisant son éditeur à faire une seconde

50 816 1173 40 édition de Delphine; Mme Tallien, demandant à emprunter deux

50 870 1173 39 cents louis au banquier Perregaux; Mme Récamier, la comtesse

50 923 1126 38 de la Torre, félicitant Jules Favre de la défense d’Orsini, etc.

88 1008 1133 38 Parmi les autographes de souverains, on remarque :

50 1061 1171 38 Fharles VII, François Ier, superbe lettre à Charles-Quint ;

51 1114 1172 38 Louis XIII, lettre à Marie de Médicis, et document historique

49 1167 1173 39 sur le prince de Fondé. — Louise de Savoie, Anne d’Autriche,

51 1221 1171 38 Elisabeth Farnèse, Marie Leczinska, enfin Marie-Thérèse qui,

49 1274 1175 38 sur le point de mettre au monde Marie-Antoinette, demande

48 1327 1177 39 à l’un de ses ministres 100,000 florins pour « pouvoir accoucher

53 1381 1170 40 tranquillement ». — Après les monarques, nous ajouterons :

56 1434 1172 38 Louis Ier de Guise, dit le Cardinal des Bouteilles, et Richelieu, le

55 1488 578 31 célèbre ministre de Louis XIII.

96 1572 1130 38 Les maréchaux de France et les guerriers sont peu nombreux,

58 1624 1167 39 mais choisis : le duc de Biron, à propos de la prise de Dijon ;

59 1678 1170 39 le duc Henri de Montpensier; le duc d’Epernon; Cinq-Mars, le

59 1731 1171 38 célèbre favori de Louis XIII, précieuse lettre, et le duc de

61 1785 1167 38 Bouillon, son complice ; Saint-Preuil, surnommé la Tête-de-Fer,

62 1838 1169 40 une des victimes de Richelieu, autographe de toute rareté; le

64 1892 1168 38 Grand Fondé, Turenne, Roquelaure, d’Artaignan et La Tour

65 1945 1165 39 d’Auvergne. — A leur suite viennent les marins illustres :

67 1998 1159 39 l'amiral de Coligny, Laperouse, Bruix, Nelson et Duchaffault.
