1884 2823
922 175 964 213 -
995 175 1017 213 6
1047 196 1088 203 -

363 294 398 299 —
420 273 463 309 L.
485 285 519 308 a.
540 285 570 308 8.
593 284 642 307 au
664 273 820 308 célèbre
840 273 920 308 Jos.
947 272 1102 313 Molini,
1128 273 1174 308 de
1203 273 1418 316 Florence;
1450 273 1605 314 Parme,
1639 276 1733 315 1803,

366 321 375 352 1
401 329 437 363 p.
459 318 551 353 in-4.
575 317 697 352 Envoi
721 318 768 353 de
790 329 850 353 ses
870 318 1044 353 éditions
1063 317 1110 351 de
1131 321 1237 351 Dante
1255 321 1296 352 et
1315 317 1361 352 de
1381 319 1570 362 Pétrarque.
1651 320 1672 353 3
1695 321 1738 353 50

292 365 336 397 79
360 364 522 412 Boissy
543 363 771 405 d’Anglas,
798 361 1121 403 conventionnel,
1143 361 1297 396 célèbre
1319 372 1390 407 par
1408 373 1477 397 son
1499 361 1671 397 attitude
1686 373 1734 396 au

365 409 374 441 1
381 412 409 428 er
430 406 609 452 prairial.
632 426 674 431 —
695 406 737 441 L.
761 418 795 441 a.
815 417 846 442 s.
868 407 890 441 à
909 407 954 441 G.
977 406 1023 441 de
1044 406 1319 448 Pixerécourt,
1344 408 1354 440 1
1380 417 1415 451 p.
1437 406 1533 441 in-8.
1650 409 1671 441 2
1718 420 1734 436 »

292 454 335 486 80
358 452 469 486 Boni
489 451 666 495 (Mauro),
683 449 848 495 jésuite,
869 456 1010 486 savant
1028 450 1255 495 antiquaire
1281 450 1436 493 italien,
1466 450 1515 485 né
1544 451 1565 485 à
1595 450 1735 486 Gênes.

357 516 400 521 —
421 496 461 531 L.
484 506 517 531 a.
541 506 586 539 s.;
607 495 767 538 Venise,
793 498 888 537 1807,
914 498 924 530 1
948 506 984 541 p.
1007 495 1103 530 in-4.
1650 497 1670 530 3
1717 508 1733 525 »

401 541 476 571 Belle
490 542 574 570 lettre
592 541 711 570 relative
725 542 739 571 h
756 549 807 571 son
825 548 954 576 ouvrage
964 548 1016 571 sur
1029 541 1071 569 les
1085 541 1231 577 peintures
1246 540 1378 577 antiques
1391 540 1580 570 découvertes
1591 540 1607 568 ît
1619 540 1735 570 Venise.

291 582 328 615 81
359 581 493 615 Bonsi
527 579 574 623 (le
608 578 788 614 cardinal
818 578 948 621 J.-B.),
981 577 1274 621 ambassadeur,
1306 578 1454 624 évêque
1487 579 1533 613 de
1565 577 1735 621 Béziers,

358 623 618 668 négociateur
636 623 686 657 du
712 622 888 669 mariage
910 623 957 658 de
977 622 1101 658 Henri
1123 622 1173 657 IV
1201 633 1295 657 avec
1324 623 1449 658 Marie
1478 623 1525 657 de
1557 621 1735 659 Médicis.

357 688 399 694 —
419 667 461 703 L.
482 679 516 702 a.
547 678 577 702 s.
610 668 632 702 à
661 667 838 713 l’évêque
872 667 919 702 de
952 667 1085 716 Luçon
1119 667 1167 711 (le
1198 666 1376 702 cardinal
1409 667 1455 702 de
1487 666 1710 711 Richelieu)
1727 680 1735 708 ;

359 712 484 752 Paris,
505 714 527 747 4
540 711 632 756 juin
658 714 752 754 1617,
780 715 788 746 1
816 723 849 752 p.
873 712 974 754 in-f.,
996 711 1166 747 cachets.
1189 712 1298 747 Belle
1320 711 1443 757 pièce.
1468 714 1563 747 Rare.
1633 713 1672 746 12
1718 725 1734 743 »

290 761 333 793 82
357 758 521 801 Borgia
541 756 588 799 (le
609 756 788 791 cardinal
811 756 897 799 Et.),
921 755 1081 792 illustre
1101 755 1230 801 prélat
1249 758 1289 791 et
1320 755 1548 802 antiquaire
1579 755 1735 797 italien,

359 802 405 837 né
426 801 448 836 à
470 800 649 844 Velletri,
672 801 721 835 où
744 801 771 835 il
795 801 914 835 fonda
936 812 986 835 un
1007 801 1074 835 des
1096 800 1184 846 plus
1214 800 1344 835 riches
1373 801 1526 836 musées
1555 800 1602 834 de
1632 799 1736 835 l’Eu¬

359 857 465 890 rope.
486 865 528 871 —
548 845 590 880 L.
612 856 646 880 a.
667 856 697 880 s.
721 845 743 879 à
766 845 961 890 Napione,
985 846 1082 889 1795,
1107 848 1117 880 1
1142 855 1177 890 p.
1201 845 1292 880 in-4.
1650 848 1672 880 3
1718 858 1735 876 »

290 895 333 927 83
356 893 470 925 Bosc
490 889 685 934 (J.-Urb.),
707 889 826 924 brave
853 889 1015 933 général
1046 890 1093 924 de
1122 888 1281 924 l’armée
1310 888 1528 934 d’Afrique,
1560 888 1607 924 né
1640 889 1737 924 dans

358 934 570 970 l’Hérault.
592 954 634 959 —
653 935 695 969 L.
717 945 751 969 a.
773 945 817 977 s.;
838 934 978 975 Rome,
1002 936 1099 977 1850,
1123 936 1134 968 1
1157 943 1194 980 p.
1217 933 1308 969 in-f.
1650 937 1671 969 2
1694 937 1737 969 50

291 983 334 1015 84
357 980 531 1014 Bottari
551 978 751 1022 (Pascale),
774 981 920 1013 auteur
940 978 1031 1013 d’un
1052 989 1225 1023 ouvrage
1246 989 1315 1013 sur
1336 977 1392 1012 les
1413 977 1658 1013 catacombes
1690 978 1736 1013 de

357 1025 495 1066 Rome,
529 1023 688 1058 éditeur
718 1023 785 1057 des
818 1025 893 1057 Vies
922 1025 978 1057 des
1005 1025 1153 1058 Peintres
1181 1024 1221 1058 de
1253 1025 1387 1057 Vasari.
1407 1042 1448 1047 —
1480 1021 1523 1057 L.
1555 1033 1590 1057 a.
1625 1034 1654 1058 s.
1687 1034 1735 1058 au

358 1074 485 1103 comte
505 1067 552 1102 de
572 1068 710 1103 Fortia
725 1080 732 1108 ;
754 1068 893 1109 Rome,
919 1070 1014 1110 1788,
1034 1070 1055 1102 2
1075 1078 1109 1112 p.
1133 1068 1223 1102 in-4.
1649 1071 1671 1103 2
1718 1082 1733 1099 »

291 1117 334 1149 85
357 1113 531 1147 Boudot
550 1111 687 1156 (l’abbé
708 1111 837 1154 P.-J.),
858 1113 999 1147 savant
1019 1111 1310 1163 bibliographe,
1332 1113 1616 1147 conservateur
1647 1113 1669 1147 à
1700 1112 1737 1147 la

359 1156 634 1203 bibliothèque
656 1156 707 1191 du
729 1156 803 1198 roi,
824 1156 921 1192 dont
941 1156 968 1191 il
989 1167 1011 1190 a
1030 1157 1166 1202 rédige
1193 1156 1229 1191 le
1256 1156 1465 1201 catalogue
1492 1166 1585 1191 avec
1610 1156 1736 1192 l’abbé

359 1200 536 1238 Saillier.
557 1221 599 1227 —
618 1201 660 1236 L.
682 1212 716 1236 a.
738 1212 782 1242 s.,
808 1203 902 1238 1770,
929 1203 937 1236 1
963 1211 999 1241 p.
1021 1201 1117 1235 in-8.
1652 1204 1672 1237 3
1720 1215 1736 1233 »

294 1250 336 1282 86
360 1246 553 1280 Boulard
565 1236 796 1290 (A.-M.-H.j,
816 1244 1048 1290 bibliophile
1064 1245 1217 1281 célèbre
1233 1255 1303 1287 par
1317 1245 1352 1279 le
1370 1244 1532 1279 nombre
1548 1245 1737 1281 immense

361 1291 408 1326 de
429 1289 550 1325 livres
572 1290 667 1335 qu’il
688 1289 797 1325 avait
815 1289 1061 1324 rassemblés.
1075 1311 1116 1315 —
1132 1290 1173 1324 L.
1195 1300 1230 1323 a.
1251 1299 1296 1331 s.,
1320 1291 1416 1329 1812,
1441 1291 1451 1323 1
1477 1300 1512 1334 p.
1529 1289 1625 1324 in-4.
1656 1293 1667 1325 1
1696 1293 1739 1326 50

294 1339 336 1370 87
360 1337 587 1378 Bousquet
606 1334 710 1379 (Fr.),
737 1334 1044 1369 conventionnel
1077 1333 1355 1378 montagnard,
1389 1333 1534 1379 député
1560 1334 1606 1368 de
1634 1334 1739 1370 l’Hé¬

360 1379 470 1414 rault
489 1380 529 1414 et
548 1378 599 1413 du
622 1379 733 1414 Gers.
753 1399 795 1404 —
814 1379 856 1414 L.
880 1390 913 1414 a.
935 1389 965 1414 s.
987 1379 1010 1413 à
1028 1379 1168 1414 Ramel
1183 1391 1191 1423 ;
1214 1377 1409 1420 Mirande,
1431 1389 1479 1413 an
1499 1378 1547 1421 V,
1568 1381 1589 1414 2
1607 1388 1645 1425 p.
1677 1381 1740 1422 1/4

363 1423 453 1459 in-f.
1651 1426 1673 1458 5
1719 1436 1736 1456 »

404 1469 480 1499 Belle
495 1470 524 1498 et
541 1468 674 1499 curieuse
689 1469 772 1499 lettre
792 1476 844 1499 sur
862 1477 894 1498 sa
912 1469 1032 1499 mission
1050 1476 1106 1499 aux
1125 1468 1240 1499 armées
1257 1468 1308 1498 des
1328 1467 1485 1506 Pyrénées,
1504 1471 1532 1498 et
1549 1476 1600 1498 sur
1616 1477 1667 1499 son
1683 1470 1741 1500 état

364 1509 399 1538 de.
418 1508 544 1538 fortune.

295 1550 338 1583 88
361 1548 622 1582 Boutourlin
642 1546 690 1590 (le
720 1547 873 1590 comte),
895 1546 1048 1581 célèbre
1069 1546 1319 1591 bibliophile.
1342 1566 1383 1571 —
1411 1546 1454 1581 L.
1488 1558 1522 1582 a.
1552 1557 1581 1582 s.
1614 1546 1636 1580 à
1666 1547 1741 1582 Re-

363 1591 513 1626 nouard
529 1603 538 1633 ;
560 1591 765 1633 Florence,
791 1593 884 1633 1820,
907 1593 928 1625 2
947 1601 982 1636 p.
1005 1591 1102 1627 in-4.
1653 1594 1675 1626 2
1698 1594 1741 1627 50

404 1636 532 1667 Belalive
550 1637 567 1667 U
585 1637 621 1666 de
637 1636 729 1666 beaux
751 1637 837 1667 livres
856 1636 1010 1666 modernes
1027 1636 1094 1674 qu'il
1112 1636 1206 1667 désire
1221 1645 1252 1666 se
1271 1642 1414 1675 procurer
1435 1644 1469 1666 en
1488 1636 1616 1674 échange
1637 1637 1673 1667 de
1693 1644 1741 1667 ses

364 1674 491 1705 doubles
506 1683 544 1704 en
564 1673 728 1706 vieillerie.

295 1718 339 1751 89
361 1715 579 1758 Bowring
598 1713 739 1758 (John),
772 1713 925 1749 célèbre
958 1713 1192 1750 littérateur
1222 1717 1262 1748 et
1293 1713 1535 1749 économiste
1568 1714 1740 1760 anglais,

363 1758 444 1794 l’un
465 1758 532 1793 des
552 1757 661 1793 chefs
680 1758 726 1793 de
746 1757 786 1793 la
803 1761 908 1793 secte
929 1758 997 1794 des
1017 1757 1280 1794 Unitairiens.
1301 1777 1342 1783 —
1373 1758 1414 1792 L.
1438 1768 1471 1792 a.
1493 1769 1539 1802 s.,
1561 1769 1608 1793 en
1637 1759 1741 1794 fran¬

365 1802 458 1852 çais,
479 1803 499 1837 à
518 1802 670 1845 Julien,
691 1802 737 1837 de
758 1802 890 1845 Paris;
913 1802 1101 1844 Londres,
1126 1805 1221 1845 1827,
1249 1805 1309 1845 1/2
1330 1812 1365 1846 p.
1388 1802 1483 1838 in-4.
1654 1805 1675 1838 4
1721 1817 1738 1835 »

404 1848 435 1878 B>
448 1848 533 1876 lalive.
549 1848 565 1877 à
583 1856 615 1877 sa
638 1848 799 1878 traduction
818 1848 869 1878 des
885 1848 1004 1878 Chants
1023 1846 1213 1887 populaires
1230 1847 1283 1877 des
1300 1846 1461 1878 Serviens.

298 1891 341 1924 90
364 1888 549 1922 Brisson
580 1886 757 1930 (Henri),
789 1886 1017 1932 publiciste,
1056 1887 1266 1921 rédacteur
1302 1885 1349 1920 de
1387 1885 1543 1921 ['Avenir
1576 1890 1729 1922 national
1733 1915 1741 1930 ,

366 1931 511 1976 député
530 1931 577 1965 de
597 1930 636 1965 la
655 1930 772 1966 Seine
793 1941 840 1965 en
866 1933 960 1966 1871.
981 1951 1023 1956 —
1042 1930 1085 1966 L.
1107 1942 1141 1966 a.
1162 1941 1207 1973 s.,
1231 1932 1327 1971 1869,
1352 1932 1364 1964 1
1390 1940 1424 1975 p.
1449 1933 1511 1975 1/4
1530 1931 1622 1966 in-8.
1656 1935 1677 1966 5
1725 1945 1741 1964 »

299 1979 336 2012 91
365 1978 670 2010 Broussonnet
706 1975 893 2020 (P.-Aug.
909 1976 941 2020 ),
978 1978 1118 2011 savant
1154 1974 1369 2017 botaniste,
1408 1975 1455 2009 de
1493 1975 1637 2011 l’Acad.
1676 1976 1743 2011 des

367 2020 562 2062 Sciences,
584 2021 631 2054 né
652 2020 674 2054 à
691 2020 961 2065 Montpellier.
982 2040 1024 2045 —
1044 2020 1086 2055 L.
1103 2031 1137 2055 a.
1155 2030 1185 2055 s.
1202 2030 1251 2054 au
1266 2019 1505 2056 naturaliste
1521 2019 1742 2063 Duchesne,

370 2067 465 2106 1785,
486 2068 507 2099 3
527 2075 563 2110 p.
584 2064 681 2099 in-4.
1655 2068 1676 2100 4
1723 2078 1739 2096 »

409 2110 485 2140 Belle
513 2110 597 2141 lettre
627 2109 746 2140 relative
769 2111 784 2140 à
814 2110 850 2140 un
882 2109 1020 2139 Tableau
1046 2109 1099 2140 des
1123 2109 1350 2149 quadrupèdes
1375 2109 1443 2147 qu'il
1468 2109 1563 2140 s'était
1590 2111 1701 2150 engagé
1726 2112 1742 2140 à

369 2149 491 2187 rédiger.

300 2192 343 2225 92
366 2190 672 2223 Broussonnet
690 2186 986 2231 (J.-L.-Victor),
1008 2187 1185 2222 médecin
1208 2187 1424 2232 distingué,
1450 2188 1678 2232 professeur
1703 2191 1743 2224 et

369 2233 495 2284 doyen
517 2231 563 2266 de
584 2232 621 2267 la
642 2231 806 2267 Faculté
827 2231 872 2266 de
894 2231 1165 2275 Montpellier,
1186 2231 1235 2267 né
1255 2233 1350 2267 dans
1371 2233 1475 2267 cette
1506 2232 1616 2275 ville,
1637 2234 1742 2269 frère

367 2276 488 2326 puîné
508 2276 561 2311 du
582 2276 806 2322 précédent.
827 2296 869 2301 —
888 2277 931 2312 L.
951 2287 986 2312 a.
1007 2287 1052 2321 s.;
1079 2276 1350 2322 Montpellier,
1376 2278 1397 2311 6
1425 2278 1501 2312 oct.
1535 2279 1629 2321 1815,
1661 2281 1682 2313 2
1706 2289 1740 2323 p.

369 2322 455 2357 in-f.
1655 2326 1676 2358 4
1726 2336 1741 2354 »

411 2373 486 2402 Belle
501 2376 527 2402 et
543 2372 675 2403 curieuse
690 2371 777 2403 lettre
791 2372 909 2402 relative
927 2373 942 2401 il
963 2372 1117 2402 l'abandon
1128 2372 1168 2402 vie
1187 2380 1239 2402 son
1257 2375 1339 2411 poste
1360 2373 1485 2411 pendant
1501 2373 1542 2403 les
1559 2374 1629 2404 Cent
1641 2374 1743 2406 Jours,

371 2420 443 2449 pour
463 2413 556 2450 rester
573 2411 662 2450 fi'lèle
678 2411 700 2441 à
721 2419 778 2441 son
801 2419 861 2441 roi.

299 2454 343 2487 93
365 2451 646 2495 Brugnatelli
665 2449 1049 2495 (Luigi-Bernardo),
1071 2450 1250 2485 éminent
1268 2450 1453 2487 chimiste
1475 2451 1631 2490 italien,
1654 2452 1701 2486 né
1721 2452 1743 2486 à

369 2495 505 2530 Pavie.
525 2515 568 2520 —
586 2495 630 2529 L.
651 2506 684 2530 a.
709 2505 753 2537 s.,
775 2505 824 2529 en
846 2494 1030 2542 français,
1053 2505 1103 2530 au
1125 2493 1308 2531 chimiste
1329 2495 1513 2542 Jacquin,
1535 2496 1557 2529 à
1579 2495 1743 2540 Vienne;

370 2539 504 2581 Pavie,
529 2542 623 2582 1816,
648 2542 658 2574 1
683 2550 718 2585 p.
740 2539 832 2574 in-4.
853 2539 1037 2575 Relative
1058 2539 1080 2574 à
1098 2542 1168 2575 son
1186 2541 1326 2575 Journal
1345 2542 1385 2575 de
1405 2542 1580 2584 Physique.
1658 2543 1679 2575 4
1727 2553 1742 2572 «

304 2587 346 2620 94
370 2586 607 2628 Brugnons
626 2584 699 2634 (J.),
721 2585 861 2619 savant
880 2583 1135 2626 vétérinaire,
1157 2584 1192 2619 le
1214 2585 1433 2630 Bourgelat
1453 2585 1500 2619 de
1521 2584 1676 2625 l’Italie,
1699 2586 1744 2620 né

372 2628 459 2674 près
479 2628 655 2674 d’Acqui.
676 2649 717 2654 —
737 2628 779 2663 L.
800 2639 834 2663 a.
856 2638 900 2672 s.;
920 2628 1061 2671 Turin,
1085 2631 1179 2669 1775,
1205 2631 1213 2663 1
1241 2640 1276 2673 p.
1297 2629 1389 2664 in-4.
1658 2632 1679 2665 3
1727 2643 1742 2660 »
