1818 2207
210 36 453 65 BULGARIE

349 139 430 167 n'est
451 140 553 168 certes
576 146 633 174 pas
655 140 795 174 exempte
818 137 857 167 de
877 137 1063 172 faiblesses,
1088 138 1151 173 qui,
1176 137 1260 167 dans
1284 139 1447 169 certaines
1469 141 1574 179 toiles,
1596 149 1701 181 sautent

349 198 405 218 aux
422 197 508 225 yeux,
528 190 589 218 soit
608 197 700 225 parce
719 197 779 225 que
799 188 881 219 leurs
899 189 1013 225 jeunes
1032 190 1164 218 auteurs
1184 191 1261 219 sont
1282 190 1474 227 incapables
1495 193 1534 222 de
1553 194 1599 225 les
1617 198 1700 237 éviter,

349 241 410 269 soit
433 248 524 276 parce
548 240 639 276 qu’ils
665 249 702 270 ne
727 240 903 276 possèdent
928 248 986 276 pas
1011 240 1147 270 l’astuce
1173 242 1205 271 et
1228 241 1257 270 la
1280 241 1470 278 technique,
1493 244 1645 278 d'ailleurs
1655 257 1701 286 peu

349 291 628 325 recommandable,
668 300 745 328 pour
782 291 829 322 les
867 291 1049 321 camoufler.

384 341 402 371 Il
415 342 541 379 importe
553 342 734 379 davantage,
749 351 796 372 me
808 343 1000 379 semble-t-il,
1012 344 1051 373 de
1064 343 1182 373 relever
1194 352 1257 380 que
1269 346 1355 374 cette
1368 354 1477 375 œuvre
1488 355 1506 376 a
1519 347 1577 378 des
1590 352 1703 386 qualités

348 392 517 427 évidentes,
531 394 579 429 qui
593 393 787 430 l'emportent
798 402 852 424 sur
863 402 919 424 ses
932 394 1070 425 défauts.
1086 395 1125 425 La
1138 395 1263 432 plupart
1275 396 1336 425 des
1348 397 1457 432 toiles,
1472 398 1532 428 des
1544 401 1704 438 sculptures

348 444 379 472 et
395 443 454 472 des
473 452 618 480 gravures
637 445 695 474 des
712 446 824 481 jeunes
842 447 969 475 artistes
990 445 1140 483 bulgares
1160 449 1238 477 sont
1258 448 1395 484 puisées
1415 449 1434 478 à
1453 449 1483 478 la
1502 457 1617 482 source
1634 453 1670 483 de
1684 455 1705 485 la

348 494 392 523 vie
416 494 514 524 même
536 496 567 524 et
589 496 741 533 inspirées
765 504 818 533 par
840 497 973 532 celle-ci,
997 500 1029 528 et
1052 498 1136 528 c'est
1159 498 1188 528 là
1211 499 1240 528 la
1265 499 1338 535 plus
1365 501 1555 537 importante
1578 503 1615 533 de
1637 504 1705 536 leurs

349 544 489 580 qualités.
505 545 542 575 La
556 547 690 582 majorité
704 547 762 576 des
775 555 897 578 œuvres
912 550 962 578 est
975 550 1155 579 consacrée
1169 549 1187 580 à
1201 550 1229 580 la
1243 552 1555 588 contemporanéité,
1570 554 1706 587 dévoilant

348 595 393 624 les
414 597 600 632 aspirations
623 599 652 627 et
673 598 719 627 les
741 599 927 629 sentiments
950 600 990 629 de
1013 601 1164 630 l’homme
1188 602 1354 632 moderne.
1381 603 1420 632 La
1444 605 1519 633 note
1542 607 1707 637 caractéris¬

345 646 428 681 tique
442 649 473 676 et
485 655 521 676 en
540 648 638 677 même
650 651 754 685 temps
767 649 832 679 très
847 652 979 687 positive
995 651 1034 681 de
1050 653 1134 681 cette
1153 660 1260 683 œuvre
1280 655 1332 683 est
1351 653 1380 683 la
1398 655 1561 686 tendance
1581 656 1619 686 de
1634 659 1707 688 toute

348 704 407 725 une
425 697 504 727 série
524 698 561 727 de
578 699 689 734 jeunes
708 701 833 731 artistes
851 701 869 731 à
888 703 999 731 arriver
1017 703 1035 733 à
1056 711 1095 732 un
1117 703 1196 740 style
1217 705 1399 740 individuel,
1421 707 1607 743 personnel,
1625 708 1642 738 à
1660 717 1708 739 une

346 747 512 783 originalité
531 748 569 778 de
586 749 718 787 langage
737 751 903 788 plastique,
923 761 1004 784 sans
1023 755 1159 791 laquelle
1180 763 1219 785 ne
1238 757 1360 786 saurait
1380 757 1479 787 naître
1500 766 1562 788 une
1580 759 1709 790 véritable

346 804 448 826 œuvre
472 799 557 829 d'art.
584 799 671 830 Point
695 802 778 832 n'est
802 802 914 833 besoin
941 804 1016 834 d’un
1043 805 1117 842 long
1144 814 1276 836 examen
1304 808 1366 838 des
1388 809 1474 838 dites
1499 817 1626 840 œuvres
1645 819 1710 847 pour

347 856 518 885 remarquer
538 850 565 879 la
584 850 702 882 facture
723 854 872 890 originale
894 855 933 885 de
956 856 984 885 la
1007 857 1130 893 plupart
1152 858 1275 888 d'entre
1298 859 1391 895 elles,
1411 860 1440 889 la
1462 861 1578 891 variété
1600 861 1638 891 de
1658 861 1709 892 leur

346 899 488 935 manière,
509 900 621 937 depuis
641 903 668 932 le
688 905 778 933 souci
801 904 840 935 du
863 906 954 936 détail
979 907 1131 944 jusqu'au
1158 908 1339 940 laconisme
1366 912 1495 948 poussé
1516 911 1535 941 à
1556 912 1709 948 l'extrême,

345 948 455 985 depuis
475 951 502 980 la
522 952 634 988 palette
654 954 873 987 éblouissante
896 958 1026 994 jusqu'à
1051 959 1079 989 la
1104 960 1246 991 sobriété
1267 963 1393 992 voisine
1414 963 1455 992 de
1477 962 1505 992 la
1527 971 1664 1000 gravure,
1678 965 1710 994 où

344 999 482 1035 l’espace
495 1004 526 1031 et
538 1002 585 1032 les
598 1004 739 1035 volumes
755 1014 793 1035 ne
808 1009 883 1037 sont
896 1009 1131 1045 qu'ébauchés,
1149 1011 1265 1049 depuis
1285 1013 1313 1042 le
1332 1014 1454 1043 coloris
1468 1022 1591 1044 sonore
1605 1016 1635 1044 et
1651 1015 1710 1044 clair

342 1050 505 1086 jusqu'aux
527 1053 705 1085 harmonies
728 1058 896 1094 mineures,
920 1068 973 1089 car
995 1060 1022 1090 le
1046 1062 1193 1093 réalisme
1213 1064 1255 1093 tel
1283 1072 1346 1100 que
1375 1073 1461 1095 nous
1489 1065 1517 1095 le
1539 1073 1711 1096 concevons

344 1102 392 1129 est
403 1101 571 1137 justement
587 1113 647 1135 une
664 1107 810 1138 méthode
825 1111 857 1139 et
871 1118 933 1140 non
952 1119 1011 1147 pas
1028 1121 1067 1142 un
1085 1113 1187 1144 cliché
1201 1123 1207 1150 ;
1224 1123 1278 1144 car
1293 1124 1332 1145 ce
1350 1117 1500 1146 réalisme
1516 1119 1568 1147 est
1583 1118 1712 1154 étranger

343 1158 380 1179 au
401 1152 597 1187 piétinement
616 1164 670 1186 sur
689 1158 789 1194 place,
809 1162 889 1191 ainsi
908 1170 972 1198 que
992 1163 1019 1193 le
1040 1164 1134 1194 disait
1153 1165 1348 1197 Maïakovski
1374 1176 1381 1197 :
1402 1175 1420 1196 «
1441 1168 1518 1198 Plus
1539 1168 1580 1199 de
1600 1169 1713 1205 poètes,

343 1201 380 1230 de
398 1201 489 1238 bons,
508 1205 546 1234 de
564 1206 699 1237 divers...
719 1217 746 1243 »,
764 1217 802 1239 ce
820 1213 869 1248 qui
888 1220 968 1248 pour
986 1222 1069 1244 nous
1089 1218 1227 1252 pourrait
1244 1226 1282 1247 se
1298 1218 1438 1249 traduire
1456 1227 1513 1256 par
1534 1227 1541 1248 :
1561 1227 1577 1248 «
1595 1220 1667 1249 Plus
1682 1219 1713 1248 de

343 1253 487 1289 peintres,
504 1255 543 1285 de
558 1256 651 1293 bons,
666 1259 704 1288 de
722 1260 859 1292 divers...
880 1271 907 1298 »,
926 1263 987 1293 afin
1007 1274 1069 1302 que
1088 1267 1196 1297 soient
1215 1270 1416 1300 conservées
1437 1270 1466 1300 la
1487 1270 1635 1301 richesse
1651 1272 1679 1300 et
1693 1270 1714 1299 la

343 1301 484 1334 diversité
499 1306 537 1335 de
551 1306 759 1344 l'expression
776 1311 944 1350 plastique,
966 1323 1047 1346 sans
1072 1317 1208 1353 laquelle
1231 1320 1444 1356 disparaîtrait
1465 1321 1494 1351 la
1517 1322 1663 1352 richesse
1682 1321 1714 1350 du

342 1355 476 1384 contenu
497 1358 528 1385 et
547 1365 585 1386 en
605 1357 647 1388 fin
669 1360 709 1390 de
728 1365 856 1400 compte
877 1365 945 1395 l'art
964 1366 1137 1398 lui-même.

1210 1983 1399 2018 Professeur
1425 1989 1569 2027 Bogomil
1599 1992 1720 2021 Raïnov.

417 2124 448 2148 22
