1694 2207
1389 54 1692 88 BULGARIE

346 504 547 531 Commissaire
576 504 694 532 Général
725 504 730 530 :
760 504 893 531 Vladimir
922 504 1002 531 Goev

346 538 435 565 Union
463 538 515 564 des
541 538 661 565 Artistes
688 538 814 564 Peintres
841 538 986 570 Bulgares.

184 822 223 852 En
243 822 299 852 fait
319 822 409 857 d’art,
430 822 459 852 la
477 823 635 859 jeunesse
655 824 707 852 est
727 831 790 852 une
810 823 914 852 chose
933 822 995 852 fort
1014 822 1151 851 relative.
1174 821 1241 851 Des
1263 822 1404 858 peintres
1424 828 1552 850 comme

147 873 299 909 Raphaël,
317 873 384 903 Van
403 873 510 909 Gogh,
530 873 688 908 Lévitann,
707 874 758 909 qui
776 874 852 903 sont
870 874 969 902 morts
984 874 1112 909 jeunes,
1131 880 1216 901 nous
1233 873 1289 901 ont
1303 873 1374 901 tout
1390 871 1430 901 de
1448 872 1552 900 même

145 924 240 960 légué
260 932 322 953 une
341 932 448 953 œuvre
467 923 553 953 riche
571 925 603 953 et
623 924 720 958 mûre,
738 924 847 953 tandis
867 932 930 960 que
949 924 1105 957 d’autres,
1125 924 1177 959 qui
1196 923 1299 952 vivent
1315 922 1410 958 âgés,
1431 923 1553 951 restent

143 975 233 1003 toute
254 974 320 1003 leur
339 975 386 1003 vie
408 974 468 1003 des
489 975 665 1010 apprentis.

183 1024 201 1054 Il
223 1033 241 1061 y
262 1033 280 1054 a
303 1024 365 1054 des
385 1025 502 1061 jeunes
525 1025 576 1060 qui
600 1024 737 1054 laissent
760 1025 895 1061 paraître
918 1024 1001 1054 dans
1024 1024 1109 1053 leurs
1133 1031 1260 1053 œuvres
1284 1031 1347 1052 une
1367 1022 1489 1059 fatigue
1512 1022 1553 1051 de

145 1075 173 1104 la
190 1076 237 1104 vie
255 1076 286 1104 et
304 1083 343 1104 un
364 1083 503 1111 manque
520 1075 561 1104 de
576 1074 619 1104 foi
639 1075 722 1104 dans
740 1075 828 1104 l’être
847 1075 973 1104 humain
993 1074 1092 1110 qu’on
1116 1082 1156 1103 ne
1178 1075 1347 1103 rencontre
1369 1081 1430 1110 pas
1449 1073 1552 1102 même

144 1126 224 1155 chez
246 1126 294 1154 les
315 1126 415 1154 vieux.
439 1125 498 1155 Les
521 1125 641 1161 grands
665 1126 792 1155 maîtres
815 1127 870 1154 ont
889 1125 1028 1154 travaillé
1047 1124 1179 1161 jusqu’à
1200 1124 1267 1153 leur
1288 1124 1412 1153 dernier
1433 1122 1553 1153 souffle

144 1184 223 1205 avec
246 1176 387 1205 l'entrain
413 1176 453 1205 de
475 1176 504 1205 la
524 1176 683 1212 jeunesse
705 1178 737 1205 et
759 1184 837 1205 avec
859 1177 912 1205 cet
934 1176 1092 1205 immense
1114 1183 1227 1204 amour
1248 1175 1289 1204 de
1312 1174 1476 1208 l'homme,
1500 1174 1551 1209 qui

146 1234 283 1262 poussa,
302 1234 357 1262 par
372 1226 528 1262 exemple,
546 1234 586 1255 un
607 1226 765 1260 Daumier,
784 1234 925 1262 presque
941 1226 1086 1262 aveugle,
1103 1226 1122 1255 à
1138 1226 1306 1255 continuer
1321 1225 1340 1254 à
1356 1233 1394 1254 se
1412 1224 1554 1261 pencher

145 1285 201 1306 sur
224 1277 253 1306 la
279 1277 379 1313 pierre
404 1277 659 1313 lithographique
673 1285 679 1311 ;
707 1285 746 1306 un
775 1276 899 1311 Renoir,
927 1277 1083 1313 paralysé,
1109 1277 1128 1306 à
1153 1276 1284 1312 peindre
1310 1284 1348 1305 en
1375 1284 1414 1305 se
1434 1275 1554 1304 faisant

144 1327 288 1356 attacher
302 1335 342 1356 un
361 1328 497 1363 pinceau
514 1327 532 1357 à
547 1335 586 1356 sa
604 1328 684 1356 main
703 1327 834 1357 infirme.
854 1328 921 1357 Des
938 1327 1055 1363 géants
1066 1327 1106 1356 de
1118 1327 1147 1356 la
1159 1328 1314 1363 peinture,
1324 1327 1387 1356 tels
1400 1326 1428 1355 le
1439 1326 1552 1360 Titien,

146 1378 351 1412 Rembrandt,
373 1377 463 1414 Goya
484 1379 515 1407 et
533 1379 602 1407 tant
623 1378 778 1412 d’autres,
800 1378 954 1412 créèrent,
975 1386 1015 1407 au
1038 1378 1141 1407 déclin
1165 1378 1205 1407 de
1223 1378 1289 1407 leur
1303 1378 1362 1411 vie,
1378 1378 1554 1413 justement

145 1428 230 1458 leurs
249 1436 376 1457 œuvres
395 1428 444 1457 les
463 1428 536 1464 plus
553 1429 681 1464 jeunes,
698 1430 729 1458 et
745 1428 909 1465 j’entends
928 1436 984 1464 par
1001 1428 1030 1458 là
1048 1428 1097 1458 les
1117 1428 1190 1464 plus
1204 1429 1347 1457 vivantes
1366 1429 1398 1457 et
1416 1428 1464 1456 les
1481 1427 1553 1463 plus

146 1478 285 1513 hardies,
304 1479 429 1515 pleines
446 1479 581 1515 d'esprit
598 1480 760 1513 novateur,
776 1480 844 1508 tant
861 1487 916 1515 par
932 1479 998 1508 leur
1012 1478 1187 1515 technique
1205 1478 1301 1514 qu'au
1324 1479 1412 1514 point
1433 1478 1474 1507 de
1494 1485 1554 1506 vue

145 1529 185 1558 de
217 1529 283 1558 leur
313 1530 508 1565 conception
541 1531 573 1558 et
604 1529 644 1558 de
675 1529 742 1559 leur
773 1530 956 1559 résonance
987 1529 1135 1559 émotive.

183 1579 223 1608 Le
242 1579 407 1616 problème
426 1580 466 1609 de
485 1579 514 1609 la
531 1581 701 1616 jeunesse,
721 1588 760 1609 en
780 1581 837 1614 art,
858 1580 910 1609 n’a
929 1580 1015 1609 donc
1035 1581 1097 1609 rien
1118 1580 1137 1609 à
1155 1580 1220 1609 voir
1237 1587 1316 1609 avec
1335 1579 1383 1608 les
1403 1579 1553 1608 données

145 1630 185 1659 de
207 1630 293 1659 l’état
314 1630 393 1659 civil.
415 1630 595 1665 Toutefois,
618 1639 656 1659 en
680 1631 824 1667 peinture
844 1638 972 1659 comme
994 1638 1073 1666 pour
1094 1630 1122 1659 le
1148 1632 1245 1665 reste,
1271 1630 1319 1659 les
1346 1630 1553 1666 générations

144 1681 358 1710 successives
384 1688 422 1710 se
447 1681 673 1717 développent,
697 1681 872 1710 travaillent
896 1682 927 1710 et
951 1680 1088 1710 laissent
1111 1689 1171 1710 aux
1196 1680 1405 1717 générations
1428 1679 1552 1709 futures

145 1731 205 1760 des
227 1739 354 1760 œuvres
376 1732 517 1768 pouvant
537 1731 603 1761 leur
623 1732 721 1761 servir
741 1731 932 1768 d’exemple,
954 1733 1120 1768 amorçant
1141 1731 1263 1768 parfois
1285 1731 1345 1760 des
1368 1731 1552 1767 problèmes

144 1789 208 1817 que
224 1781 369 1811 celles-ci
386 1783 501 1811 auront
516 1782 534 1811 à
552 1782 718 1811 résoudre.
738 1782 798 1811 Les
813 1783 879 1811 arts
898 1781 1091 1812 bénéficient
1106 1782 1334 1811 actuellement
1349 1790 1387 1811 en
1408 1781 1553 1817 Bulgarie

144 1831 185 1861 de
203 1831 231 1861 la
251 1832 410 1868 présence
429 1832 527 1861 d’une
547 1832 732 1869 génération
752 1832 793 1861 de
813 1833 940 1862 maîtres
961 1833 1058 1867 mûrs,
1078 1840 1198 1861 encore
1217 1832 1321 1868 pleins
1340 1832 1380 1861 de
1398 1833 1445 1861 vie
1464 1833 1495 1861 et
1513 1831 1553 1860 de

141 1882 252 1917 talent,
267 1883 318 1918 qui
331 1882 401 1912 font
414 1883 557 1919 l'orgueil
572 1883 612 1912 de
625 1883 653 1912 la
668 1884 787 1912 nation.
803 1883 842 1912 En
859 1884 962 1912 même
974 1884 1094 1919 temps,
1109 1891 1147 1912 se
1161 1883 1341 1919 développe
1354 1884 1386 1912 et
1398 1882 1553 1912 s'affirme

145 1940 207 1962 une
222 1933 408 1969 génération
425 1933 582 1968 nouvelle,
599 1934 677 1962 dont
691 1933 739 1963 les
754 1933 914 1969 quelques
929 1941 1056 1963 œuvres
1072 1934 1265 1969 présentées
1282 1934 1318 1962 ici
1335 1941 1375 1962 ne
1389 1933 1553 1962 sauraient

145 1991 207 2019 que
224 1984 291 2012 très
310 1984 593 2020 incomplètement
611 1983 722 2013 définir
740 1984 767 2013 la
787 1984 1022 2020 physionomie.
1043 1984 1184 2013 L’œuvre
1203 1984 1243 2013 de
1261 1985 1346 2013 cette
1364 1984 1551 2020 génération

1444 2148 1472 2173 21
