1683 2207
1360 24 1668 61 BELGIQUE

321 487 524 516 Commissaire
556 482 675 510 Général
710 489 715 507 :
749 481 823 506 Jean
857 478 917 504 Van
953 475 1113 507 Lerberghe

322 520 478 549 Conseiller
501 517 655 548 Artistique
681 515 717 541 du
745 513 888 540 Ministère
914 511 950 537 de
976 508 1159 536 l’Instruction
1187 504 1332 536 Publique.

162 816 201 844 La
217 813 350 843 cimaise
367 811 407 839 de
423 810 451 839 la
469 805 620 838 Biennale
635 804 677 834 de
693 803 782 833 Paris
798 801 886 831 étant
902 798 1050 829 réservée
1065 794 1317 826 exclusivement
1331 799 1392 820 aux
1405 791 1534 826 jeunes,

126 868 157 904 je
180 873 230 895 me
253 864 325 893 suis
348 858 509 891 demandé
532 855 689 894 pourquoi
714 862 754 883 ne
777 860 838 889 pas
861 851 1004 881 réserver
1025 848 1044 878 à
1066 854 1126 877 ces
1148 846 1279 875 artistes
1302 840 1485 879 également
1508 839 1536 867 la

130 917 227 953 partie
249 922 267 942 «
285 915 390 943 textes
412 918 440 939 ».
463 909 524 939 J’ai
548 908 634 937 donc
656 903 816 935 demandé
837 902 856 931 à
876 901 1017 931 certains
1039 898 1162 928 d’entre
1183 904 1242 924 eux
1264 894 1304 923 de
1324 891 1475 922 formuler
1496 897 1535 918 en

131 976 191 1004 peu
212 966 252 995 de
272 965 356 994 mots
375 970 413 991 ce
432 959 528 997 qu'ils
547 958 690 988 désirent
708 954 838 985 réaliser
856 960 894 982 en
915 950 1068 988 peignant
1085 956 1126 977 ou
1147 954 1185 976 en
1205 944 1380 981 sculptant.

164 1017 219 1047 Jef
235 1015 414 1050 Verheyen,
434 1008 658 1047 représentant
675 1007 716 1036 du
736 1012 860 1041 groupe
878 1002 1048 1031 anversois
1066 997 1287 1029 Hessenhuis,
1306 995 1358 1031 qui
1378 992 1539 1028 s’impose

133 1077 187 1105 par
207 1075 269 1096 une
286 1066 353 1094 très
373 1062 494 1100 grande
512 1059 648 1092 activité,
668 1058 720 1086 est
740 1064 779 1084 un
800 1052 952 1090 subjectif
969 1050 1072 1080 avoué
1096 1057 1102 1079 :
1123 1056 1140 1076 «
1161 1047 1300 1077 L’action
1322 1044 1493 1081 qu’exerce
1512 1041 1540 1070 la

134 1120 288 1156 peinture,
301 1114 423 1148 écrit-il,
437 1121 475 1142 se
492 1110 671 1145 développe
689 1116 728 1136 au
747 1106 819 1142 plus
837 1104 944 1133 intime
960 1102 1001 1131 de
1019 1102 1108 1130 notre
1124 1100 1201 1128 être.
1215 1096 1402 1132 Echappant
1417 1094 1436 1122 à
1449 1093 1541 1122 toute

133 1168 299 1206 approche
325 1163 509 1197 raisonnée,
535 1161 597 1190 elle
622 1158 721 1195 prend
749 1156 855 1185 racine
880 1154 965 1183 dans
990 1152 1019 1181 la
1042 1150 1165 1180 totalité
1191 1148 1252 1177 des
1278 1144 1541 1183 phénomènes...

136 1221 170 1250 Ni
185 1218 349 1251 l'histoire,
368 1216 394 1244 ni
411 1215 439 1244 le
456 1215 564 1248 temps
584 1218 623 1239 ne
643 1208 795 1245 pourront
810 1213 849 1234 un
864 1206 934 1241 jour
949 1202 1067 1232 révéler
1080 1201 1109 1230 la
1120 1199 1215 1229 vérité
1228 1196 1390 1234 picturale,
1404 1195 1544 1230 puisque

135 1270 260 1301 celle-ci
280 1267 381 1298 existe
399 1266 483 1294 dans
502 1261 680 1292 l'instant...
700 1258 718 1288 Il
739 1257 789 1293 n’y
807 1263 883 1285 aura
899 1254 1014 1291 jamais
1034 1251 1174 1281 d’étalon
1195 1250 1246 1285 qui
1267 1248 1382 1284 puisse
1402 1251 1546 1275 mesurer

137 1322 185 1351 les
200 1319 351 1357 pouvoirs
366 1315 421 1352 (ou
436 1311 565 1348 limites)
580 1311 621 1341 de
634 1307 875 1345 l'imagination.
889 1304 998 1338 Quant
1010 1303 1029 1333 à
1042 1310 1081 1331 ce
1095 1301 1194 1338 qu'on
1208 1298 1336 1336 appelle
1350 1295 1546 1327 l’évolution,

137 1372 197 1402 elle
215 1370 266 1399 n'a
284 1369 324 1398 de
341 1367 456 1397 limites
473 1371 536 1400 que
552 1361 632 1391 chez
649 1368 729 1390 ceux
746 1359 797 1394 qui
816 1365 855 1385 ne
872 1357 901 1385 la
917 1355 1019 1384 vivent
1035 1353 1134 1389 point.
1153 1359 1170 1379 »

173 1419 339 1452 L’attitude
362 1417 403 1446 du
428 1415 635 1446 dessinateur
657 1410 724 1439 Van
748 1408 904 1440 Thienen,
929 1413 984 1442 par
1005 1404 1128 1436 contre,
1152 1401 1204 1431 est
1226 1398 1436 1429 entièrement
1457 1394 1548 1424 diffé¬

141 1474 228 1503 rente
244 1480 250 1500 :
264 1479 282 1499 «
295 1470 379 1499 Pour
392 1467 466 1500 moi,
479 1466 548 1495 l'art
559 1464 611 1493 est
623 1469 663 1491 un
677 1459 865 1495 dialogue...
878 1456 919 1487 Je
932 1464 972 1485 ne
984 1454 1057 1491 puis
1069 1451 1243 1482 concevoir
1254 1449 1387 1479 l’artiste
1400 1454 1418 1475 «
1429 1447 1480 1475 œil
1495 1453 1549 1474 »...

141 1523 258 1553 Ouvert
274 1529 313 1550 au
332 1518 461 1551 monde,
479 1516 495 1545 il
512 1523 529 1550 y
546 1512 643 1550 prend
662 1519 723 1540 son
742 1510 837 1545 sujet,
855 1515 915 1544 pas
933 1513 1013 1542 pour
1029 1503 1224 1535 l’anecdote,
1242 1508 1323 1530 sans
1340 1498 1450 1531 doute,
1470 1496 1550 1525 mais

143 1583 182 1603 un
198 1581 258 1610 peu
273 1577 401 1602 comme
416 1576 454 1597 un
470 1566 559 1603 point
571 1563 702 1599 d'appui
716 1569 754 1591 en
770 1559 891 1589 dehors
905 1557 945 1586 de
958 1555 1157 1585 lui-même...
1174 1552 1213 1581 Le
1224 1553 1279 1580 ton
1295 1550 1335 1579 de
1348 1557 1387 1578 ce
1399 1548 1552 1582 dialogue

143 1627 194 1655 est
215 1623 295 1653 celui
317 1621 416 1650 d’une
436 1615 662 1647 conversation
684 1612 774 1641 entre
794 1610 883 1639 vieux
902 1608 997 1640 amis,
1016 1606 1093 1635 faite
1114 1604 1155 1632 de
1176 1603 1272 1638 longs
1293 1599 1553 1630 cheminements

144 1675 319 1705 silencieux
337 1672 369 1701 et
384 1667 534 1706 jalonnés
554 1663 784 1701 d’apparentes
805 1658 974 1689 banalités.
994 1664 1011 1684 »

180 1726 263 1755 Pour
288 1723 391 1752 Pierre
416 1719 545 1751 Lahaut,
571 1717 599 1745 la
624 1713 799 1751 projection
825 1710 900 1739 d'un
928 1707 1046 1738 monde
1071 1704 1265 1741 imaginaire,
1291 1702 1374 1731 dans
1399 1701 1448 1729 les
1472 1698 1555 1728 deux

145 1776 351 1807 dimensions
371 1772 412 1801 de
432 1778 492 1800 ses
510 1767 619 1800 toiles,
641 1764 744 1795 révèle
765 1770 806 1791 un
827 1762 917 1790 autre
937 1763 1121 1795 processus
1146 1763 1153 1784 :
1175 1761 1193 1782 «
1214 1754 1254 1783 Le
1276 1753 1409 1789 peintre,
1430 1749 1555 1783 écrit-il,

147 1835 243 1857 ouvre
253 1833 291 1855 sa
299 1822 451 1853 toileàun
465 1818 593 1851 monde,
605 1817 656 1852 qui
669 1813 866 1851 rapidement
876 1811 914 1840 lu!
926 1809 1052 1839 devient
1061 1805 1281 1842 indépendant
1289 1805 1321 1832 et
1330 1803 1383 1836 où,
1397 1800 1557 1830 voisinant

148 1880 236 1908 entre
253 1875 311 1905 ciel
329 1875 361 1904 et
375 1875 468 1905 terre,
487 1871 569 1900 l'eau
588 1867 700 1896 contre
717 1864 857 1894 l'écorce
874 1862 906 1891 et
922 1868 977 1889 sur
994 1859 1022 1888 la
1041 1859 1151 1894 pierre,
1170 1863 1209 1885 se
1228 1854 1376 1884 meuvent
1393 1852 1454 1881 des
1471 1851 1557 1880 êtres

148 1930 301 1963 étranges
321 1924 426 1954 munis
444 1922 485 1951 de
499 1921 611 1950 toutes
629 1918 678 1946 les
696 1915 855 1952 passions
872 1911 934 1941 des
952 1910 1113 1939 hommes.
1133 1915 1151 1935 »

182 1978 272 2009 Voici
286 1977 365 2006 trois
382 1973 489 2010 points
505 1970 545 2000 de
560 1977 619 1999 vue
635 1966 813 1997 différents.
830 1963 896 1993 Ces
909 1962 1014 1991 textes
1030 1960 1085 1988 ont
1099 1959 1128 1988 la
1142 1956 1249 1986 valeur
1264 1955 1304 1984 de
1316 1954 1558 1988 témoignages,

1454 2117 1487 2142 15
