1818 2218
283 54 480 98 BRÉSIL

607 481 789 514 Commissaire
809 472 919 503 Général
942 468 947 514 :
969 467 1057 513 Çelso
1078 465 1177 491 Souza
1199 469 1216 488 e

608 518 717 540 Premier
735 510 881 539 Secrétaire
901 506 935 533 de
956 503 959 530 I
972 498 1154 530 Ambassade
1177 496 1214 523 du

463 810 635 844 L’invitation
652 805 721 836 faite
737 810 772 833 au
793 798 883 829 Brésil
903 797 941 826 de
960 792 1092 831 prendre
1112 790 1181 827 part
1198 788 1217 818 à
1235 787 1265 817 la
1284 785 1454 816 deuxième
1474 784 1615 815 Biennale
1631 786 1662 816 de
1678 787 1728 820 Paris

433 875 449 896 a
473 861 593 894 soulevé
616 860 642 889 le
667 857 732 893 plus
756 852 793 883 vif
817 849 922 881 intérêt
947 846 1028 877 dans
1055 843 1104 873 les
1133 840 1258 871 milieux
1284 838 1474 873 artistiques
1502 836 1663 868 brésiliens.
1682 839 1730 872 Tout

434 914 564 948 d'abord,
585 917 670 948 parce
689 915 746 944 que
766 905 810 934 les
828 903 937 939 jeunes
957 898 1084 928 artistes
1106 894 1146 923 du
1171 890 1291 921 monde
1313 890 1414 919 entier
1435 896 1473 919 se
1494 888 1618 919 rendent
1636 890 1730 926 parfaite¬

436 967 512 998 ment
534 963 650 999 compte
673 959 710 988 de
734 954 940 992 l'importance
964 957 1027 985 que
1052 946 1151 985 prend
1180 952 1244 973 une
1270 942 1455 979 exposition
1483 941 1730 977 internationale,où

435 1019 477 1048 les
493 1022 606 1046 œuvres
621 1013 657 1042 de
673 1013 879 1047 provenances
895 1003 941 1033 les
958 1001 1028 1038 plus
1046 999 1192 1029 diverses
1210 997 1242 1025 et
1258 994 1299 1024 de
1314 993 1500 1024 tendances
1516 992 1561 1022 les
1578 992 1640 1029 plus
1655 994 1731 1025 variées

437 1068 559 1106 peuvent
579 1066 638 1094 être
659 1059 836 1097 comparées
859 1056 928 1087 côte
950 1054 968 1084 à
991 1053 1075 1086 côte,
1097 1048 1250 1079 véritable
1273 1046 1407 1082 compte
1429 1044 1527 1074 rendu
1551 1045 1684 1074 universel
1700 1045 1732 1076 des

438 1116 609 1156 principales
629 1111 866 1144 manifestations
887 1107 964 1136 d'art
985 1103 1148 1134 moderne.
1172 1100 1212 1130 En
1235 1100 1339 1133 outre,
1363 1097 1380 1126 il
1403 1097 1455 1126 est
1475 1096 1644 1133 également
1659 1098 1731 1127 certain

439 1178 494 1207 que
509 1169 552 1198 les
569 1166 725 1196 Brésiliens
742 1163 792 1193 ont
807 1161 854 1191 été
870 1159 887 1189 à
904 1159 1003 1188 même
1019 1153 1221 1191 d'apprécier
1237 1152 1266 1181 la
1284 1150 1393 1180 valeur
1409 1149 1470 1178 des
1488 1148 1669 1184 expositions
1681 1148 1733 1178 inter¬

440 1220 600 1251 nationales
613 1218 648 1247 de
661 1217 708 1246 cet
720 1213 813 1247 ordre,
828 1211 938 1248 depuis
952 1208 1025 1246 qu’a
1038 1206 1088 1237 été
1101 1205 1197 1235 créée
1211 1212 1250 1233 en
1266 1203 1334 1232 1951
1353 1201 1382 1230 la
1398 1200 1548 1230 Biennale
1557 1199 1594 1228 de
1603 1198 1733 1229 SâoPaulo,

470 1272 523 1301 Les
537 1270 685 1300 créateurs
701 1268 729 1296 et
743 1264 971 1301 organisateurs
987 1260 1026 1289 de
1043 1259 1070 1289 la
1088 1256 1241 1287 Biennale
1257 1254 1299 1284 de
1317 1254 1419 1288 Paris,
1437 1252 1516 1282 dont
1530 1251 1557 1281 le
1572 1250 1675 1280 succès
1688 1250 1735 1281 n’est

441 1323 505 1360 plus
520 1322 536 1352 à
551 1320 716 1351 démontrer
730 1316 837 1352 depuis
853 1315 880 1344 la
897 1312 1046 1351 première
1064 1307 1304 1339 manifestation
1323 1313 1363 1335 en
1383 1305 1466 1338 1959,
1486 1304 1627 1340 pourront
1640 1302 1735 1338 toujours

441 1375 570 1410 compter
586 1379 636 1401 sur
652 1371 679 1400 la
696 1368 954 1399 reconnaissance
973 1365 1003 1393 et
1021 1361 1230 1392 l'admiration
1252 1358 1293 1389 du
1316 1357 1437 1387 monde
1455 1355 1613 1390 artistique
1630 1353 1736 1383 brésilien,

473 1424 525 1453 Les
539 1424 665 1460 peintres
677 1422 705 1450 et
717 1427 856 1457 graveurs
870 1417 944 1447 dont
956 1415 1002 1446 les
1016 1422 1142 1444 œuvres
1157 1413 1213 1442 ont
1226 1410 1278 1441 été
1293 1411 1447 1440 retenues
1462 1415 1540 1444 pour
1551 1407 1627 1435 cette
1640 1404 1736 1434 Biennale

445 1476 480 1505 de
498 1475 576 1504 Paris
591 1473 754 1503 traduisent
770 1478 860 1500 assez
876 1469 1055 1499 fidèlement
1073 1465 1214 1495 certains
1233 1462 1391 1493 courants
1409 1459 1535 1490 actuels
1553 1458 1609 1487 des
1624 1458 1676 1487 arts
1691 1456 1737 1493 plas¬

443 1528 540 1563 tiques
555 1533 590 1555 au
609 1524 709 1554 Brésil.
