<?xml version="1.0" encoding="utf-8"?>
<alto xmlns="http://www.loc.gov/standards/alto/ns-v4#" xmlns:xsi="http://www.w3.org/2001/XMLSchema-instance" xsi:schemaLocation="http://www.loc.gov/standards/alto/ns-v4# https://gitlab.inria.fr/scripta/escriptorium/-/raw/develop/app/escriptorium/static/alto-4-1-baselines.xsd">
<Description>
<MeasurementUnit>pixel</MeasurementUnit><sourceImageInformation><fileName>Doederlin1865_Manuel_synonymie_2_0018.jpg</fileName></sourceImageInformation>
<OCRProcessing ID="IdOcr">
<ocrProcessingStep>
<processingDateTime>2020-11-01T18:08:41.461+01:00</processingDateTime>
<processingSoftware>
<softwareCreator>READ COOP</softwareCreator>
<softwareName>Transkribus</softwareName>
</processingSoftware>
</ocrProcessingStep>
</OCRProcessing>
</Description>
<Layout>
<Page HEIGHT="5010" ID="Page1" PHYSICAL_IMG_NR="1" WIDTH="2922">
<TopMargin HEIGHT="380" HPOS="0" VPOS="0" WIDTH="2922"/>
<LeftMargin HEIGHT="4544" HPOS="0" VPOS="380" WIDTH="180"/>
<RightMargin HEIGHT="4544" HPOS="2684" VPOS="380" WIDTH="238"/>
<BottomMargin HEIGHT="86" HPOS="0" VPOS="4924" WIDTH="2922"/>
<PrintSpace HEIGHT="4544" HPOS="180" VPOS="380" WIDTH="2504">
<TextBlock HEIGHT="72" HPOS="204" ID="r_1_1" VPOS="398" WIDTH="160">
<Shape>
<Polygon POINTS="204 398 364 398 364 470 204 470"/>
</Shape>
<TextLine BASELINE="205 469 363 469" HEIGHT="70" HPOS="205" ID="tl_1" VPOS="399" WIDTH="158">
<String CONTENT="284" HEIGHT="70" HPOS="205" ID="string_tl_1" VPOS="399" WIDTH="158"/>
</TextLine>
</TextBlock>
<TextBlock HEIGHT="62" HPOS="1274" ID="r_2_1" VPOS="408" WIDTH="308">
<Shape>
<Polygon POINTS="1274 408 1582 408 1582 470 1274 470"/>
</Shape>
<TextLine BASELINE="1275 469 1581 469" HEIGHT="60" HPOS="1275" ID="tl_2" VPOS="409" WIDTH="306">
<String CONTENT="MANUEL" HEIGHT="60" HPOS="1275" ID="string_tl_2" VPOS="409" WIDTH="306"/>
</TextLine>
</TextBlock>
<TextBlock HEIGHT="844" HPOS="196" ID="r_3_1" VPOS="556" WIDTH="2472">
<Shape>
<Polygon POINTS="196 556 2668 556 2668 1400 196 1400"/>
</Shape>
<TextLine BASELINE="197 663 2659 663" HEIGHT="106" HPOS="197" ID="tl_3" VPOS="557" WIDTH="2462">
<String CONTENT="plaga, d’un instrument quelconque, contusion ; ulcus," HEIGHT="106" HPOS="197" ID="string_tl_3" VPOS="557" WIDTH="2462"/>
</TextLine>
<TextLine BASELINE="203 781 2657 781" HEIGHT="102" HPOS="203" ID="tl_4" VPOS="679" WIDTH="2454">
<String CONTENT="plaie ouverte ou ulcère, abcès crevés, etc. ; et cicatrix," HEIGHT="102" HPOS="203" ID="string_tl_4" VPOS="679" WIDTH="2454"/>
</TextLine>
<TextLine BASELINE="203 905 2661 905" HEIGHT="104" HPOS="203" ID="tl_5" VPOS="801" WIDTH="2458">
<String CONTENT="cicatrice qui remplace la blessure après la guérison. Suet." HEIGHT="104" HPOS="203" ID="string_tl_5" VPOS="801" WIDTH="2458"/>
</TextLine>
<TextLine BASELINE="203 1029 2663 1029" HEIGHT="106" HPOS="203" ID="tl_6" VPOS="923" WIDTH="2460">
<String CONTENT="Vit. 40. Verbera et plagas, sæpe vulnera, nonnunquam" HEIGHT="106" HPOS="203" ID="string_tl_6" VPOS="923" WIDTH="2460"/>
</TextLine>
<TextLine BASELINE="201 1147 2667 1147" HEIGHT="102" HPOS="201" ID="tl_7" VPOS="1045" WIDTH="2466">
<String CONTENT="necem repræsentantes adversantibus. La moindre résis¬" HEIGHT="102" HPOS="201" ID="string_tl_7" VPOS="1045" WIDTH="2466"/>
</TextLine>
<TextLine BASELINE="199 1271 2667 1271" HEIGHT="100" HPOS="199" ID="tl_8" VPOS="1171" WIDTH="2468">
<String CONTENT="tance valait aux gens des coups et des contusions, souvent" HEIGHT="100" HPOS="199" ID="string_tl_8" VPOS="1171" WIDTH="2468"/>
</TextLine>
<TextLine BASELINE="201 1399 1693 1399" HEIGHT="106" HPOS="201" ID="tl_9" VPOS="1293" WIDTH="1492">
<String CONTENT="des blessures, quelquefois la mort." HEIGHT="106" HPOS="201" ID="string_tl_9" VPOS="1293" WIDTH="1492"/>
</TextLine>
</TextBlock>
<TextBlock HEIGHT="590" HPOS="200" ID="r_3_2" VPOS="1414" WIDTH="2462">
<Shape>
<Polygon POINTS="200 1414 2662 1414 2662 2004 200 2004"/>
</Shape>
<TextLine BASELINE="299 1519 2657 1519" HEIGHT="104" HPOS="299" ID="tl_10" VPOS="1415" WIDTH="2358">
<String CONTENT="2. Vulneratus, blessé en général; saucius, mis hors" HEIGHT="104" HPOS="299" ID="string_tl_10" VPOS="1415" WIDTH="2358"/>
</TextLine>
<TextLine BASELINE="201 1641 2661 1641" HEIGHT="102" HPOS="201" ID="tl_11" VPOS="1539" WIDTH="2460">
<String CONTENT="de combat par une blessure, c’est le terme propre pour" HEIGHT="102" HPOS="201" ID="string_tl_11" VPOS="1539" WIDTH="2460"/>
</TextLine>
<TextLine BASELINE="201 1761 2657 1761" HEIGHT="102" HPOS="201" ID="tl_12" VPOS="1659" WIDTH="2456">
<String CONTENT="les blessés à la bataille. Cic. Verr. I, 27. Servi nonnulli" HEIGHT="102" HPOS="201" ID="string_tl_12" VPOS="1659" WIDTH="2456"/>
</TextLine>
<TextLine BASELINE="201 1883 2657 1883" HEIGHT="100" HPOS="201" ID="tl_13" VPOS="1783" WIDTH="2456">
<String CONTENT="vulnerantur, ipse Rubrius sauciatur. Plusieurs esclaves" HEIGHT="100" HPOS="201" ID="string_tl_13" VPOS="1783" WIDTH="2456"/>
</TextLine>
<TextLine BASELINE="201 2003 2209 2003" HEIGHT="96" HPOS="201" ID="tl_14" VPOS="1907" WIDTH="2008">
<String CONTENT="sont blessés, Rubrius est mis hors de combat." HEIGHT="96" HPOS="201" ID="string_tl_14" VPOS="1907" WIDTH="2008"/>
</TextLine>
</TextBlock>
<TextBlock HEIGHT="92" HPOS="204" ID="r_3_3" VPOS="2096" WIDTH="688">
<Shape>
<Polygon POINTS="204 2096 892 2096 892 2188 204 2188"/>
</Shape>
<TextLine BASELINE="205 2187 891 2187" HEIGHT="90" HPOS="205" ID="tl_15" VPOS="2097" WIDTH="686">
<String CONTENT="Vultus, v. Facies." HEIGHT="90" HPOS="205" ID="string_tl_15" VPOS="2097" WIDTH="686"/>
</TextLine>
</TextBlock>
<TextBlock HEIGHT="124" HPOS="1136" ID="r_5_1" VPOS="4784" WIDTH="594">
<Shape>
<Polygon POINTS="1136 4784 1730 4784 1730 4908 1136 4908"/>
</Shape>
<TextLine BASELINE="1137 4907 1729 4907" HEIGHT="122" HPOS="1137" ID="tl_16" VPOS="4785" WIDTH="592">
<String CONTENT="Digitized by Google" HEIGHT="122" HPOS="1137" ID="string_tl_16" VPOS="4785" WIDTH="592"/>
</TextLine>
</TextBlock>
<GraphicalElement HEIGHT="12" HPOS="1080" ID="r_6" VPOS="2976" WIDTH="668"/>
</PrintSpace>
</Page>
</Layout>
</alto>