3013 5010
1369 363 300 60 MANUEL

297 361 150 68 116

285 513 2454 110 le symbole de l’obscurité qui abrite et protège. Cic. Pis. 37.

281 637 2470 106 Ætolia procul a barbaris disjuncta gentibus in sinu pacis

281 761 2464 106 posita medio fere Græciæ gremio continetur. Séparée des

279 881 2468 104 races barbares par son éloignement, située au sein de la

279 995 2360 118 paix, l’Étolie ne s’étend pas hors du giron de la Grèce.

275 1195 2256 90 Gressus, v. Gradus. Grex, v. Caterva et Pecus.

279 1307 1804 92 Grumus, v. Collis. Gula, v. Faux.

277 1419 1962 94 Gorges, v. Vorago. Gurgulio, v. Faux.

277 1529 1040 92 Gustus, Gustare, v. Sapor.

379 1707 2360 102 Gutta. Stilla. Stiria. Gutta, goutte naturelle ; stilla,

279 1829 2464 102 goutte mesurée artificiellement. C’est d’ailleurs l’idée de

275 1953 2472 102 petitesse qui domine dans gutta, d’où guttatim, goutte à

273 2075 2468 102 goutte ; dans stilla, c’est l’idée d’humidité, d’où stillatim,

277 2199 2456 102 en dégouttant. Stilla, goutte liquide; stiria, goutte gelée.

275 2387 1828 90 Guttur, v. Faux. Gyrus, v. Orbis.

371 3403 2358 102 Hærere. Pendere. Hærere, rester empêché sans qu’on

273 3527 2460 104 puisse se détacher ou avancer; pendere, être suspendu et

269 3651 2466 100 ne pouvoir tomber à terre. Cic. Acadd. II, 39. Ut videa¬

273 3773 2452 98 mus terra penitusne defixa sit et radicibus suis hæreat,

269 3895 2462 102 an media pendeat. Pour voir si la terre est fixée par sa

267 4017 2464 102 base et retenue par ses racines ou suspendue dans l’es¬

269 4161 218 78 pace.

271 4323 1954 90 Hæsitare, v. Cunctari. Harena, v. Sabulo.

273 4431 656 82 Hamus, v. Uncus,

1451 2727 96 112 H

269 3009 754 88 Habena, v. Frenum.

273 3121 799 84 Habitare, v. Incolere.

271 3229 770 90 Hactenus, v. Adhuc.

1493 3009 706 88 Habere, v. Tenere.

1501 3119 711 86 Habitus, v. Vestis.

1487 3229 652 92 Hædus, v. Caper.

1885 4835 232 47 Digitized by

2133 4787 346 122 Google
