<?xml version="1.0" encoding="utf-8"?>
<alto xmlns="http://www.loc.gov/standards/alto/ns-v4#" xmlns:xsi="http://www.w3.org/2001/XMLSchema-instance" xsi:schemaLocation="http://www.loc.gov/standards/alto/ns-v4# https://gitlab.inria.fr/scripta/escriptorium/-/raw/develop/app/escriptorium/static/alto-4-1-baselines.xsd">
<Description>
<MeasurementUnit>pixel</MeasurementUnit><sourceImageInformation><fileName>Doederlin1865_Manuel_synonymie_2_0005.jpg</fileName></sourceImageInformation>
<OCRProcessing ID="IdOcr">
<ocrProcessingStep>
<processingDateTime>2020-11-01T18:08:35.409+01:00</processingDateTime>
<processingSoftware>
<softwareCreator>READ COOP</softwareCreator>
<softwareName>Transkribus</softwareName>
</processingSoftware>
</ocrProcessingStep>
</OCRProcessing>
</Description>
<Layout>
<Page HEIGHT="5045" ID="Page1" PHYSICAL_IMG_NR="1" WIDTH="3013">
<TopMargin HEIGHT="376" HPOS="0" VPOS="0" WIDTH="3013"/>
<LeftMargin HEIGHT="4580" HPOS="0" VPOS="376" WIDTH="276"/>
<RightMargin HEIGHT="4580" HPOS="2808" VPOS="376" WIDTH="205"/>
<BottomMargin HEIGHT="89" HPOS="0" VPOS="4956" WIDTH="3013"/>
<PrintSpace HEIGHT="4580" HPOS="276" VPOS="376" WIDTH="2532">
<TextBlock HEIGHT="60" HPOS="1056" ID="r_1_1" VPOS="400" WIDTH="922">
<Shape>
<Polygon POINTS="1056 400 1978 400 1978 460 1056 460"/>
</Shape>
<TextLine BASELINE="1057 459 1977 459" HEIGHT="58" HPOS="1057" ID="tl_1" VPOS="401" WIDTH="920">
<String CONTENT="DE SYNONYMIE LATINE." HEIGHT="58" HPOS="1057" ID="string_tl_1" VPOS="401" WIDTH="920"/>
</TextLine>
</TextBlock>
<TextBlock HEIGHT="70" HPOS="2584" ID="r_2_1" VPOS="392" WIDTH="146">
<Shape>
<Polygon POINTS="2584 392 2730 392 2730 462 2584 462"/>
</Shape>
<TextLine BASELINE="2585 461 2729 461" HEIGHT="68" HPOS="2585" ID="tl_2" VPOS="393" WIDTH="144">
<String CONTENT="121" HEIGHT="68" HPOS="2585" ID="string_tl_2" VPOS="393" WIDTH="144"/>
</TextLine>
</TextBlock>
<TextBlock HEIGHT="840" HPOS="290" ID="r_3_1" VPOS="550" WIDTH="2464">
<Shape>
<Polygon POINTS="290 550 2754 550 2754 1390 290 1390"/>
</Shape>
<TextLine BASELINE="291 651 2743 651" HEIGHT="100" HPOS="291" ID="tl_3" VPOS="551" WIDTH="2452">
<String CONTENT="m’arrivait un de ces accidents auxquels la pauvre huma¬" HEIGHT="100" HPOS="291" ID="string_tl_3" VPOS="551" WIDTH="2452"/>
</TextLine>
<TextLine BASELINE="295 777 2749 777" HEIGHT="104" HPOS="295" ID="tl_4" VPOS="673" WIDTH="2454">
<String CONTENT="nité est sujette. Comparez avec Tusc. II, 27, 65. Græci" HEIGHT="104" HPOS="295" ID="string_tl_4" VPOS="673" WIDTH="2454"/>
</TextLine>
<TextLine BASELINE="297 879 2751 879" HEIGHT="84" HPOS="297" ID="tl_5" VPOS="795" WIDTH="2454">
<String CONTENT="morbos tolerantes et humane ferunt. Contre des maladies" HEIGHT="84" HPOS="297" ID="string_tl_5" VPOS="795" WIDTH="2454"/>
</TextLine>
<TextLine BASELINE="295 1017 2747 1017" HEIGHT="100" HPOS="295" ID="tl_6" VPOS="917" WIDTH="2452">
<String CONTENT="à supporter les Grecs sont forts, ils sont hommes, et Qu." HEIGHT="100" HPOS="295" ID="string_tl_6" VPOS="917" WIDTH="2452"/>
</TextLine>
<TextLine BASELINE="293 1141 2753 1141" HEIGHT="100" HPOS="293" ID="tl_7" VPOS="1041" WIDTH="2460">
<String CONTENT="Fr. II, 1. Fecit humaniter Licinius, quod ad me misso se¬" HEIGHT="100" HPOS="293" ID="string_tl_7" VPOS="1041" WIDTH="2460"/>
</TextLine>
<TextLine BASELINE="295 1265 2749 1265" HEIGHT="106" HPOS="295" ID="tl_8" VPOS="1159" WIDTH="2454">
<String CONTENT="natu vesperi venit. C’est un aimable homme que Licinius ;" HEIGHT="106" HPOS="295" ID="string_tl_8" VPOS="1159" WIDTH="2454"/>
</TextLine>
<TextLine BASELINE="297 1389 2595 1389" HEIGHT="106" HPOS="297" ID="tl_9" VPOS="1283" WIDTH="2298">
<String CONTENT="il est venu chez moi le soir après la clôture du sénat." HEIGHT="106" HPOS="297" ID="string_tl_9" VPOS="1283" WIDTH="2298"/>
</TextLine>
</TextBlock>
<TextBlock HEIGHT="96" HPOS="298" ID="r_3_2" VPOS="1450" WIDTH="1994">
<Shape>
<Polygon POINTS="298 1450 2292 1450 2292 1546 298 1546"/>
</Shape>
<TextLine BASELINE="299 1545 2291 1545" HEIGHT="94" HPOS="299" ID="tl_10" VPOS="1451" WIDTH="1992">
<String CONTENT="Humare, V. Sepelire. Humerus, V. Armus." HEIGHT="94" HPOS="299" ID="string_tl_10" VPOS="1451" WIDTH="1992"/>
</TextLine>
</TextBlock>
<TextBlock HEIGHT="92" HPOS="304" ID="r_3_3" VPOS="1562" WIDTH="1888">
<Shape>
<Polygon POINTS="304 1562 2192 1562 2192 1654 304 1654"/>
</Shape>
<TextLine BASELINE="305 1653 2191 1653" HEIGHT="90" HPOS="305" ID="tl_11" VPOS="1563" WIDTH="1886">
<String CONTENT="Humidus, v. Udus. Humus, v. Tellus." HEIGHT="90" HPOS="305" ID="string_tl_11" VPOS="1563" WIDTH="1886"/>
</TextLine>
</TextBlock>
<TextBlock HEIGHT="116" HPOS="1360" ID="r_3_4" VPOS="1902" WIDTH="362">
<Shape>
<Polygon POINTS="1360 1902 1722 1902 1722 2018 1360 2018"/>
</Shape>
<TextLine BASELINE="1361 2017 1721 2017" HEIGHT="114" HPOS="1361" ID="tl_12" VPOS="1903" WIDTH="360">
<String CONTENT="I — J" HEIGHT="114" HPOS="1361" ID="string_tl_12" VPOS="1903" WIDTH="360"/>
</TextLine>
</TextBlock>
<TextBlock HEIGHT="94" HPOS="300" ID="r_3_5" VPOS="2162" WIDTH="714">
<Shape>
<Polygon POINTS="300 2162 1014 2162 1014 2256 300 2256"/>
</Shape>
<TextLine BASELINE="301 2255 1013 2255" HEIGHT="92" HPOS="301" ID="tl_13" VPOS="2163" WIDTH="712">
<String CONTENT="Jacere, v. Cubare." HEIGHT="92" HPOS="301" ID="string_tl_13" VPOS="2163" WIDTH="712"/>
</TextLine>
</TextBlock>
<TextBlock HEIGHT="1700" HPOS="306" ID="r_3_6" VPOS="2322" WIDTH="2480">
<Shape>
<Polygon POINTS="306 2322 2786 2322 2786 4022 306 4022"/>
</Shape>
<TextLine BASELINE="407 2403 2775 2403" HEIGHT="80" HPOS="407" ID="tl_14" VPOS="2323" WIDTH="2368">
<String CONTENT="Jactatio. Gloriatio. Ostentatio. Venditatio. Jactatio" HEIGHT="80" HPOS="407" ID="string_tl_14" VPOS="2323" WIDTH="2368"/>
</TextLine>
<TextLine BASELINE="315 2549 2779 2549" HEIGHT="106" HPOS="315" ID="tl_15" VPOS="2443" WIDTH="2464">
<String CONTENT="et gloriatio, défauts qui ont leur origine dans la vanité et" HEIGHT="106" HPOS="315" ID="string_tl_15" VPOS="2443" WIDTH="2464"/>
</TextLine>
<TextLine BASELINE="307 2671 2777 2671" HEIGHT="102" HPOS="307" ID="tl_16" VPOS="2569" WIDTH="2470">
<String CONTENT="la suffisance : jactatio, défaut du fat qui se donne de grands" HEIGHT="102" HPOS="307" ID="string_tl_16" VPOS="2569" WIDTH="2470"/>
</TextLine>
<TextLine BASELINE="313 2797 2771 2797" HEIGHT="106" HPOS="313" ID="tl_17" VPOS="2691" WIDTH="2458">
<String CONTENT="airs, qui fait étalage de ses avantages et de ses mérites," HEIGHT="106" HPOS="313" ID="string_tl_17" VPOS="2691" WIDTH="2458"/>
</TextLine>
<TextLine BASELINE="315 2921 2779 2921" HEIGHT="106" HPOS="315" ID="tl_18" VPOS="2815" WIDTH="2464">
<String CONTENT="qui les fait ressortir par ses paroles et ses gestes, avec une" HEIGHT="106" HPOS="315" ID="string_tl_18" VPOS="2815" WIDTH="2464"/>
</TextLine>
<TextLine BASELINE="307 3041 2777 3041" HEIGHT="102" HPOS="307" ID="tl_19" VPOS="2939" WIDTH="2470">
<String CONTENT="idée accessoire d’étourderie; gloriatio, défaut du fanfaron" HEIGHT="102" HPOS="307" ID="string_tl_19" VPOS="2939" WIDTH="2470"/>
</TextLine>
<TextLine BASELINE="313 3161 2777 3161" HEIGHT="100" HPOS="313" ID="tl_20" VPOS="3061" WIDTH="2464">
<String CONTENT="qui publie hautement ses avantages ou ses mérites, avec" HEIGHT="100" HPOS="313" ID="string_tl_20" VPOS="3061" WIDTH="2464"/>
</TextLine>
<TextLine BASELINE="317 3289 2781 3289" HEIGHT="106" HPOS="317" ID="tl_21" VPOS="3183" WIDTH="2464">
<String CONTENT="une idée accessoire d’impertinence. L'ostentatio et la ven¬" HEIGHT="106" HPOS="317" ID="string_tl_21" VPOS="3183" WIDTH="2464"/>
</TextLine>
<TextLine BASELINE="313 3409 2783 3409" HEIGHT="104" HPOS="313" ID="tl_22" VPOS="3305" WIDTH="2470">
<String CONTENT="ditatio ont leur origine dans un calcul habile de l’effet" HEIGHT="104" HPOS="313" ID="string_tl_22" VPOS="3305" WIDTH="2470"/>
</TextLine>
<TextLine BASELINE="317 3531 2779 3531" HEIGHT="102" HPOS="317" ID="tl_23" VPOS="3429" WIDTH="2462">
<String CONTENT="qu’on peut tirer d’une fausseté : l’ostentation, ostentatio," HEIGHT="102" HPOS="317" ID="string_tl_23" VPOS="3429" WIDTH="2462"/>
</TextLine>
<TextLine BASELINE="321 3657 2779 3657" HEIGHT="108" HPOS="321" ID="tl_24" VPOS="3549" WIDTH="2458">
<String CONTENT="cherche à déguiser sous des apparences brillantes une" HEIGHT="108" HPOS="321" ID="string_tl_24" VPOS="3549" WIDTH="2458"/>
</TextLine>
<TextLine BASELINE="319 3779 2785 3779" HEIGHT="104" HPOS="319" ID="tl_25" VPOS="3675" WIDTH="2466">
<String CONTENT="pauvreté réelle; la représentation, venditatio, veut pa¬" HEIGHT="104" HPOS="319" ID="string_tl_25" VPOS="3675" WIDTH="2466"/>
</TextLine>
<TextLine BASELINE="317 3879 2781 3879" HEIGHT="80" HPOS="317" ID="tl_26" VPOS="3799" WIDTH="2464">
<String CONTENT="raître en faisant valoir outre mesure certains avan¬" HEIGHT="80" HPOS="317" ID="string_tl_26" VPOS="3799" WIDTH="2464"/>
</TextLine>
<TextLine BASELINE="321 4021 569 4021" HEIGHT="84" HPOS="321" ID="tl_27" VPOS="3937" WIDTH="248">
<String CONTENT="tages." HEIGHT="84" HPOS="321" ID="string_tl_27" VPOS="3937" WIDTH="248"/>
</TextLine>
</TextBlock>
<TextBlock HEIGHT="190" HPOS="312" ID="r_3_7" VPOS="4086" WIDTH="2006">
<Shape>
<Polygon POINTS="312 4086 2318 4086 2318 4276 312 4276"/>
</Shape>
<TextLine BASELINE="313 4181 2317 4181" HEIGHT="94" HPOS="313" ID="tl_28" VPOS="4087" WIDTH="2004">
<String CONTENT="Jactura, v. Mittere et Dam¬ Jaculum, v. Missile," HEIGHT="94" HPOS="313" ID="string_tl_28" VPOS="4087" WIDTH="2004"/>
</TextLine>
<TextLine BASELINE="425 4275 619 4275" HEIGHT="48" HPOS="425" ID="tl_29" VPOS="4227" WIDTH="194">
<String CONTENT="num." HEIGHT="48" HPOS="425" ID="string_tl_29" VPOS="4227" WIDTH="194"/>
</TextLine>
</TextBlock>
<TextBlock HEIGHT="92" HPOS="320" ID="r_3_8" VPOS="4310" WIDTH="2000">
<Shape>
<Polygon POINTS="320 4310 2320 4310 2320 4402 320 4402"/>
</Shape>
<TextLine BASELINE="321 4401 2319 4401" HEIGHT="90" HPOS="321" ID="tl_30" VPOS="4311" WIDTH="1998">
<String CONTENT="Janua, v. Ostium. Icere, v. Verberare." HEIGHT="90" HPOS="321" ID="string_tl_30" VPOS="4311" WIDTH="1998"/>
</TextLine>
</TextBlock>
<TextBlock HEIGHT="104" HPOS="440" ID="r_3_9" VPOS="4468" WIDTH="2352">
<Shape>
<Polygon POINTS="440 4468 2792 4468 2792 4572 440 4572"/>
</Shape>
<TextLine BASELINE="441 4571 2791 4571" HEIGHT="102" HPOS="441" ID="tl_31" VPOS="4469" WIDTH="2350">
<String CONTENT="Idoneus. Aptus. Idoneus, qui a ce qu’il faut pour être" HEIGHT="102" HPOS="441" ID="string_tl_31" VPOS="4469" WIDTH="2350"/>
</TextLine>
</TextBlock>
<TextBlock HEIGHT="54" HPOS="2452" ID="r_3_10" VPOS="4610" WIDTH="38">
<Shape>
<Polygon POINTS="2452 4610 2490 4610 2490 4664 2452 4664"/>
</Shape>
<TextLine BASELINE="2453 4663 2489 4663" HEIGHT="52" HPOS="2453" ID="tl_32" VPOS="4611" WIDTH="36">
<String CONTENT="6" HEIGHT="52" HPOS="2453" ID="string_tl_32" VPOS="4611" WIDTH="36"/>
</TextLine>
</TextBlock>
<TextBlock HEIGHT="122" HPOS="1884" ID="r_4_1" VPOS="4820" WIDTH="598">
<Shape>
<Polygon POINTS="1884 4820 2482 4820 2482 4942 1884 4942"/>
</Shape>
<TextLine BASELINE="1885 4941 2481 4941" HEIGHT="120" HPOS="1885" ID="tl_33" VPOS="4821" WIDTH="596">
<String CONTENT="Digitized by Google" HEIGHT="120" HPOS="1885" ID="string_tl_33" VPOS="4821" WIDTH="596"/>
</TextLine>
</TextBlock>
</PrintSpace>
</Page>
</Layout>
</alto>