3013 5003
1073 441 934 64 DE SYNONYMIE LATINE.

2609 427 160 70 175

325 589 2434 110 rompus; les truncata, à de grosses branches abattues.

323 783 2162 94 Mutuo, v. Vicissim. Mutüum, v. Commodare.

323 899 802 90 Mysteria, v. Arcana.

1503 1153 102 112 N

323 1457 1870 94 Nancisci, v. Invenire. Nares, v. Nasus.

421 1613 2348 102 Nasus. Nares. Nasus, le nez, partie saillante du visage,

323 1733 2448 108 ῥίν; nares, les fosses nasales ou narines,, organe actif du

323 1861 1098 106 sens de l’odorat, μυχτῆρες.

321 2027 586 86 Natio, v. Gens.

423 2179 2344 100 Navigium. Navis. Celox. Lembus. Liburna. Scapha,

319 2301 2452 106 Cymba. Linter. Navigium est le terme général, comme

317 2423 2456 102 bâtiment; navis, véritable vaisseau destiné à de longues

319 2547 2460 102 traversées; celox, lembus et liburna, bateaux qu’on peut

319 2669 2458 104 équiper et armer en guerre; scapha, cymba et linter, ca¬

317 2793 2458 82 nots ou nacelles destinés à de courtes excursions et à un

319 2913 2444 106 simple trajet d’un bord à l’autre : scapha et cymba, larges,

319 3037 2452 102 en forme de chaloupe ; linter, long et effilé, en forme de

315 3155 354 104 pirogue.

421 3283 2350 90 Necessarius. Propinquus. Cognatus. Consanguineus. Af¬

315 3403 2452 104 finis. 1. Necessarius, toute personne à laquelle on est lié

315 3525 2454 106 par un rapport durable, par des relations d’affaires en

313 3647 2456 106 qualité de collega, de patronus, de cliens, ou par des rela¬

315 3771 2452 104 tions privées en qualité de familiaris, d’amicus, comme

313 3895 2456 106 προσήκοντες ; propinquus, toute personne à laquelle on tient

311 4019 2456 102 par des rapports de famille, parent quelconque, comme

315 4139 2442 104 ἀγχιστεῖς et ἔται : c’est le terme générique qui comprend,

313 4261 2450 108 outre le cognatus et le consanguineus ou parents par le

313 4383 2446 108 sang, l'affinis ou parent par mariage ou alliance, comme

317 4505 358 94 κηδεστής.

1887 4783 592 96 Digilized by Google
