2900 4920
983 292 924 63 DE SYNONYMIE LATINE.

2507 286 146 71 263

226 440 2448 107 che le profit. Flor. II, 6. Hannibal quum victoria posset

224 562 2450 107 uti, frui maluit. Annibal pouvait user de sa victoire, il

226 684 2446 107 aima mieux en jouir. Cic. Rosc. Am. 45, 131. Commoda,

228 808 2446 109 quibus utimur, lucem, qua fruimur, spiritumque, quem

222 932 2453 105 ducimus, a Deo nobis dari. Les avantages dont nous pro¬

223 1054 2452 105 fitons tous les jours, la lumière dont nous jouissons, l’air

219 1174 2450 107 que nous respirons sont des dons de Dieu. Cic. Cat. ΙII,

217 1300 2454 105 2, 5. Quorum opera... assidue utor. Je profite constam¬

221 1420 2444 105 ment de leur activité. Comparez avec Finn. II, 35, 418.

217 1546 2457 105 In ea, quam sæpe usurpabas, tranquillitate degere omnem

214 1666 2460 105 vitam. Laisser couler sa vie entière dans la tranquillité

216 1792 2452 105 que tu as su trouver en mainte occasion. Cic. Orat. 51,

212 1910 2464 109 169. Post inventa conclusio est, qua credo usuros veteres

206 2034 2464 111 illos fuisse, si jam nota et usurpata res esset. La période

206 2158 2467 109 oratoire fut inventée plus tard ; je crois que les anciens

199 2280 2466 107 en auraient fait usage s’ils l’avaient connue et vu em¬

203 2410 318 103 ployer.

197 2599 1912 96 Utique, v. Plane. Uvidus, v. Udus.

195 2713 707 90 Uxoa, v. Fœmina.

1396 3046 102 115 V

287 3374 2382 90 Vacare. Otiari. Feriari. Cessare. Nihil agere. Va¬

195 3496 2474 111 care, avoir son temps libre, par opposition à l'occupatio,

195 3620 2480 111 qui oblige au travail; otiari, n’avoir point d’affaires, par

193 3744 2482 111 opposition aux negotia, qui font du travail un devoir; fe¬

197 3868 2479 109 riari, jouir du repos des jours de fête, par opposition à la

192 3988 2480 111 besogne journalière ; cessare, cesser son travail et se re¬

194 4112 2470 109 poser, par opposition à la peine qu’on vient de prendre;

192 4230 2472 115 nihil agere, ne rien faire, par opposition à l’activité en

198 4364 350 95 général.
