2947 4922
1043 394 938 68 DE SYNONYMIE LATINE.

2643 404 87 67 91

279 535 851 100 Extorris, v. Perfuga.

276 645 1361 102 Extraneus, Extrarius, v. Exterus.

383 808 2369 105 Extremus. Ultimus. Postremus. Novissimus. Extremus

276 925 2473 130 et ultimus, le dernier, quand il s'agit d’une quantité indi¬

271 1045 2477 134 vise, d’un espace continu : extremus se dit de la partie

278 1177 2470 124 extrême d’un espace ou d’une surface, par opposition à

278 1295 2471 130 intimus et medius, comme ἔσχατος; ultimus, du point

279 1421 2461 126 extrême d’une ligne, par opposition à citimus et proximus,

280 1539 2465 128 comme λοῖσθος. Postremus et novissimus, le dernier quand

279 1661 2467 128 il s’agit d’une quantité qui offre des subdivisions, d’une

278 1781 2467 130 série numérique : postremus, ὕστατος, celui qui vient après

277 1903 2467 132 les autres dans une série toute faite où il occupe la der¬

274 2027 2461 128 nière place, par opposition à ceux qui tiennent la tête;

273 2151 2467 116 novissimus, le dernier dans une série en formation où il

274 2273 2465 130 vient s’ajouter à tous les autres, le tout dernier, par oppo¬

275 2397 2064 121 sition au néant qui vient ensuite, comme νέατος.

275 2563 737 97 Exuviæ, y. Praeda.

1482 2860 87 113 F

378 3156 2355 117 Faber. Opifex. Artifex. Fabri, ouvriers dont le travail

269 3281 2471 124 consiste en une dépense de forces physiques, charpen¬

266 3399 2472 130 tiers et forgerons, χειρώναχτες; orifices, artisans qui ne sau¬

266 3523 2463 126 raient se passer d’adresse mécanique et d’application,

267 3645 2467 134 βάναυσοι ; artifices, artistes qui fout preuve d’esprit et d’in¬

266 3769 1933 124 vention même dans des travaux mécaniques.

269 3935 1205 103 Fabulari, v. Dicere et Garrire.

268 4047 2015 114 Facere, v. Agere. Facetiæ, v. Lepidus.

372 4202 2359 123 Facies. Os. Vultus. Oculi. Facies et oculi, le visage et

269 4323 2465 132 les yeux, au sens physique, comme traits naturels et

270 4447 2463 126 comme organe de la vue; os et vultus expriment en outre

1136 4693 597 127 Digitized by Google
