2960 4928
1023 441 936 62 DE SYNONYMIE LATINE.

2631 433 94 66 83

347 593 2384 82 Duplex. Duplum. Geminus. Dupliciter. Bifariam. 1. Du¬

221 713 2502 104 plex, double en parlant de quantités déterminées qu’il

229 835 2498 106 suffît de compter; duplum, en parlant de quantités indé¬

227 957 2498 104 terminées qu’il faut peser ou mesurer, Duplex s’emploie

235 1079 2484 104 adjectivement, duplum substantivement. Quintil. VIII,

237 1199 2478 104 6, 42. In quo et numerus est duplex, nec duplum virium.

243 1321 2482 104 Armée deux fois plus nombreuse, mais sans offrir le

237 1445 762 80 double de forces.

349 1549 2372 122 2. Étant donnés des objets semblables et pareils au

241 1689 2480 102 nombre de deux, c’est l’idée du nombre deux qui domine

241 1813 2480 102 dans duplex comme dans διπλοῦς; c’est l’idée de ressem¬

241 1935 2480 106 blance et de parité qui domine dans geminus comme dans

241 2061 2480 102 δίδυμος. Dans ce passage de Cic. Part. 6. Verba geminata

239 2177 2480 108 et duplicata, vel etiam saepius iterata, geminata se rap¬

241 2303 2476 104 porte à la répétition d’une idée par le moyen de termes

243 2427 2316 104 synonymes, duplicata à la répétition d’un même mot.

349 2549 2368 104 3. Dupliciter est toujours adverbe de manière : de deux

239 2673 2472 106 manières, à un double point de vue; bifariam est adverbe

241 2795 2462 104 de lieu : en deux endroits ou en deux parties. Cic. Fam. IX,

237 2919 2472 102 20. Dupliciter delectatus sum litteris tuis. Ta lettre me

239 3043 2460 100 charme de deux manières. Comparez avec Tusc. III, 11.

235 3163 2470 104 Bifariam quatuor perturbationes aequaliter distributae

241 3285 2466 114 sunt. Les quatre passions fondamentales ont été égale¬

241 3409 1488 104 ment réparties en deux catégories.

1437 3737 84 110 E

347 4015 2354 82 Ebrius. Vinolentus. Temulentus. Crapula. Ebriosus.

245 4137 2468 102 1. Ebrietas présente par leur beau côté les suites d’un

241 4259 2462 104 excès de vin, c’est l’exaltation, l’animation, qui touchent

239 4383 2460 106 à l’inspiration, μέθη; vinolentia et le terme archaïque de

237 4501 2460 108 temulentia les font envisager par leur vilain côté, celui

1137 4705 592 122 Digitlzed by Google
