3013 5003
198 398 150 73 188

1266 400 302 60 MANUEL

193 542 2462 120 en évidence en ce sens qu’on tire quelque chose au clair

194 672 1884 116 et qu’on dissipe des doutes, comme δηλῶσαι.

193 856 2123 108 Ostenta, v. Auguria. Ostentatio, v. Jactatio.

294 1028 2363 117 Ostium. Janua. Fores. Valvæ. Ostium et janua, porte,

199 1149 2471 125 ouverture qui sert à entrer et à sortir : ostium, terme gé¬

200 1275 2475 120 néral pour toute espèce de porte, θύρα; janua, terme spé¬

203 1395 2467 122 cial, porte de maison. Forjes et valvæ, battants destinés à

206 1521 2465 120 fermer l’ouverture : fores, à des portes ordinaires, comme

207 1639 2467 130 θυρίδες; valvæ, à des édifices et à des temples qui ont des

210 1763 2464 122 portes doubles, à deux battants. Tac. Ann. XIV, 8. Ani-

209 1885 2462 120 cetus refracta janua obvios servorum adripit ; donec ad

207 2007 2467 124 fores cubiculi veniret. Anicétus enfonce la porte de la mai¬

212 2132 2459 119 son et se fait suivre par les esclaves qu’il rencontre jus¬

215 2261 1771 116 qu’à la porte de la chambre d’Agrippine.

213 2461 670 90 Otiari, v. Vacare.

314 2617 2361 122 Otium. Pax. Concordia. Otium, la tranquillité en géné¬

217 2741 2461 126 ral, tandis que pax se rapporte aux relations extérieures

220 2872 1586 95 et concordia à la situation intérieure.

1410 3220 87 115 P

220 3526 693 95 Pædor, v. Lutum.

320 3681 2362 122 Pæne. Prope. Fere. Ferme. Pæne et prope servent à

223 3805 2460 122 adoucir une expression trop forte et à faire passer une

228 3929 2454 126 hyperbole : pæne, qui est opposé à plane, se traduit par

232 4049 2449 128 presque ; prope, par peu s’en faut que. Fere et ferme ne

235 4171 2445 124 servent qu’à se précautionner contre la lettre de l’asser¬

240 4303 1427 114 tion, comme à peu près, environ.

239 4461 1935 106 Pætus, v. Strabo. Palam, v. Aperire.

1886 4781 595 126 Digitized by Google
