2947 4922
229 359 152 66 142

1291 373 298 58 MANUEL

1389 717 84 112 L

315 1009 2366 80 Labare. Titubare. Vacillare. Nutare. Labare carac¬

221 1125 2458 108 térise le chancellement par rapport au corps entier qui

217 1253 2460 102 ne pose point sur une base solide ; titubare, par rapport

217 1373 2456 104 aux jambes qui refusent le service et se dérobent ; vacil¬

221 1497 2460 106 lare, par rapport au haut du corps qui n’a point une atti¬

217 1619 2458 102 tude droite, tranquille, sûre; enfin, nutare, par rapport à

221 1743 2456 100 la tête qui ne se soutient plus. Le titubans menace de s'af¬

219 1865 2452 102 faisser sur lui-même ; le vacillans, de tomber à la ren¬

219 1989 2446 100 verse. La titubatio est l’indice de la faiblesse corporelle ;

221 2111 2450 106 la vacillatio, d’un manque de dignité extérieure, de calme

221 2235 604 80 et de décence.

219 2421 684 90 Labes, v. Vitium.

315 2603 2350 100 Labi. Cadere. Labi, tomber, par rapport au point de

217 2725 2442 102 départ et à l’espace que le corps traverse dans sa chute,

211 2849 2456 98 tendre vers la terre, ὀλισθεῖν ; cadere, tomber, par rapport

213 2971 2456 102 au point que le corps atteint au bout de sa chute, arriver

213 3091 2454 100 à terre, πεσεῖν. Virg. Æn. VI, 310. Lapsa cadunt folia. Les

213 3215 2444 100 feuilles se détachent, glissent et tombent. Cic. Brut. 49.

213 3335 2446 102 Quibus vitiis labatur aut cadat orator. Les défauts qui

213 3461 1368 100 égarent ou renversent l’orateur.

309 3581 2356 102 Labor. Molestia. Ærumna. 1. Labor, le travail qui met

213 3705 2448 102 les forces enjeu et fatigue, πόνος; molestia, la peine qui

213 3829 2448 98 fait naître la mauvaise humeur parce qu’elle est trop grande

213 3951 2450 102 ou qu’elle vient mal à propos, χαλεπότης ; ærumma, l’acca¬

209 4073 2450 102 blement qui surpasse presque les forces humaines et ter¬

209 4197 2448 102 rasse le héros même, ταλαιπωρία; c’est un terme archaïque

213 4317 2446 102 et à demi poétique. Cic. Finn. V, 32. Ut ubi virtus sit

213 4441 2438 102 resque magnæ et summe laudabiles virtute resgestæ, ibi

1137 4697 592 122 Digitized by Google
