2981 5035
247 443 100 68 66

1315 441 306 64 MANUEL

343 599 2360 100 Custodia. Carcer. Ergastulum. Custodia, lieu quel

243 721 2454 104 qu’il soit où sont retenus des prisonniers, fourrière; car¬

239 845 2462 102 cer, prison bâtie exprès surtout pour les citoyens; erga¬

237 971 2064 100 stulum, maison de correction pour des esclaves.

237 1137 2068 90 Cutis, v. Tergus. Cyathus, v. Poculum.

235 1247 792 90 Cymba, v. Navigium.

1419 1551 104 116 D

333 1827 2366 112 Damnum. Detrimentum. Jactura. Damnum, perte qu’on

237 1957 2466 108 fait par sa faute par opposition à lucrum; detrimentum ,

237 2081 2448 104 perte qu’on éprouve par opposition à emolumentum; enfin

231 2201 2468 106 jactura, perte volontaire par laquelle on prétend échap¬

241 2325 2460 102 per à une perte ou à un mal plus considérable. Damnum

237 2447 2464 100 se dit seul d’une amende, tandis que dans la formule : Vi¬

239 2569 2458 102 deant consules ne quid respublica detrimenti capiat, on

243 2691 1252 100 ne rencontre jamais damnum.

239 2859 672 88 Dapes, v. Epulæ.

237 2967 1034 88 Deambulare, v. Ambulare.

235 3081 948 86 Decernere, v. Destinare.

235 3187 744 92 Desidia, v. Ignavia.

237 3299 818 90 Decorare, v. Comere.

237 3411 794 88 Dedicare, v. Sacrare.

235 3523 690 88 Deesse, v. Abesse.

237 3633 1134 92 Deficere, v. Abesse et Turbæ.

241 3749 878 90 Deflere, v. Lacrimare.

245 3857 666 90 Degere, v. Agere.

241 3967 960 92 Delectatio, v. Oblectatio.

1465 2857 814 90 Deamare, v. Diligere.

1465 2967 864 88 Debere, v. Necesse est.

1455 3077 957 88 Declarare, v. Ostendere.

1459 3191 794 84 Decipere, v. Fallere.

1459 3301 888 90 Dedecus, v. Ignominia.

1463 3413 800 90 Defendere, v. Tueri.

1459 3519 884 94 Deducere, v. Comitari.

1465 3633 730 84 Deformis, v. Teter.

1455 3747 864 84 De integro, v. Iterum.

1459 3855 730 86 Delere, v. Abolere.

335 4117 2352 100 Delibutus. Unctus. Oblitus. Delibutus, mouillé avec

237 4241 2456 102 un corps gras; c’est le terme générique par rapport à

239 4357 2448 104 unctus, oint d’une matière agréable, et à oblitus, enduit

247 4475 1078 104 d’une matière malpropre.

1137 4813 594 122 Digittzed by Google
