3013 5003
1111 389 920 60 DE SYNONYMIE LATINE.

2639 381 144 68 181

341 533 2456 106 nuper? imo vero modo ac plane paulo ante vidimus. De

345 657 2452 84 ces hommes illustres nous en avons vu dernièrement. Et

345 777 2448 110 que signifie ce dernièrement? Ne les voyions-nous pas

347 901 2446 98 encore tout à l’heure, à l’instant? Tusc. I, 24. Quanta me¬

349 1023 2448 108 moria fuit nuper Charmadas ! quanta qui modo fuit Scep¬

347 1143 2450 108 sius Metrodorus! Et, dans ces derniers temps, quelle

349 1267 2446 106 mémoire chez Charmadas ! quelle encore chez Scepsius

347 1389 1892 104 Métrodorus, qui vient à peine de s’éteindre!

351 1573 1958 98 Nuptiæ, v. Conjugium. Nutare, v. Labare.

345 1687 684 88 Nutrire, v. Alere.

1530 2014 100 124 Ο

349 2327 1960 90 Obambulare, v. Ambulare. Obedire, v. Parere.

347 2435 1760 94 Obesus, v. Pinguis. Obex, v. Sera.

445 2611 2346 106 Objicere. Exprobrare. Objicere, adresser à quelqu’un

347 2735 2454 100 un reproche dont il peut se justifier comme d’une accu¬

345 2855 2450 102 sation ; exprobrare, un blâme qu’il est obligé de laisser

347 2979 2452 102 peser sur lui. L'objiciens entend qu’on s’explique ; l'expro-

349 3101 2440 102 brans ne cherche qu’à couvrir de honte. Cic. Verr. V, 50,

345 3225 2456 104 132. Num casus bellicos tibi exprobrare aut objicere videor?

341 3343 2450 106 Est-ce que j’ai l’air de tirer contre toi des hasards de la

347 3465 1852 102 guerre un sujet de blâme ou de reproche?

347 3657 628 92 Obitus, v. Mors.

441 3835 2358 100 Oblectatio. Delectatio. Oblectatio, occupation agréa¬

339 3957 2452 102 ble, passe-temps, amusement qui préserve de l’ennui et

341 4079 2426 102 procure quelque plaisir; delectatio, véritable divertisse

345 4201 2454 100 ment qui procure une jouissance positive et un plaisir

341 4323 2428 102 solide. Cic. Orat. I, 26. In iis artibus, in quibus non uti¬

337 4445 2454 104 litas quaeritur necessaria, sed animi libera quaedam oblec-

1887 4783 592 96 Digitized by Google
