1424 2315
641 86 136 26 - 11 -

199 157 1092 41 l’Académie de Prancher, qui assista aussi au synode de Dor¬

198 193 1092 39 drecht); Leyde, 10 oct. 1607, 1 p. in-f. 20 »

235 229 1058 34 Belle pièce. Il a remis sa lettre à Pierre Bertius ; il lui parle d'élec¬

198 261 1094 34 tions relatives à l’Académie de Francher. A Leyde, on ne veut pas des

199 292 607 34 Français, on les trouve trop bouillants.

145 323 1147 42 82 Hotman (François), célèbre jurisconsulte et publiciste fran¬

198 360 1092 37 çais du XVIe siècle, né en 1524, mort en 1590. — L. a. s., en

200 397 1091 37 latin, à Jean de Clanbourg, jurisconsulte à Francfort; Bâle,

198 432 1092 38 29 mars 1579, 1 p. in-f. Légers raccommodages. Rare. 35 »

146 467 1146 40 83 Huber (Michel), fécond littérateur, qui traduisit en français

199 499 1089 42 Lessing, Gessner, Winckelmann, etc., né en 1775, 3 p. in-4.

199 541 1092 27 Rare. 15 »

231 576 1063 32 Il lui envoie le premier volume de sa traduction des Réflexions sur

200 607 387 31 la peinture. d'Hagedorn.

146 637 1147 38 84 Hume (David), illustre philosophe anglais, un des plus célèbres

199 674 1090 34 écrivains du XVIIIe siècle, né en 1711, mort en 1776.— L. a. s.

200 710 1092 37 à M. de Brandt, premier écuyer du prince royal de Prusse;

200 745 1092 38 Edimbourg, 27 février 1757, 1 p. 1/2 in-f. Cachet. Légers rac¬

199 782 1091 36 commodages. 150 »

229 817 1064 32 Précieuse lettre. Il a le dessein de publier ses dissertations de l'hiver

199 849 1093 32 précédent; elles traitent de l'histoire, de la religion, des passions, de la

197 880 1096 32 tragédie; il s’y mêle un peu de politique. Il le félicite de conserver ses

198 912 1095 31 goûts philosophiques au milieu du bruit des armes, en pleine guerre de

199 943 1093 31 sept ans. Frédéric II se montre à la fois grand général et savant esti¬

201 975 488 31 mable aux côtés de Maupertuis.

144 1005 1148 37 85 Isabelle-Claire-Eugénie, fille de Philippe II et d’Elisabeth de

197 1041 1097 34 France, tante de la reine Anne d’Autriche, femme de l’archi¬

198 1077 1093 37 duc Albert, célèbre gouvernante des Pays-Bas. — Let. sig. en

198 1113 1096 39 français, au duc de Lorraine; Bruxelles, 5 août 1621, 1 p. 1/2

199 1144 1094 41 in-f. Sceau. Belle pièce. 6 »

145 1184 1151 36 86 Jean II, roi de Castille, fils de Henri III, prince célèbre par

199 1220 1096 40 ses vertus et son courage militaire, qui répandit parmi ses

198 1256 1096 37 sujets le goût de la poésie et de la culture intellectuelle, né

200 1291 1091 38 en 1405, mort en 1454. — Pièce sig.; janvier 1447, 1 p. in-fol.

201 1327 1092 29 Très-rare. 70 »

235 1363 748 32 Privilège accordé au comte Fernand de Cordova.

146 1394 1150 36 87 Jeanne d’Orléans, comtesse de Taillebourg et d’Angoulême,

199 1430 1097 39 duchesse de Valois, tante de François Ier, fille de Jean, comte

201 1461 1095 42 d’Angoulême, femme de Charles, baron de Coëtivy, morte en

203 1501 1094 39 1520. — Pièce sig. sur vélin; Blois, 20 janv. 1518, 1 p. double

202 1537 1094 30 in-4 obl. Rare. 20 »

147 1572 1152 39 88 Judith (Julie), célèbre comédienne du Théâtre-Français. —

199 1609 1097 37 L. a. s. à Emile de Girardin, 1 p. in-8. Curieuse. 4 »

147 1644 1150 37 89 Jussieu (Ant.-Laurent de), neveu de Bernard et le continua¬

200 1681 1092 37 teur de ses découvertes de botanique, né à Lyon. — L. a. s.

204 1715 1091 39 à Jacques Laffitte; 14 novembre 1830, 1 p. in-4. 15 »

147 1751 1151 38 90 Keith (lord George), dit Mylord Maréchal, gouverneur de la

202 1787 1096 38 principauté de Neuchâtel, célèbre par ses relations avec J.-J.

201 1823 1097 38 Rousseau, qui l’appelait son père. — Let. sig., en français;

202 1860 1094 37 Neuchâtel, 21 novembre 1757, 2 p. in-4. 25 »

233 1896 827 26 Curieuse lettre sur l'affaire d'une demoiselle Groulart.

147 1927 1150 36 91 Kinglake (A.-W.), célèbre historien anglais contemporain,

202 1963 1094 36 né en 1811. — L. a. s , 1865, 1 p. in-8. 5 »

148 1997 1150 38 92 Kotzebue (A,-F.-F. de), romancier célèbre, publiciste aux

202 2033 1097 39 gages de la Sainte-Alliance, assassiné par Sand. — L. a. s. à

203 2070 1094 36 M. Kummer; Berlin, 1804,1 p. pl, in-4, cachet. Belle lettre. 10 »
