1432 2262
598 76 140 27 — 10 —

106 149 1144 38 70 Guise (Antoinette de Bourbon-Vendôme, duchesse de), femme de

158 186 1094 37 Claude de Lorraine, mère des Guise. — Let. sig.; Joinville,

158 221 1091 37 28 mars 1533, 1/2 p. in-f. Rare. 20 »

107 257 1144 37 71 Haussonville (Louise, princesse de Broqlie, comtesse d’), fille

159 293 1091 37 du duc Victor et sœur du duc Albert de Broglie, femme du

160 329 1092 35 comte d’Haussonville l’académicien, célèbre romancière con¬

160 365 1093 36 temporaine, auteur de la Jeunesse et des Dernières années de lord

160 401 1092 34 Byron, née en 1818, morte récemment. — L. a. s. à Mme Caro,

164 437 1085 34 1 p. 1/2 in-8. 8 »

108 471 1146 38 72 Hautpoul (la comtesse d’), célèbre poète et romancière. —

160 508 1091 36 Pièce sig., 1827, 1 p. in-4 obl. 3 »

197 544 1056 30 Reçu de la somme de 200 fr. comme secours à titre d’encouragement

161 575 140 25 littéraire.

111 606 1144 37 73 Havercamp (Sigebert), philosophe et numismate hollandais

162 642 1092 34 du XVIIIe siècle, né en 1663, mort en 1742.-- L. a. s , en latin,

163 678 1090 37 à P. Sandi, à Padoue; Leyde, 1723, 1 p. in-4, cachet. 13 »

112 714 1142 37 74 Heinsius (Nie.), célèbre philologue, poète latin et homme

163 749 1090 34 d’Etat hollandais, bibliothécaire de Christine de Suède, né en

164 785 1092 37 1620, mort en 1681. — L. a. s., en latin, à Ch. Dati; Cologne,

163 821 1090 36 4 fév. 1673, 2 p. in-4. 35 »

197 857 1059 32 Importante lettre pour sa biographie. Pendant l’invasion des Fran¬

165 888 1091 31 çais en Hollande, il a dû abandonner l’université de Leyde et se retirer

165 920 1089 32 près de l’évêque de Paderborn, où il a pris les eaux de Lippspringe. Il

166 951 1090 32 n'est arrivé à Francfort qu'après la foire aux livres, à cause du passage

165 983 1092 31 des troupes brandebourgeoises; il a pu cependant se procurer les notes

165 1015 1092 29 de deux savants sur Valère Maxime et Sulpice Sévère; il y a vu les

164 1045 1092 31 électeurs de Mayence et de Brandebourg, le duc de Lorraine. De là il

165 1077 1091 36 s’est dirigé sur Heidelberg, près l’électeur palatin; il a visité Spire,

167 1108 1091 31 Worms, Mayence et Wiesbaden. Il a rencontré à Cologne le ministre

165 1140 386 30 de Prusse Spanheim, etc.

112 1170 1145 36 75 Henri III, roi de Castille, sursommé l’Infirme, fils de Jean Ier,

166 1206 1090 41 né à Burgos en 1379, mort en 1406. — Let. sig. au grand

167 1242 1087 37 amiral Diego Furtado de Mendoza; Guadayerma, 5 mai, 1 p.

166 1272 1090 35 in-4 obl. Sceau. Très-rare. 60 »

114 1314 1144 35 76 Henri IV, roi de Castille, surnommé l’Impuissant, fils de Jean II,

166 1350 1093 36 frère d’Isabelle de Castille, qui lui succéda, né en 1425, mort

167 1386 1092 36 en 1471. — Let. sig. à Alvaro Gomez, son conseiller et secré¬

168 1422 1090 36 taire; Madrid, 4 déc. 1463, 3/4 de p. in-4. Sceau. 35 »

116 1462 1145 37 77 Henrion (Paul), compositeur de musique contemporain, né en

168 1498 1091 36 1818. — L. a. s., 3 p. in-8. Curieuse. 3 »

116 1538 1144 41 78 Hersent (Louis), célèbre peintre d’histoire, de l’Institut.— L.

168 1574 1089 36 a. s. à M. David, secrétaire général des Douanes, 1820, 1 p.

169 1610 1090 36 1/2 pet. in-4. 4 »

118 1650 1144 36 79 Hervilly (Ernest d’), littérateur et auteur dramatique, auteur

171 1686 1092 35 de la Belle Sainara. —L. a. s., en vers, à M. Bridault, 1879,1/2

173 1722 1088 35 p. in-8. Curieuse. ' 4 »

118 1761 1145 37 80 Holstenius (Luc), grand érudit, bibliothécaire du Vatican,

171 1797 1092 35 né en 1596, mort en 1661. — 2 1. a. s. et 1 let. aut. en latin, à

171 1833 1092 36 Ferdinand de Furstenberg et au cardinal Ghisi; 1653, 4 p. in¬

172 1869 1090 37 fol. et 2 p. 1/2 in-4. Intéressantes. 18 »

119 1908 1145 42 81 Hommius (Festus), célèbre théologien, ministre à Leyde, qui

171 1945 1094 37 se distingua en Hollande dans la. dispute des Gomaristes et des

171 1980 1093 36 Arminiens, auteur d’ouvrages de controverse, secrétaire du

173 2016 1091 38 synode de Dordrecht en 1618, né en 1576. — L. a. s., en latin,

173 2052 1093 38 à Sibrand Lubbert (célèbre docteur en théologie, professeur à
