1432 2245
635 113 114 28 - 8 —

121 189 1143 37 53 Foix (Paul de), un des plus célèbres diplomates de son temps,

175 224 1093 37 ambassadeur auprès de Marie-Stuart, puis d’Elisabeth, dont

176 260 1089 40 il essaya de conclure le mariage avec François d’Alençon;

176 296 1089 38 arrêté avec Anne Du Bourg, il fut condamné puis absous,

177 332 1089 37 archevêque de Toulouse, né en 1528, mort en 1584.— Let. sig.

177 368 1089 37 avec la souscript. aut. en latin, au cardinal Morone ; Paris,

177 403 1088 37 13 mai 1576, 1 p. 1/2 in-fol. Très-rare. 50 »

209 440 1060 31 Importante lettre historique. Il le félicite d'avoir rétabli la paix à Cènes

177 471 1090 31 et d’avoir sauvé l’Italie entière d'une guerre imminente. On aurait besoin

176 503 1092 31 d'un homme tel que Morone pour apaiser les troubles en France. Le roi

177 534 1091 32 vient de signer la paix de Beaulieu, dite de Monsieur. Il trouve qu’on

178 565 1091 32 n’y a pas respecté l’honneur dû au Dieu tout-puissant, l’autorité du Saint-

176 597 1093 31 Siège et la majesté du Roi; elle ne réunit pas les citoyens, mais les

177 629 1090 30 désunit, en les séparant devant les tribunaux comme devant les autels.

121 660 1148 37 54 François Ier, roi de France.—Let. sig. à M. de Boysy (Arthur

175 695 1091 37 Gouffier, grand-maître de France, ancien gouverneur du roi);

176 731 1090 36 Amboise, 3 mars 1516 (1517), 1 p. 1/2 in-fol. 35 »

208 767 1060 31 Belle et intéressante lettre. Il désire « depputer... lieu... conve¬

178 799 1088 31 nable et permanent pour faire et tenir l'assemblée et chapitre général »

176 830 1093 32 de l’ordre de Saint-Michel. Il le convoquera donc en la ville de Blois

178 861 1085 32 « en l’église Sainct-Saulveur qui est joignant le chastel du dit Blois ».

176 893 1093 32 C'est là que sera célébrée la fête du patron de l’Ordre. S’il en changeait

177 924 1092 32 le lieu, il l’avertirait dans les trois mois pour qu'il y puisse envoyer son

178 956 1092 32 procureur. Il joint à la lettre « un patron contenant la forme et sorte des

179 987 1089 32 manteaulx et chaperons » que les chevaliers devront revêtir à celle fête.

177 1019 1091 25 Il l'invite encore à relire « les articles contenuz au livre du dit Ordre».

124 1054 1145 37 55 Gabaret (Jean de), marin célèbre du XVIIe siècle, chef d’es¬

177 1090 1092 37 cadre, gouverneur de la Martinique, né à l’île de Ré vers

179 1126 1089 37 1623, mort en 1697. — Quit. sig. avec trois lig. aut. sur vélin;

178 1162 1088 34 Rochefort, 1684, in-8 obl. 15 »

211 1198 635 31 Reçu de ses gages comme chef d’escadre.

126 1229 1141 36 56 Geoffrin (Mme), femme célèbre du XVIIIe siècle, dont le salon

180 1265 1088 41 fut le rendez-vous des philosophes les plus hardis.—Quittance

181 1300 1088 37 signée sur vélin; 1775, in-18 obl. 8 »

128 1337 1139 37 57 Georges II, roi d’Angleterre. — Let. sig. avec la souscript.

182 1373 1090 40 aut., en allemand, à l’évêque de Wurtzbourg (Anselme

183 1408 1089 38 Frantz); Saint-James, 9 janvier 1748, I p. 3/4 in-fol. Sceau

183 1445 1089 36 très-bien conservé. Superbe lettre. 20 »

129 1481 1146 35 58 Gessner (Jean-Matthias), écrivain allemand, conseiller

185 1517 1088 36 aulique, né en 1691, mort en 1761. — L. a. s., en latin, au

185 1552 1089 38 baron de Brand, à Francfort; Gœttingue, 5 avril 1745, 3 p.

184 1588 1086 29 in-4. Cachet. Belle lettre. 15 »

131 1623 1144 37 59 Girardin (Emile de), célèbre publiciste, mort récemment. —

182 1659 1092 37 L. a. s. à un journaliste, 25 août 1860, 1 p. in-8. 10 »

215 1695 1063 32 Il déclare qu'il n’y a pas un mot de vrai dans l'achat qu'on lui fait

185 1727 1092 32 faire pour la centième fois du Courrier de Paris. Il est plus que jamais

184 1758 1094 32 éloigné de toute pensée de rentrer dans le journalisme. « Il faudrait

185 1790 1093 31 de grandes circonstances pour me faire sortir du cadre de réserve dans

183 1822 1093 31 lequel je suis volontairement entré, après vingt-cinq années de service,

184 1853 506 31 sous les drapeaux de la liberté. »

129 1888 1148 37 60 Godefroy (Denis II), célèbre érudit, historiographe de

184 1924 1094 34 France, né en 1615, mort à Lille en 1681. — L. a. s. à

182 1960 1096 37 M. Schæp, à La Haye; Paris, 23 avril 1650, 1 p. in-fol. Cachets

183 1996 1094 37 et soies. Légères déchirures. 25 »

212 2032 1067 32 Il lui explique que Grossus Turonus désigne une monnaie de Tours

182 2063 1097 31 sur la Loire et non de Troyes en Champagne. — On a joint la minute

180 2096 760 30 aut. sig., en français, de la réponse de M. Schæp.
