1424 2262
688 74 141 27 — 12 —

193 150 1146 38 93 Kremnitz, diplomate et homme d’Etat autrichien, ami de

246 185 1092 40 Metternich. — L. a. s., en français, au cardinal Consalvi ;

245 216 1093 43 Florence, 10,juillet 1819, 2 p. in-4Ü 8 »

192 265 1148 38 94 La Boderie (Antoine Lefèvre de), célèbre diplomate, ambassa¬

247 302 1093 37 deur en Angleterre, mort en 1615. L’abbé de Pomponne publia,

247 337 1093 37 en 1750, ses Ambassades en Angleterre. — Quitt. sig., sur vélin;

247 374 1092 33 1597, in-4 obl. 7 »

193 418 1146 37 95 Lachaud (Ch.-Alex.), le célèbre avocat. — L. a. s., 1852, 1 p.

247 454 1092 29 1/2 in-8. 5 »

194 498 1145 37 96 La Condamine (Ch.-M.de), illustre astronome, mathématicien

248 533 1092 38 et voyageur, de l’Acad. fr. — L. a. s. à Dortous de Mairan;

248 570 1089 37 Etouilly, près Ham, en Picardie, le 25 janv. 1759, 3 p. pl.

248 605 1091 28 in-4. 30 »

283 642 1057 29 Il le félicite sur sa nomination comme directeur de l'Acad. franç.,

247 673 1094 31 puis il s’étend très-longuement sur une appréciation, peu bienveillante

247 697 1095 38 pour lui, du comité de l'Académie, relativement à son dernier écrit sur

248 736 1093 32 l'inoculation. « Le temps de la réflexion que je me suis donné n’a servi

247 767 1093 32 qu'à redoubler mon étonnement et le chagrin de me voir très-injuste¬

247 798 1095 32 ment noté sur les registres de l’Académie, je dis très-injustement

247 830 1093 32 puisqu'on supposant que mon mémoire fut rempli de personnalités, de

247 862 1092 31 bouffonneries et d'inutilités comme la délibération parait le supposer,

245 893 1098 32 je n’aurais pas encore mérité que ces qualifications fussent consignées

246 925 252 28 sur le registre. »

193 955 1148 41 97 Lafarge (Marie Capelle, Mme), condamnée pour crime d’empoi¬

247 991 1096 36 sonnement sur la personne de son mari.— L. a. s. de ses ini¬

248 1026 1092 38 tiales, 2 p. in-18. Spirituelle épître. 7 »

194 1067 1147 38 98 Lagrange (Ad.-Edouard Lelièvre, marquis de), numismate,

247 1103 1095 35 sénateur, membre de l’Institut. — L. a. s. à M. Rad ; Paris,

252 1139 1087 41 17 février 1849, 2 p. 1/2 in-8. 15 »

284 1175 1058 31 Curieuse épitre politique. « L’Italie est en proie aux barbares, la France

247 1207 1091 32 est paralysée par le mot sacramentel de République, elle ne peut agir.

248 1238 1096 31 Le Président (Napoléon III) continue à se bien conduire; il devrait

247 1269 1095 32 seulement ne pas découcher toutes les nuits; il vaudrait mieux recevoir

247 1301 644 31 ses houris à l'Elysée; ce serait plus sûr. »

193 1340 1148 39 99 Lagrange d’Arquien (Henri de), cardinal, d’abord capitaine

246 1378 1094 40 des gardes suisses de Philippe d’Orléans, frère de Louis XIV,

248 1414 1093 36 père de Marie-Casimire, reine de Pologne, femme de Jean

248 1442 1094 44 Bobieski, né à Calais en 1613, mort en 1767. — Quitt. sig.,

247 1485 1094 36 avec 3 lignes aut. sur vélin; 1672, in-8 obl. Rare. 5 »

177 1525 1165 38 100 La Haye (Charles de), écuyer, prévôt de Château-Thierry,

248 1561 1095 37 ami de La Fontaine. — Pièce sig. avec 4 lig. aut.; 17 juillet

248 1591 1092 42 1691, 1 p. in-f. 5 »

180 1637 1162 38 101 Lamartine (Alphonse de), le grand poète. — L. a. s., Paris,

246 1673 1094 37 22 décembre 1863, 1 p. in-8. 6 »

176 1715 1167 41 210 Lambin (Denis), célèbre écrivain français, un des premiers

247 1751 1096 37 philologues du XVIe siècle, né à Montreuil-sur-Mer en 1516,

248 1787 1096 39 mort en 1572. — L. a. s., en latin, à François Fabricius (cé¬

249 1822 1089 39 lèbre érudit hollandais, élève de Ramus) ; 22 mars 1563, 3 p.

247 1858 1094 30 in-fol. Très-rare. Curieuse. 45 »

180 1899 1164 37 103 Landon (C.-P.), peintre et écrivain sur la peinture, auteur

249 1936 1094 37 des Annales du Musée.— L. a. s. à M. Arnaud, 1810,1 p.in-4; 5 »

182 1980 1161 38 104 La Suze (Henriette de Coligny, comtesse de), femme poète du

245 2015 1099 39 XVIIIe siècle, célèbre par ses galanteries, mariée en premières

248 2052 1095 38 noces à Thomas Hamilton, puis à Gaspard de Champagne,
