1432 2245
641 56 118 26 — 4 -

190 131 1097 38 s. à M. de Ségur.. surintendant du roi de Navarre; Leipzig,

191 167 1092 36 3 mai 1589, 1 p. 1/4 in-f. 45 »

226 202 1057 32 Lettre importante pour la fin du règne de Henri III. Elle est relative

189 234 1093 31 aux négociations avec les princes allemands. Le roi « estoit contraint de

190 265 1091 32 s’accommoder aux volontés du duc de Guyse; que, depuis, il avoit esté

188 296 1092 33 un perpétuel danger de perdre sa couronne et sa vie; qu’il n’a voit eu

186 328 1097 32 d'au Ire moyen de s’affranchir de ses offenses que par la mort du dit duc

186 360 1094 32 de Guyse ». Bongars a conseillé une alliance. G’est encore un moyen

187 391 1096 33 d’aider le roi de Navarre « dé faire un grand bien à la France, de luy

186 422 1093 33 rendre ce qu’autresfois elle lui avoit presté et, par mesme moyen,

183 453 1097 32 donner un grand coup de pied à la Papauté ». Le prince d’Anhalt diri¬

184 485 911 32 gera les troupes, après en avoir conféré «avec les Electeurs.

133 520 1145 38 19 Bourgogne (Louis, duc de), petit-fils de Louis XIV, père

183 556 1095 35 de Louis XV, rélève de Fénelon.— Deux dessins aut. dont un

181 592 1099 36 avec deux mots de la main du prince; 4 février 1692-11 octo¬

184 629 1091 34 bre 1693, 2 p. in-8 obl. 75 »

218 664 1059 33 Précieux dessins de la jeunesse du prince (il avait à peine neuf ans)

181 695 1096 32 dont l’un représente un sujet de chasse : le duc de Berri entouré de

180 727 1097 31 personnages à pied et à cheval, tirant un oiseau dans la forêt de Fontai¬

181 759 1095 32 nebleau. Le second représente le cochon de la tentation de Saint-

179 792 357 30 Antoine, d’après Callot.

125 822 1146 39 20 Brunei (M.-I.), célèbre ingénieur français, constructeur du

177 858 1096 37 tunnel sous la Tamise.— L. a. s. au baron de Pirch; (Londres),

179 895 1094 35 14 mai 1840, 3 p. in-8. 45 »

212 930 1061 27 Très-intéressante lettre relative à l’état d’avancement des travaux du

179 960 1095 33 tunnel. « Le travail est toujours pénible, malgré notre succès, car ce

177 993 1097 31 n’est que par une vigilance extrême que nous sommes parvenus où nous

179 1024 1095 32 nous trouvons maintenant, après avoir surmonté cinq attaques de notre

179 1055 1095 32 puissant ennemi, irréconciliable sous tous les rapports ». Il lui donne

177 1087 1096 32 ensuite de curieux détails sur les circonstances qui ont amené son

179 1118 1095 32 mariage avec une jeune et jolie Anglaise qu'il épousa à son retour

177 1150 895 31 du Canada, où il s’était retiré à l’époque de la Révolution.

123 1187 1148 37 21 Brunel (M.-I.). — L. a. s., 1834, 1 p. in-18. 5 »

123 1231 1149 39 22 Brunswick (Frédéric-Auguste, duc de), prince célèbre, plus

176 1268 1095 37 connu comme écrivain que comme militaire, auteur d’une

175 1304 1096 38 Histoire d'Alexandre-le-Grand, traducteur de Montesquieu, né en

179 1340 1093 39 1740, mort en 1817. — L. a. s., en français; 11 octobre 1788,

178 1370 1091 42 1 p. in-4. 3 10 »

122 1416 1143 38 23 Burlamachi (Renée), deuxième femme d’Agrippa d’Aubigné.

178 1452 1093 36 File n’hésita pas à l’épouser vers 1626, bien que le Parlement

176 1488 1095 30 vint de condamner au feu le troisième livre de l'Histoire univer¬

174 1523 1098 38 selle et eût prononcé un arrêt de mort contre le satirique pour

175 1559 1091 37 avoir réparé un bastion avec les matériaux d’une église.— L.

175 1595 1094 36 a. s. à M. de Villette, à Saint-Mursai, près de Niort; Genève,

173 1631 1097 37 25 juin 1641, 2 p. 3/4 in-4. Cachets. Un peu tachée d’eau. Très-

173 1669 1095 28 rare . 40 »

208 1703 1059 33 Elle regrette que le duc de Bouillon, pour aider le comte de Soissons,

173 1734 1096 33 ait appelé les Espagnols de Lamboi dans Sedan; elle se souvient encore

174 1766 1093 32 de l'accueil qu’on lui fit dans cette ville après la Saint-Barthélemy. La

173 1797 1095 33 république de Berne (ville) est en lutte contre ses sujets de Berne (cam¬

172 1829 614 32 pagne) à propos d’impôts exagérés, etc.

117 1864 1151 42 24 Butler (Alban), savant hagiographe anglais, né en 1710, mort

171 1900 1095 35 à Saint-Omer en 1773. — L. a. s., en français, à Mercier de

170 1930 1096 43 Saint-Léger; Saint-Omer, 30 août 1765, .1 p. in-4. Légère

170 1972 1096 29 déchirure. 12 »

203 2008 1063 31 Intéressante lettre contenant un compte-rendu d’un certain nombre

169 2039 691 31 d’ouvrages venant de paraître en Angleterre.
