1424 2299
846 139 303 28 Décembre 1885.

97 140 579 29 XXe année. N° 95.

439 236 368 53 REVUE

600 313 54 20 DES

58 362 1148 148 AUTOGRAPHES

197 536 868 44 DES CURIOSITÉS DE L'HISTOIRE & DE LA BIOGRAPHIE

310 604 646 38 Fondée en 1866 par Gabriel CHARAVAY

76 646 1114 50 PARAISSANT CHAQUE MOIS, SOUS LA DIRECTION DE

365 690 547 56 EUGÈNE CHARAVAY Fils

177 797 915 36 PRIX DE L’ABONNEMENT : Pour un an (12 numéros) :

57 846 1156 31 France, 3 f.; Etranger, 4 f.— On s’abonne à Paris, chez M. Eugène CHARAVAY,

361 878 539 31 8, quai du Louvre. — Et à Londres:

132 918 1000 29 chez M. A.-W. Thibaudeau, 18, Green Street, St-Martin’s Place.

146 1013 990 62 AUTOGRAPHES A PRIX MARQUÉS

232 1094 815 36 En vente chez Eugène CHARAVAY, expert,

402 1150 468 31 8. QUAI DU LOUVRE, 8, A PARIS

59 1231 1162 34 Abréviations : L. a. s., lettre autographe et signée; Acad. fr., Académie

183 1276 904 34 française; Sousc., compliment terminant la lettre; P., page.

91 1386 1126 38 1 Aerssen (François d'), célèbre homme politique, créature de

123 1422 1094 37 Maurice de Nassau, qui contribua à la mort de Barneveldt,

123 1458 1092 37 comparé à Oxenstierne par lo cardinal Richelieu, ambassa¬

124 1494 1092 35 deur en France en 1624, né en 1572, mort en 1641. — L. a. s.,

124 1530 1093 39 en français, à Butrinckhausen, conseiller du duc de Wurtem¬

125 1565 1090 37 berg; La Haye, 8 août 1619, 3 p. in-f. Cachet. Très-rare. 40 »

159 1601 1057 32 Précieuse lettre d’une grande importance historique. Les Hollandais

126 1633 1091 31 sont décidés à « s’opposer avec courage, effort et conduite, contre les

125 1664 1091 32 moiens et entreprinses de la Maison d'Austriche dans l’Empire ». Ils

127 1695 1089 32 aideront l’Union évangélique et tiendront toutes leurs « forces en estat

127 1728 1091 31 et prestes, pour à la moindre démonstration que Spinola fera de voul-

125 1757 1090 33 loir entrer dans l'Empire, le talonner et le traverser ». L’hiver prochain,

125 1788 1093 33 il faudra pousser à l’action le roi d’Angleterre, Jacques II, « encou¬

127 1819 1091 34 rager les Bohemiens et allen tir les grandz effortz de l’Espagnol ». Mais

127 1851 1091 33 si l’archiduc Ferdinand arrive à l’Empire, comment l’Union lui résistera-

127 1882 1090 33 t-elle? Il passe en revue tous les Etals d’Europe. « La France demeure

126 1914 1092 34 en ses jalousies; rien de solide ne s’y entreprend; on s’esloigne de plus

126 1946 1091 32 en plus de nous; cela faict que deliberons d’y envoyer une solennelle

127 1977 198 25 ambassade ».

93 2008 1124 37 2 Aguesseau (H.-Fr. d'), illustre chancelier de France, né en

128 2044 1089 37 1668, mort en 1751.— L. a. s.; Fresne, 1712, 1 p. 1/2 petit in-4.

128 2078 1090 37 Un peu tachée d'eau. Curieuse. 8 »

93 2114 1126 39 3 Aigrefeuille (le marquis d'), fameux gastronome, auquel
