2061 3413
48 191 1778 82 N° 12 CATALOGUE N° 12

882 329 91 50 DE

39 453 1805 195 LETTRES AUTOGRAPHES

272 719 1344 58 DOCUMENTS ET MANUSCRITS

493 887 909 53 EN VENTE AUX PRIX MARQUÉS A LA

59 1053 1783 98 LIBRAIRIE SIMON KRA

367 1226 1155 76 6, Rue Blanche, 6 — PARIS (9e)

105 1396 1684 56 Téléphone : TRUDAINE 41=85 — Compte chèques postaux : PARIS 437-86

510 1531 880 41 Registre du Commerce : Seine, 527-54

475 1606 959 59 Codes : Liber ou Bentley

699 1793 523 58 SOMMAIRE

306 1928 1107 56 DU DROIT DE CITATION DANS LES CATALOGUES,

358 1998 1371 60 par SYMOUR DE RICCI. Page 2

308 2070 1547 59 Autographes à 6 fr. le N°.N° 4669 à 4768

305 2141 1550 52 Curiosités. 4627 à 4642

309 2214 1547 51 Généralités. 4201 à 4596

309 2286 1548 60 Lettres de faire-part. 4643 à 4644

310 2357 1547 52 Paris. 4769 à 4780

312 2430 1546 51 Pour enrichir nos livres. 4597 à 4613

312 2497 1548 69 Réponses aux chasseurs d'Autographes . . . 4645 à 4668

312 2573 1548 53 Théâtre. 4614 à 4626

312 2645 1548 57 Verlaine. 4581 à 4582 bis

1625 2727 175 42 et 4641

262 2907 1405 67 L’authenticité de toutes les pièces est garantie.

72 3146 1793 66 Les prix sont absolument nets : nous prenons l’impôt de 12 % à notre charge.
