2127 3455
132 127 610 46 6, RUE BLANCHE, PARIS

1897 127 25 43 5

131 223 855 40 4230 BAUDRY (Paul), le célèbre pein¬

178 270 808 41 tre. — L. a. s. à un ami. 4 pp. in-8,

179 317 806 33 écriture serrée. 25 fr.

261 380 725 34 Parlant de son séjour en Italie, il lui

217 416 770 28 recommande l’achat des tableaux des

217 452 769 34 peintres Bertaux, Vimont et Layraud.

216 488 218 27 Belle lettre.

130 540 855 53 4231 BEAUMONT (Plie de), géolo¬

177 601 807 39 gue. — L. a. s. au secrétaire de l’Insti¬

175 648 807 40 tut, 1864, 1 p. in-8, collée sur bristol.

871 697 111 31 12 fr.

256 746 550 34 Au sujet de M. Le Verrier.

127 822 858 40 4232 BEAUNIER (André), écrivain. —

172 870 809 40 Article a. s. sur Stuart Merrill, 17 p.

174 918 808 40 in-8, ayant servi à l’impression, ratures

173 966 807 40 et corrections autographes. 25 fr.

123 1043 857 42 4233 BEAUVOIR (Edouard-Roger de),

172 1091 808 39 poète et littérateur, 1809-1866. — Trois

171 1139 810 33 lettres a. s. dont deux ornées de des¬

170 1187 809 40 sins humoristiques à la plume, 1863 et

170 1235 811 40 s. d. ens. 3 p. — On y a joint une lettre

170 1283 811 42 a. s. de son second fils, Henri-Roger

170 1330 809 35 de Beauvoir. 50 fr.

253 1392 727 35 Lettres d'un style spirituel, avec vers

209 1429 771 34 et quatrains. « Je passe mes nuits sans

209 1464 770 36 sommeil, je lis les journaux et je crois

208 1500 773 36 qu’on viole dans les wagons. N’y monte

208 1537 442 33 pas, on t’assassinerait.

251 1591 674 35 Chartier, d’Antoine heureux époux ;

251 1627 558 35 Pardon pour ma muse falotle

251 1663 601 35 Et ne vous en prenez qu’à vous

248 1699 450 34 Si je cultive la carotte. »

120 1763 856 47 4234 BÉDIER (Joseph), homme de let¬

166 1818 810 40 tres. — Pièce a. s. 1/2 p. in-8, à en¬

167 1864 807 42 tête de L'Académie Française. 18 fr.

249 1926 426 35 « Li temps s’en vient,

248 1963 287 34 Je ne fais rien

249 1998 344 35 Li temps s’en vait

248 2034 322 35 Je n’ai rien fait.

248 2082 689 35 Vers d’un paresseux du XIIIe siècle. »

118 2152 856 41 4235 BEN DAVIES (E.), chanteur an¬

166 2200 808 39 glais. – Trois lettres a. s. à Mischa

166 2247 807 41 Léon (en anglais). Londres, 1923-24,

165 2295 806 40 ens. 4 p. in-12. 20 fr.

248 2358 728 30 Lettres de remerciements et de com¬

204 2393 772 37 pliments élogieux. « J’ai une haute opi¬

205 2429 771 31 nion de vos talents. Je vous souhaite

205 2465 248 28 bon succès. »

118 2529 855 43 4236 BENEDETTI (Vincent), diplo¬

165 2577 808 41 mate français (1817-1900). — Lettre

164 2625 807 40 a. s., Paris, 1859, 3 p. in-8. 20 fr.

246 2686 729 35 Recommandation auprès du Secré¬

204 2722 770 38 taire général de l’Instruction Publique

203 2758 769 38 pour Mlle Thérèse Lattalier-Lasquin.

116 2820 856 41 4237 BENOIT (Pierre), romancier. —

164 2868 806 43 Lettre a. s. Alexandrie, s. d. 2 p. 1 /2,

164 2915 805 37 in-8. 25 fr.

245 2977 728 38 Jolie lettre adressée de l’Hôtel Régina,

203 3014 770 35 sur papier du Claridge’s, avec la mention,

203 3050 771 35 au-dessous de la signature : » strict in¬

1149 220 774 35 cognito. » « Nous pourrions nous ren¬

1148 256 775 36 contrer demain matin dimanche à l’apé¬

1148 293 775 33 ritif vers 11 heures 1 /2, dans un endroit

1148 329 774 34 que je vous laisse le soin de désigner. »

1061 386 861 46 4238 BÉRANGER (Pierre-Jean de). —

1109 440 811 40 Lettre a. s. 1850, 3 p. in-12. — On y a

1106 487 812 40 joint un portrait sur bois, par Charlet.

1803 536 114 31 25 fr.

1192 592 728 33 « J’ai lu votre ouvrage avec autant

1146 628 774 34 d’intérêt que d’empressement. Il vous

1146 664 774 34 appartenait de nous donner la narra¬

1146 700 773 28 tion de tant d’événements où vous avez

1146 736 774 34 eu votre part d’honneur, dont l’Italie

1145 773 690 33 vous tiendra sans doute compte... »

1058 835 859 41 4239 BERGSON (Henri), célèbre phi¬

1105 883 811 41 losophe. — L. a. s. à un confrère, 1916,

1107 931 807 42 1 p. 1 12, in-8. 50 fr.

1190 987 727 35 11 lui présente M. Charles Bioche, pro¬

1144 1022 772 35 fesseur de mathématiques, qui désire

1142 1058 775 36 l’entretenir d’un projet utile à réaliser

1143 1096 353 29 à l’heure actuelle.

1071 1153 842 40 — BERGSON (Henri). — Voir aussi

1104 1204 163 31 n° 4482.

1055 1266 857 41 4240 BERNHARDT (Sarah), célèbre

1102 1314 810 44 tragédienne. — L. s. à un rédacteur,

1102 1361 809 45 4 p. in-16, papier à sa devise. 25 fr.

1184 1418 730 36 Ne voulant pas être la cause de

1142 1454 772 32 manifestations contradictoires elle re¬

1142 1488 769 34 fuse son concours à la fête dédiée à la

1142 1528 556 30 mémoire d’Alfred de Musset.

1053 1594 857 43 4211 BERRYER (P. Nicolas), célèbre

1101 1643 811 45 avocat et jurisconsulte (1757-1841). —-

1101 1691 807 39 L. a. s au chevalier Deleuze (1836),

1102 1738 807 47 1 /2 p. in-4, accompagnée d’un article

1099 1787 810 46 (imprimé) de 5 pp. 1 /2, in-4, nom¬

1099 1834 809 39 breuses corrections. 35 fr.

1181 1897 729 36 L’article traite du projet du ministre

1136 1933 772 34 des finances relatif aux statuts de la

1136 1969 775 39 Banque de France. Le Ministre projette

1136 2005 773 40 la prorogation du privilège de la banque

1136 2041 772 33 en lui réservant l’émission des billets.

1133 2076 775 41 Berryer fait remarquer que les billets

1136 2112 772 38 sont refusés en province. « Notre mal le

1136 2148 771 41 plus réel est la rareté du numéraire, d’où

1136 2185 772 39 la stagnation universelle, le dépérisse¬

1136 2224 544 34 ment de nos fabriques, » etc.

1048 2292 858 41 4242 BERRYER (P.-Nicolas). — Let¬

1096 2339 808 41 tre a. s. Paris, an XIII, (1804), une

1096 2387 808 47 page in-12 ; 10 fr.

1179 2449 726 34 Relative à des allaires judiciaires.

1048 2513 855 43 4243 BLANQUI (Adolphe), publiciste

1096 2561 805 39 et économiste — L. a. s. 1848, 1 p.

1095 2609 809 41 in-8 montée sur bristol (cachet du gou¬

1094 2656 807 45 vernement provisoire). 12 fr.

1177 2717 727 36 Lettre en faveur du citoyen Savelli.

1046 2783 855 43 4244 BLISS (Arthur), compositeur an¬

1094 2830 806 47 glais. — Lettre a. s. (en anglais), s. d.

1092 2876 808 48 (1923), 3 p. gr. in-8, au crayon fixé.

1786 2925 113 31 25 fr.

1175 2975 726 38 Très importante lettre contenant la

1132 3013 769 36 liste chronologique complète des œuvres

1132 3053 313 33 du compositeur.

523 3138 961 34 ACHAT DE LIVRES ET D AUTOGRAPHES
