1802 3007
728 183 772 191 -
802 162 825 200 3
855 184 898 191 -

81 268 185 302 notre
203 261 383 300 honneur.
403 259 452 298 Ce
468 271 551 299 sera
568 271 658 309 pour
679 260 749 298 moi
771 259 804 299 le
824 265 984 299 moment
1013 260 1059 299 de
1085 265 1227 299 rentrer
1253 270 1299 299 en
1323 259 1474 307 France,
1493 262 1540 299 où

82 323 137 351 me
170 310 376 370 rappellent
408 309 454 348 de
486 310 634 349 tendres
660 309 862 355 affections,
889 309 935 349 de
962 310 1099 359 grands
1130 310 1283 350 intérêts
1313 316 1350 350 et
1375 310 1471 349 aussi
1508 310 1542 349 le

85 362 207 400 besoin
228 361 277 398 du
296 371 415 410 repos.
447 372 465 394 »

136 447 178 454 —
197 424 369 474 François
400 424 445 463 de
473 424 627 470 Nantes,
670 425 831 464 membre
860 425 906 464 de
931 425 1169 464 l'Assemblée
1203 425 1420 475 législative,
1444 428 1492 464 où
1519 425 1542 464 il

87 476 183 515 avait
209 476 352 513 montré
373 474 562 524 beaucoup
584 475 630 514 de
651 474 869 514 véhémence
887 480 1014 514 contre
1051 475 1103 514 les
1134 475 1275 524 prêtres
1300 476 1544 522 réfractaires,

87 526 140 565 fut
168 525 328 573 nommé,
365 536 450 563 sous
481 524 672 575 l’Empire,
706 525 1059 575 directeur-général
1093 525 1157 563 des
1191 525 1308 564 droits
1340 525 1477 573 réunis,
1511 532 1548 564 et

87 576 207 614 donna
237 573 331 613 asile
361 574 455 613 dans
473 585 531 613 ses
557 574 718 613 bureaux
742 577 764 613 à
779 586 851 614 une
878 575 972 613 foule
999 574 1044 613 de
1071 574 1308 622 littérateurs,
1347 576 1379 614 la
1403 576 1549 634 plupart

89 625 241 675 opposés
260 635 304 661 au
335 635 501 662 nouveau
531 625 683 674 régime,
707 634 751 663 au
772 625 874 674 point
893 636 963 674 que
983 624 1171 675 Napoléon
1194 625 1317 664 s’était
1336 625 1432 664 écrié
1458 612 1550 664 dans

89 686 137 714 un
161 679 323 712 moment
350 673 540 712 d’humeur
560 686 566 712 :
595 688 614 711 «
643 674 740 713 C’est
762 686 811 713 un
835 674 1013 713 véritable
1040 673 1103 713 nid
1137 674 1317 724 d’aiglons
1355 687 1427 726 que
1455 680 1550 714 cette

91 724 230 762 maison
262 723 307 761 de
340 723 372 760 la
403 735 466 762 rue
493 723 776 775 Saintc-Avoye.
802 738 818 759 »
847 725 895 762 La
925 725 1115 762 collection
1145 725 1291 774 Gegner
1313 724 1495 764 renferme
1519 726 1551 763 la

91 775 197 813 lettre
235 774 353 812 même
381 785 452 823 que
480 773 616 823 Parny,
656 774 688 813 le
723 776 827 825 poète
858 773 1024 824 érotique
1044 779 1081 813 et
1113 772 1344 819 hétérodoxe,
1375 768 1505 813 écrivit
1532 779 1553 813 à

91 823 264 873 François
288 822 334 861 de
363 822 514 868 Nantes,
554 823 586 862 le
611 823 658 862 30
688 824 866 863 messidor
906 835 954 862 an
980 823 1049 862 XII
1082 823 1141 873 (19
1163 824 1285 874 juillet
1310 824 1436 874 1804),
1467 836 1555 874 pour

92 879 214 913 entrer
232 873 325 910 dans
343 884 401 912 ses
435 872 609 912 bureaux.
641 873 722 912 Elle
740 881 796 912 est
820 879 901 924 trop
930 873 1099 912 curieuse
1133 886 1222 923 pour
1243 885 1289 913 ne
1310 885 1374 924 pas
1405 875 1437 913 la
1465 875 1556 913 citer

98 929 175 962 tout
195 922 337 961 entière
353 936 361 960 :

148 988 163 1007 «
189 973 237 1010 La
260 971 363 1022 place
380 971 425 1010 de
443 972 719 1012 bibliothécaire
737 984 782 1011 en
802 972 889 1011 chef
904 972 952 1011 du
974 972 1089 1022 Corps
1110 972 1297 1022 législatif,
1319 972 1382 1023 qui
1409 974 1558 1013 m’avait

98 1024 155 1062 été
175 1022 345 1072 promise,
364 1033 411 1060 ne
427 1033 508 1061 sera
529 1022 634 1072 point
646 1024 760 1062 créée.
787 1023 824 1060 Si
859 1022 931 1061 l'on
961 1023 1062 1060 avait
1086 1022 1161 1070 pris
1181 1022 1448 1074 sur-le-champ
1464 1029 1560 1063 cette

98 1071 399 1120 détermination,
417 1072 568 1122 j’aurais
593 1072 765 1117 sollicité,
789 1084 834 1111 au
863 1084 947 1110 nom
972 1072 1035 1111 des
1067 1072 1202 1120 Muses,
1224 1072 1285 1123 qui
1307 1073 1411 1111 n’ont
1443 1085 1507 1123 pas
1528 1073 1561 1112 le

101 1121 279 1173 privilège
311 1121 355 1160 de
387 1122 538 1172 pouvoir
564 1122 665 1161 vivre
696 1133 781 1161 sans
819 1123 919 1173 pain,
952 1134 1000 1160 un
1026 1122 1150 1161 recoin
1178 1122 1311 1161 obscur
1340 1123 1431 1161 dans
1459 1130 1561 1162 votre

104 1182 231 1221 propre
251 1170 400 1210 bureau.
426 1171 453 1210 Il
475 1173 568 1210 n’est
584 1184 671 1211 sans
686 1172 797 1211 doute
815 1173 895 1228 plus
915 1177 1019 1210 tems.
1053 1172 1280 1221 Cependant,
1305 1173 1342 1223 je
1365 1172 1562 1212 m’adresse

102 1225 123 1259 à
144 1233 246 1264 vous,
277 1221 385 1260 sinon
410 1233 498 1260 avec
524 1223 657 1272 espoir,
692 1222 740 1260 du
767 1222 885 1260 moins
914 1232 1002 1260 avec
1028 1222 1228 1261 confiance.
1265 1223 1311 1260 Le
1338 1222 1467 1261 travail
1499 1222 1563 1261 des

104 1270 265 1309 bureaux
284 1282 330 1309 ne
356 1271 461 1310 m’est
487 1273 590 1322 point
622 1274 806 1322 étranger.
828 1271 897 1310 J’ai
923 1273 1052 1310 exercé
1081 1271 1245 1321 pendant
1271 1271 1381 1310 treize
1401 1273 1493 1311 mois
1515 1284 1562 1311 un

103 1321 234 1371 emploi
250 1320 341 1360 dans
357 1333 446 1360 ceux
465 1321 509 1360 de
528 1321 744 1366 l’intérieur,
765 1328 801 1360 et
824 1333 867 1359 ne
891 1333 947 1360 me
969 1322 1157 1372 chargeais
1186 1333 1251 1373 pas
1275 1323 1340 1361 des
1369 1321 1495 1361 choses
1515 1323 1566 1362 les

107 1371 187 1420 plus
218 1370 354 1410 faciles.
377 1371 419 1410 Je
439 1372 515 1411 suis
547 1374 710 1422 toujours
739 1378 817 1411 tout
842 1372 962 1411 entier
985 1374 1006 1410 à
1036 1383 1078 1410 ce
1104 1383 1174 1422 que
1199 1373 1235 1423 je
1257 1372 1325 1411 fais
1348 1386 1354 1409 :
1377 1372 1567 1422 peut-être

109 1421 226 1460 même
246 1427 340 1472 trop,
364 1433 426 1460 car
445 1434 504 1461 ma
525 1423 631 1461 santé
647 1434 693 1461 en
712 1422 845 1461 souffre
863 1421 1102 1472 quelquefois.

161 1471 209 1509 La
226 1472 377 1520 requête
395 1471 442 1509 du
462 1474 567 1522 poète
588 1478 650 1510 eut
670 1484 717 1510 un
739 1472 837 1523 plein
856 1473 982 1510 succès
1006 1483 1014 1509 :
1038 1472 1062 1509 il
1087 1477 1216 1510 trouva
1231 1471 1322 1510 dans
1353 1471 1385 1509 le
1407 1471 1569 1510 modeste

108 1521 238 1571 emploi
259 1533 329 1571 que
347 1521 395 1560 lui
414 1521 538 1560 donna
556 1521 731 1571 François
762 1522 808 1560 de
828 1521 968 1560 Nantes
987 1533 1035 1559 un
1054 1521 1146 1560 asile
1166 1526 1293 1560 contre
1319 1521 1352 1560 le
1387 1520 1514 1560 besoin
1533 1527 1569 1560 et

108 1582 177 1609 une
196 1570 383 1610 existence
400 1567 684 1621 indépendante’.

161 1657 204 1664 —
235 1637 285 1675 La
303 1636 496 1675 collection
516 1637 661 1686 Gegner
680 1636 768 1675 offre
788 1636 884 1675 deux
903 1636 1030 1675 lettres
1050 1636 1132 1675 bien
1150 1637 1336 1675 curieuses
1348 1636 1393 1675 de
1408 1637 1571 1675 Demeu¬

112 1686 198 1735 riez,
219 1686 353 1725 écrites
372 1686 464 1725 dans
483 1698 523 1725 sa
544 1686 741 1728 vieillesse,
759 1692 795 1725 et
810 1686 934 1725 datées
948 1686 1216 1736 d’Angleterre,
1231 1687 1278 1725 où
1293 1687 1317 1724 il
1333 1686 1446 1725 vivait
1461 1687 1573 1726 d’une

111 1736 265 1787 pension
285 1736 333 1774 du
358 1736 506 1775 cabinet
523 1736 567 1775 de
586 1736 850 1775 Saint-James.

164 1786 213 1824 La
235 1786 414 1836 première
435 1786 480 1825 de
500 1798 561 1826 ces
579 1786 717 1830 lettres,
739 1787 851 1825 écrite
870 1785 915 1824 de
936 1785 1044 1824 Utile
1062 1785 1208 1835 Ealing,
1232 1788 1314 1836 près
1332 1785 1375 1823 de
1399 1786 1572 1834 Londres,

116 1836 146 1874 le
167 1836 189 1874 8
208 1836 299 1874 avril
325 1835 437 1884 1819,
458 1842 494 1874 et
513 1836 680 1875 adressée
707 1838 728 1874 k
749 1835 879 1880 Malus,
904 1836 1270 1884 intendant-général
1294 1837 1339 1874 de
1356 1835 1501 1874 l’armée
1527 1835 1573 1874 du

114 1885 227 1932 Nord,
252 1885 415 1936 pendant
434 1897 505 1936 que
525 1886 715 1924 lui-même
734 1897 779 1924 en
799 1886 890 1924 était
907 1886 1056 1935 général
1077 1897 1122 1924 en
1144 1885 1239 1923 chef.
1277 1886 1387 1924 Leurs
1406 1892 1576 1936 rapports

114 1936 262 1974 avaient
282 1938 340 1975 été
358 1947 507 1986 rompus
527 1936 658 1985 depuis
676 1941 772 1974 cette
791 1937 943 1985 époque.
969 1935 1184 1974 Dumouriez
1202 1934 1397 1985 s’épanche
1418 1947 1463 1973 en
1487 1946 1577 1973 sou¬

115 1985 250 2028 venirs,
276 1997 337 2024 car
360 1986 382 2023 il
406 1997 451 2024 ne
467 1985 582 2024 vivait
605 1985 685 2035 plus
704 1997 774 2046 que
793 1985 883 2024 dans
912 1985 946 2023 le
971 1986 1088 2035 passé.
1125 1999 1143 2021 «
1161 1984 1259 2023 Nous
1279 1996 1393 2023 avons
1416 1990 1497 2023 tous
1526 1985 1577 2023 les

115 2034 222 2080 deux,
244 2035 339 2074 dit-il
360 2037 383 2073 k
399 2035 525 2076 Malus,
551 2046 623 2073 une
638 2024 761 2085 jambe
777 2035 979 2078 traînante,
1012 2035 1106 2072 mais
1123 2046 1279 2094 croyons
1309 2046 1379 2084 que
1407 2034 1491 2073 c’est
1530 2046 1577 2072 un

116 2092 308 2135 avantage,
333 2096 439 2136 parce
457 2096 528 2135 que
547 2096 638 2123 nous
654 2096 837 2134 avançons
860 2085 942 2135 plus
963 2085 1163 2123 lentement
1177 2085 1268 2122 dans
1290 2085 1325 2122 la
1345 2084 1516 2127 carrière,
1544 2090 1581 2122 et

117 2146 210 2173 nous
240 2136 449 2174 arriverons
469 2136 551 2184 plus
575 2134 655 2173 tard
673 2145 719 2173 au
744 2142 859 2173 terme
886 2135 933 2172 du
955 2145 1105 2184 voyage.
1127 2133 1221 2171 Tant
1249 2145 1320 2183 que
1355 2134 1389 2171 la
1420 2134 1494 2171 tête
1524 2140 1579 2172 est

115 2184 250 2233 bonne,
276 2185 416 2235 l’esprit
437 2186 553 2223 calme
572 2190 608 2223 et
623 2184 655 2223 le
674 2196 773 2222 cœur
791 2183 1013 2234 susceptible
1031 2183 1331 2228 d’attachement,
1349 2183 1384 2221 la
1397 2183 1580 2222 vieillesse

116 2240 171 2272 est
197 2234 445 2285 supportable.
471 2234 554 2272 Mon
582 2233 651 2284 âge
675 2233 720 2272 de
739 2235 785 2273 80
809 2245 875 2271 ans
900 2239 1086 2283 comporte
1105 2233 1201 2270 aussi
1223 2245 1263 2271 sa
1284 2233 1522 2283 coquetterie,
1544 2240 1580 2271 et

120 2284 149 2322 si
173 2284 207 2322 M
213 2292 251 2308 me
270 2285 317 2323 de
336 2284 546 2322 Lierreville
564 2295 609 2322 ne
632 2283 809 2322 m’aimait
828 2294 891 2333 pas
912 2288 1043 2321 autant
1055 2294 1126 2331 que
1142 2283 1177 2332 je
1197 2282 1330 2331 l’aime,
1346 2282 1418 2321 ellemérite¬

120 2334 192 2372 rait
210 2333 325 2373 d’être
349 2333 541 2382 étranglée
550 2363 606 2372 ...
639 2349 654 2367 »
679 2334 794 2384 Après
819 2339 915 2371 cette
940 2331 1098 2370 boutade
1119 2332 1285 2382 galante,
1324 2333 1347 2371 il
1376 2332 1549 2370 continue
1571 2344 1578 2369 :

123 2398 140 2420 «
161 2384 204 2422 Je
219 2385 274 2422 vis
293 2384 337 2422 ici
358 2395 403 2422 au
426 2384 549 2422 milieu
578 2383 641 2421 des
662 2382 772 2421 livres
791 2389 828 2421 et
855 2382 919 2420 des
939 2388 1030 2426 arts,
1053 2381 1147 2420 dans
1165 2394 1236 2420 une
1251 2381 1341 2432 jolie
1363 2392 1580 2430 campagne,

122 2444 167 2472 ne
190 2441 327 2484 voyant
347 2445 417 2484 que
437 2435 601 2483 très-peu
626 2432 769 2477 d’amis,
792 2432 1011 2470 m’amusant
1043 2432 1090 2469 de
1121 2443 1196 2469 mes
1214 2431 1419 2477 souvenirs,
1440 2431 1484 2469 de
1508 2442 1583 2469 mes

124 2486 290 2532 pensées,
311 2484 357 2522 de
376 2494 453 2521 mes
474 2482 680 2525 réflexions,
703 2493 789 2520 sans
808 2488 962 2530 regrets,
981 2492 1067 2519 sans
1085 2481 1202 2519 désirs
1223 2481 1369 2518 au-delk
1391 2481 1438 2518 du
1468 2480 1586 2519 cercle

124 2532 169 2572 de
188 2534 223 2572 la
242 2533 300 2571 vie
317 2545 390 2583 que
405 2532 442 2583 je
467 2544 522 2571 me
537 2532 613 2571 suis
641 2533 773 2576 tracée,
796 2537 832 2570 et
849 2532 912 2582 j’ai
935 2532 1111 2569 conservé
1133 2541 1192 2568 ma
1209 2531 1343 2579 gaieté,
1377 2542 1434 2567 ma
1466 2532 1583 2573 santé,

126 2594 211 2621 mon
242 2583 405 2621 activité.
426 2582 519 2621 Tout
538 2593 578 2620 ce
599 2582 661 2631 qui
685 2582 847 2632 pourrait
878 2581 1014 2620 altérer
1041 2586 1138 2619 celte
1167 2586 1353 2619 existence
1383 2579 1496 2617 douce
1534 2585 1588 2617 est

126 2631 209 2671 hors
229 2633 275 2671 de
295 2633 381 2671 moi.
404 2647 420 2666 »
