1850 2972
835 174 877 212 -
907 174 953 212 18
982 194 1026 202 -

200 268 288 303 4235
310 268 597 316 Longueville
625 272 918 316 (Anne-Genev.
956 272 1003 306 de
1041 271 1242 314 Bourbon,
1278 272 1469 307 duchesse
1505 272 1583 316 de),
1622 272 1661 307 la

312 313 460 357 grande
481 315 724 360 Frondeuse,
745 316 842 352 dont
874 317 923 352 M.
951 316 1096 351 Cousin
1125 327 1148 351 a
1164 316 1266 351 écrit
1291 316 1329 351 la
1358 315 1435 351 vie.
1450 335 1489 340 —
1505 316 1549 351 L.
1571 327 1605 351 a.
1627 327 1657 352 s.

311 367 360 391 au
390 359 567 394 cardinal
599 361 646 396 de
666 361 782 404 Retz;
803 364 846 396 30
869 359 965 406 juil.
997 363 1094 403 1677,
1115 363 1136 395 2
1155 370 1190 405 p.
1223 362 1285 403 1/2
1303 360 1400 395 in-8.
1427 359 1576 405 Légère
1598 360 1660 395 dé¬

311 400 485 439 chirure.
506 406 604 439 Rare.
1551 407 1595 440 35
1641 417 1658 436 »

347 445 408 477 Elle
438 447 476 479 lui
494 449 626 487 exprime
652 458 683 480 sa
696 450 754 488 joie
781 451 816 480 de
834 457 887 480 son
916 451 1015 480 retour
1031 449 1067 480 de
1092 449 1193 487 Rome,
1209 450 1245 480 où
1272 448 1290 478 il
1319 449 1389 480 était
1415 448 1469 480 allé
1485 449 1606 480 assister
1624 456 1660 480 au

316 486 462 517 conclave.

200 533 287 567 4236
309 534 468 571 Louise
495 538 549 572 de
577 538 750 581 Savoie,
784 538 974 573 duchesse
1001 537 1298 589 d’Angouléme,
1326 537 1433 572 mère
1462 537 1508 572 de
1539 537 1661 572 Fran¬

311 578 391 613 çois
410 580 426 614 I
429 586 457 602 er
460 607 469 623 ,
491 582 654 627 régente
675 582 721 617 de
742 583 908 618 France.
927 600 965 605 —
984 582 1027 617 L.
1049 592 1083 617 a.
1105 581 1127 616 à
1145 582 1333 617 Michelle
1360 581 1407 616 de
1433 581 1658 624 Saubonne,

313 624 325 657 I
351 632 385 668 p.
407 623 507 668 in-4;
528 628 636 661 trace
658 626 704 661 de
725 627 875 662 cachet.
897 627 1040 667 Superbe
1053 628 1156 671 pièce.
1555 627 1595 660 15
1641 639 1658 658 »

357 668 416 698 Elle
430 671 532 700 envoie
549 672 575 701 le
595 674 714 708 porteur
728 672 764 702 de
793 675 866 702 cette
879 672 965 701 lettre
981 672 1086 701 devers
1102 672 1126 700 la
1156 671 1235 702 reine
1252 678 1325 708 pour
1341 670 1441 701 savoir
1469 671 1504 701 de
1521 678 1569 701 ses
1588 678 1660 700 nou¬

318 708 416 742 velles,
436 716 469 739 ce
482 709 529 747 qui
549 710 614 748 plus
630 711 668 740 lui
686 711 780 741 donne
803 711 893 741 d’aise
914 711 1000 749 après
1013 716 1061 740 ses
1081 710 1192 740 bonnes
1208 711 1323 748 grâces.
1347 721 1360 735 «
1381 710 1409 739 Si
1423 710 1451 747 je
1464 717 1499 740 ne
1516 710 1661 747 craignois

316 746 350 775 de
364 754 437 777 vous
455 748 645 786 importuner,
659 750 856 787 ajoute-t-elle,
877 750 894 779 il
913 758 948 780 ne
960 757 992 780 se
1009 753 1163 788 passeront
1186 751 1292 788 guères
1309 748 1344 779 de
1357 749 1441 787 jours
1466 756 1521 786 que
1536 756 1609 779 vous
1625 757 1660 779 ne

324 792 397 816 vous
414 788 615 824 aperseussiés
630 789 666 819 de
686 796 730 818 ma
751 790 899 819 mauvaise
914 788 1127 827 escripture...
1138 801 1151 815 »

199 834 285 870 4237
308 834 626 872 Louise-Marie
644 839 699 872 de
717 838 901 880 France,
923 837 1003 872 fille
1024 837 1071 872 de
1091 837 1212 872 Louis
1232 837 1316 880 XV,
1336 837 1555 883 religieuse
1577 846 1660 871 car¬

309 878 458 921 mélite,
490 881 586 916 dont
631 881 755 917 l’abbé
799 882 972 928 Proyart
1008 891 1031 916 a
1077 881 1179 917 écrit
1209 881 1248 916 la
1282 882 1361 918 vie.
1388 902 1425 908 —
1455 882 1498 917 L.
1535 892 1569 916 a.
1607 891 1659 925 s.;

308 925 352 957 20
369 926 468 968 sept.
492 927 587 968 1779,
611 927 623 960 1
648 936 683 971 p.
707 926 757 971 pl.
779 926 875 969 in-4,
897 925 1037 961 cachet
1056 926 1078 960 à
1092 936 1153 961 ses
1173 936 1315 962 armes.
1571 927 1592 960 3
1616 927 1661 960 50

201 978 287 1013 4238
311 978 482 1023 Louvet
500 979 642 1026 (J.-B.),
662 980 985 1023 conventionnel,
1012 982 1158 1015 auteur
1182 980 1234 1015 du
1264 991 1403 1015 roman
1428 980 1475 1015 de
1502 981 1660 1015 Faublas.

308 1042 345 1048 —
365 1022 407 1056 L.
440 1033 470 1059 s.
497 1030 544 1059 de
575 1024 646 1065 lui,
674 1027 808 1060 Doulcet
812 1028 820 1068 ,
840 1028 953 1069 Henry
972 1027 1153 1068 Lariviére,
1173 1025 1209 1060 J.
1241 1026 1350 1068 Debry
1372 1027 1413 1060 et
1440 1026 1646 1060 Cambacérès
1650 1051 1659 1066 ,

310 1066 505 1103 membres
541 1068 593 1104 du
632 1070 782 1105 Comité
813 1070 859 1104 de
892 1070 971 1106 Sal.
993 1069 1117 1115 publ.,
1156 1079 1206 1104 au
1250 1071 1338 1115 gén.
1377 1069 1659 1112 Kellermann;

314 1112 348 1145 II
371 1111 515 1148 therm.
537 1124 585 1148 an
607 1113 673 1156 III,
693 1117 714 1150 2
733 1124 769 1159 p.
791 1113 889 1149 in-4.
1573 1116 1594 1147 4
1642 1124 1658 1143 »

199 1166 287 1201 4239
309 1166 615 1212 Mac-Glellan,
635 1168 794 1204 illustre
816 1168 975 1215 général
990 1179 1038 1203 en
1054 1168 1147 1203 chef
1163 1168 1231 1204 des
1249 1171 1413 1213 troupes
1434 1167 1480 1202 de
1500 1166 1661 1202 l’Union

309 1210 548 1247 américaine
579 1213 753 1263 pendant
780 1213 819 1248 la
844 1213 1028 1248 dernière
1058 1223 1218 1258 guerre.
1239 1233 1275 1239 —
1293 1212 1337 1247 L.
1367 1222 1400 1247 a.
1422 1223 1452 1248 s.
1481 1212 1504 1246 à
1522 1211 1660 1246 Vatte-

311 1264 438 1299 mare;
462 1256 739 1303 Washington,
760 1260 803 1293 23
823 1258 917 1293 août
940 1260 1034 1301 1848,
1059 1260 1071 1292 1
1100 1268 1136 1302 p.
1158 1258 1254 1292 in-4.
1570 1258 1592 1291 5
1639 1268 1655 1286 »

355 1305 444 1335 Envoi
466 1306 688 1346 d’exemplaires
706 1310 740 1338 de
757 1308 784 1338 la
802 1312 882 1339 carie
904 1309 939 1339 de
957 1308 984 1338 la
1000 1315 1161 1347 campagne
1179 1309 1216 1338 du
1237 1308 1372 1345 Mexique
1391 1316 1426 1338 en
1449 1308 1535 1343 1847,
1573 1307 1590 1337 U
1616 1306 1660 1336 la¬

316 1344 410 1381 quelle
427 1344 445 1375 il
461 1346 517 1383 prit
532 1354 587 1376 une
604 1347 748 1385 glorieuse
767 1350 841 1385 part.

201 1388 288 1428 4240
311 1388 475 1439 Mairet
499 1395 636 1440 (Jean),
663 1396 817 1432 célèbre
844 1397 956 1442 poète
984 1396 1167 1439 dramat.,
1194 1396 1230 1431 le
1255 1396 1523 1431 réformateur
1552 1394 1599 1429 de
1624 1394 1663 1429 la

311 1438 490 1482 tragédie
511 1451 558 1474 en
580 1440 745 1484 France,
766 1442 1004 1487 précurseur
1023 1440 1069 1475 de
1090 1440 1304 1484 Corneille,
1326 1441 1375 1475 né
1397 1441 1419 1474 à
1442 1440 1660 1488 Besançon.

311 1501 349 1507 —
367 1485 410 1516 L.
432 1493 465 1518 a.
486 1495 515 1519 s.
548 1495 626 1519 aux
659 1492 866 1531 gouvern"
894 1485 940 1520 de
972 1485 1011 1520 la
1034 1485 1372 1520 Franche-Comté
1400 1487 1441 1520 et
1468 1484 1515 1518 de
1539 1484 1664 1519 Bour¬

315 1535 464 1584 gogne;
493 1529 619 1569 Paris,
649 1532 693 1565 30
724 1530 801 1564 mai
833 1532 930 1571 1653,
953 1532 965 1564 1
990 1539 1026 1574 p.
1048 1530 1101 1574 pl.
1128 1529 1236 1573 in-f.,
1269 1529 1420 1564 cachet.
1444 1529 1526 1564 Une
1546 1528 1662 1563 tache

311 1568 407 1605 dans
428 1582 504 1607 une
534 1583 670 1619 marge
701 1576 742 1609 et
772 1584 849 1609 une
881 1573 1093 1609 déchirure
1125 1574 1222 1609 dans
1249 1583 1302 1608 un
1334 1574 1453 1618 angle
1473 1573 1662 1608 enlevant

311 1616 502 1661 quelques
544 1620 645 1653 mots
686 1618 778 1653 d’un
816 1618 1129 1664 post-scriptum.
1171 1620 1385 1662 Autographe
1414 1620 1454 1652 de
1490 1620 1575 1652 toute
1603 1627 1661 1651 ra¬

315 1662 393 1695 reté.
1554 1663 1598 1696 30
1645 1673 1661 1693 »

359 1704 442 1735 Pièce
456 1705 616 1744 historique
631 1707 909 1739 très-intéressante.
926 1724 963 1729 —
982 1706 1099 1742 Mairet,
1120 1707 1198 1737 alors
1216 1707 1365 1744 président
1390 1708 1427 1737 du
1449 1706 1610 1745 parlement
1628 1706 1664 1736 de

320 1742 389 1773 Dète
404 1745 420 1773 k
447 1744 472 1774 la
493 1753 574 1782 cour,
606 1746 707 1777 mande
728 1754 784 1784 que
811 1747 836 1776 le
862 1746 1007 1776 maréchal
1035 1747 1071 1777 de
1099 1747 1137 1776 La
1158 1746 1245 1777 Fcrté
1263 1754 1294 1776 so
1315 1747 1466 1784 proposait
1480 1746 1609 1775 d'entrer
1628 1753 1662 1775 en

320 1782 576 1821 Franche-Comté,
593 1793 627 1814 au
649 1786 758 1823 mépris
769 1786 805 1815 du
823 1786 908 1815 traité
926 1785 961 1815 de
985 1785 1137 1815 neutralité
1167 1785 1250 1823 (qu’il
1278 1785 1358 1816 avait
1388 1785 1489 1815 conclu
1520 1784 1665 1814 lui-mème

319 1828 388 1851 avec
404 1822 543 1859 Mazarin,
573 1831 609 1853 au
628 1831 693 1854 nom
711 1824 745 1855 de
759 1826 833 1855 cette
850 1823 1011 1862 province).
1038 1825 1060 1854 Il
1076 1825 1154 1855 vient
1171 1825 1206 1855 de
1234 1832 1321 1862 parer
1336 1824 1362 1855 le
1381 1832 1469 1863 coup,
1486 1827 1514 1854 et
1531 1831 1567 1854 on
1585 1823 1623 1853 lui
1645 1831 1662 1853 a

320 1862 433 1891 montré
451 1862 468 1891 à
484 1862 510 1892 la
528 1870 600 1893 cour
616 1863 659 1893 les
674 1863 772 1894 lettres
790 1864 827 1894 du
848 1864 888 1894 roi
905 1867 933 1894 et
947 1864 986 1894 du
1010 1867 1105 1894 comte
1122 1865 1159 1895 de
1186 1863 1310 1894 Britnne
1324 1864 1454 1894 donnant
1465 1863 1665 1893 contre-ordre

320 1906 357 1929 au
372 1900 529 1931 maréchal.
547 1902 569 1932 11
588 1903 681 1932 donne
699 1903 751 1933 des
763 1902 912 1933 nouvelles
934 1903 970 1933 de
991 1903 1155 1940 Bordeaux,
1173 1903 1221 1940 qui
1238 1905 1282 1933 est
1299 1902 1383 1933 serré
1398 1903 1434 1933 de
1452 1902 1532 1940 près,
1546 1904 1575 1932 et
1595 1902 1665 1932 dont

321 1937 362 1968 les
380 1938 526 1970 habitants
549 1941 685 1971 viennent
713 1942 730 1972 d
744 1949 871 1980 covoyer
889 1943 907 1971 à
926 1942 1056 1972 Londres
1074 1942 1126 1972 des
1143 1941 1265 1980 députés
1281 1950 1356 1980 pour
1374 1942 1455 1972 avoir
1474 1941 1511 1971 du
1524 1948 1659 1971 secours.

324 1987 335 2001 «
356 1978 395 2007 Le
424 1979 547 2016 premier
565 1980 706 2015 courrier,
723 1981 886 2018 ajoute-t-il,
903 1988 976 2011 nous
994 1981 1057 2011 dira
1079 1985 1147 2019 peut
1165 1984 1244 2011 estre
1262 1981 1358 2018 quelle
1372 1989 1444 2012 aura
1458 1980 1519 2011 esté
1539 1980 1602 2010 leur
1617 1981 1664 2011 ré¬

319 2017 433 2055 ception
446 2020 474 2048 et
486 2018 547 2048 leur
566 2019 703 2050 audience
720 2020 794 2050 dans
812 2020 837 2050 le
855 2020 1027 2057 parlement.
1041 2019 1119 2050 L’air
1137 2022 1174 2051 du
1192 2020 1302 2050 bureau
1320 2023 1364 2051 est
1383 2022 1461 2059 desja
1478 2026 1552 2058 pour
1568 2026 1634 2050 eux.
1649 2032 1662 2046 »

321 2055 474 2093 (Ciomwel
502 2057 654 2088 n’accorda
683 2059 763 2097 point
786 2059 828 2089 les
855 2066 975 2090 secours
998 2059 1168 2094 demandés,
1200 2062 1229 2089 et
1259 2059 1412 2090 Bordeaux
1448 2067 1479 2089 se
1506 2058 1614 2088 soumit
1640 2058 1667 2089 le

320 2095 353 2124 31
374 2095 489 2134 juillet.)

204 2144 288 2178 4241
317 2144 564 2190 Marchand
591 2146 639 2190 (le
678 2146 826 2191 baron),
855 2146 963 2182 valet
994 2147 1041 2182 de
1073 2146 1134 2181 ch.
1173 2146 1220 2181 de
1249 2145 1453 2192 Napoléon
1480 2145 1511 2180 P
1515 2151 1526 2166 r
1530 2172 1539 2188 ,
1569 2145 1665 2190 qu’il

315 2187 440 2223 suivit
468 2189 490 2223 à
517 2190 834 2234 Sainte-Hélène,
867 2192 1014 2227 auteur
1038 2191 1085 2226 de
1110 2192 1295 2226 Mémoires.
1315 2212 1351 2217 —
1371 2189 1414 2225 L.
1442 2200 1477 2224 a.
1498 2199 1544 2233 s.,
1568 2192 1665 2233 1836,

319 2234 331 2266 1
357 2241 393 2277 p.
415 2232 507 2268 in-8.
1578 2236 1600 2270 2
1648 2246 1664 2266 »

206 2288 293 2322 4242
316 2288 667 2331 Marie-Amélie,
704 2290 815 2324 reine
841 2289 909 2325 des
944 2289 1149 2325 Français.
1170 2309 1207 2315 —
1226 2289 1269 2325 L.
1302 2299 1338 2324 a.
1369 2289 1445 2332 sig.
1474 2289 1533 2331 A.,
1568 2290 1665 2330 1839,

322 2333 333 2366 1
357 2342 393 2377 p.
416 2327 530 2367 in-18.
1060 2327 1071 2338 3
1584 2335 1596 2367 1
1624 2335 1668 2367 50

206 2388 294 2422 4243
318 2388 585 2432 Marmontel
615 2387 752 2433 (J.-F.),
779 2388 932 2424 célèbre
964 2388 1197 2425 littérateur
1233 2388 1285 2423 du
1313 2394 1427 2423 xviii®
1457 2386 1590 2429 siècle,
1620 2387 1667 2422 de

318 2431 462 2467 l’Acad.
484 2432 549 2475 fr.,
570 2434 617 2467 né
636 2432 659 2467 à
676 2433 780 2468 Bord
801 2434 984 2479 (Creuse).
999 2453 1035 2459 —•
1054 2434 1097 2469 L.
1120 2444 1154 2469 a.
1175 2443 1206 2470 s.
1227 2434 1250 2468 à
1268 2432 1393 2468 l’abbé
1413 2432 1642 2477 Desauaays
1657 2444 1666 2476 ;

319 2476 446 2520 Paris,
466 2479 510 2512 25
529 2477 631 2512 avril
653 2479 748 2521 1787,
772 2480 785 2512 1
809 2488 845 2523 p.
866 2481 945 2523 pet.
968 2477 1061 2513 in-4.
1563 2478 1603 2511 12
1649 2489 1666 2508 »

366 2527 495 2558 Relative
510 2529 525 2557 k
542 2529 567 2557 la
585 2528 727 2565 première
744 2529 850 2559 édition
866 2530 902 2559 de
918 2537 966 2559 scs
984 2536 1100 2560 œuvres
1113 2529 1283 2567 complètes,
1300 2527 1412 2558 donnée,
1426 2534 1485 2575 par
1499 2527 1664 2557 lui-même.

326 2566 368 2595 On
388 2574 403 2596 a
421 2567 473 2597 fait
490 2567 629 2597 autrefois
647 2575 684 2597 un
713 2568 820 2598 recueil
842 2568 878 2598 de
895 2568 998 2606 petites
1028 2568 1126 2606 pièces
1150 2568 1322 2605 composées
1350 2567 1430 2598 dansr
1439 2573 1492 2596 son
1515 2566 1601 2604 jeune
1616 2565 1670 2603 âge

326 2604 461 2643 (Recueil
479 2606 515 2635 tic
538 2604 688 2645 quelques
706 2605 808 2645 pièces
842 2606 1003 2646 fugitives,
1040 2607 1126 2642 1756,
1158 2606 1264 2645 in-12).
1296 2606 1443 2638 Peut-être
1465 2604 1670 2639 trouverait-il,

327 2652 400 2684 pour
418 2645 445 2677 la
461 2645 609 2676 collection
628 2647 662 2677 de
681 2653 730 2676 ses
742 2653 869 2682 œuvres,
893 2647 1034 2685 quelques
1060 2646 1160 2679 bribes
1177 2646 1250 2680 dans
1271 2653 1320 2679 CCS
1339 2644 1513 2684 bagatelles;
1541 2644 1616 2674 mais
1639 2652 1671 2674 ce
