1802 3007
776 160 973 222 - 19 -
302 268 441 298 Curieuse
462 268 545 297 lettre
566 265 640 296 dans
659 264 780 302 laquelle
799 265 817 294 il
832 272 863 295 se
878 265 969 303 plaint
987 273 1042 304 que
1059 274 1112 296 son
1139 265 1272 296 discouts
1302 264 1488 294 d'ouverture
1509 263 1544 294 de
1576 264 1602 293 la

261 305 335 336 diète
353 315 368 336 a
390 307 435 337 été
455 306 511 336 mal
523 304 631 335 traduit
651 311 702 341 par
722 304 762 334 les
783 303 925 342 gazetiers
940 304 1076 341 français.

153 351 233 384 1005
256 351 414 394 Guyon
432 348 623 394 (Emélie),
645 347 801 382 célèbre
822 348 1084 393 tragédienne
1104 348 1155 383 du
1176 347 1333 382 théâtre
1348 346 1549 394 Français.
1562 366 1603 371 —

257 393 300 428 L.
321 404 355 429 a.
376 405 406 429 s.
427 394 462 438 (à
479 395 517 429 M
523 399 560 415 me
581 393 716 436 Roger
735 391 782 426 de
802 392 1025 436 Beauvoir),
1044 395 1056 427 1
1080 403 1117 437 p.
1139 392 1234 427 in-8.
1461 384 1472 393 "
1523 392 1533 424 1
1562 392 1605 425 50

146 439 233 472 4000
256 439 433 482 Halévy
452 439 534 482 (F.),
550 436 705 472 célèbre
726 437 1007 480 compositeur,
1028 440 1174 472 auteur
1192 437 1239 471 de
1261 436 1299 470 la
1316 437 1422 470 Juive.
1442 454 1485 460 —
1500 434 1541 469 L.
1568 445 1603 468 a.

256 492 285 516 s.
307 482 329 517 à
348 483 400 517 M.
421 482 650 523 Désarbres,
673 482 685 515 1
711 490 745 525 p.
773 480 891 516 in-18.
1523 481 1534 513 1
1562 481 1606 514 25

146 527 231 560 4007
255 527 432 571 Hallam
463 525 638 571 (Henry),
658 527 799 560 savant
829 525 1024 561 historien
1051 525 1219 571 anglais.
1257 545 1298 549 —
1334 524 1378 559 L.
1412 533 1446 558 a.
1467 533 1513 566 s.,
1532 525 1544 557 1
1567 533 1603 568 p.

259 570 373 606 iu-12.
1519 570 1541 603 2
1587 579 1604 599 »

145 615 232 649 4008
255 615 408 659 Haller
426 615 579 659 (Albert
604 613 676 656 de),
715 613 874 648 illustre
911 616 1051 648 savant
1081 614 1131 648 du
1153 623 1251 648 xvin
1254 619 1265 635 0
1285 612 1418 648 siècle.
1439 632 1481 637 —
1506 611 1548 648 L.
1570 622 1603 646 a.

257 669 300 698 s.,
322 670 371 694 en
391 659 506 702 latin,
527 669 576 693 au
589 658 745 692 célèbre
761 657 956 693 botaniste
968 658 1189 702 Burmann;
1210 657 1358 699 Roche,
1371 656 1481 692 9tëv.
1500 658 1601 697 1761;

259 703 357 738 beau
378 704 517 738 cachet
547 703 570 737 à
599 712 661 737 ses
692 712 833 744 armes,
856 702 956 737 dans?
985 702 1197 748 lesquelles
1224 712 1264 737 se
1292 704 1433 736 trouve
1465 712 1518 735 un
1544 700 1608 745 jet

259 747 385 791 d’eau,
407 758 500 782 avec
520 748 624 782 cette
645 746 798 782 devise:
818 748 985 782 Fecundat
1003 751 1033 782 et
1052 749 1169 783 Oimat.
1520 747 1541 780 8
1587 757 1604 776 »

305 793 406 831 Epitro
418 795 497 824 toute
508 792 629 824 relative
644 793 660 822 à
681 792 710 822 la
728 792 895 830 botanique,
922 795 950 823 et
967 800 1003 822 au
1022 800 1110 824 verso
1131 793 1166 823 de
1186 791 1310 830 laquelle
1335 793 1380 822 est
1396 791 1423 822 la
1442 790 1551 821 minute
1571 790 1607 820 de

266 832 292 862 la
312 832 436 871 réponse
451 833 486 863 de
504 833 666 863 Burmann.

148 877 235 911 4009
258 876 431 920 Harlay
450 875 617 911 (Achille
637 875 711 918 de),
741 875 952 920 magistrat
982 875 1141 911 illustre
1161 885 1232 921 par
1251 885 1293 910 sa
1313 874 1480 910 fermeté
1512 884 1606 920 pen¬

261 920 357 956 dant
387 920 426 956 la
455 921 580 965 ligue.
618 940 652 947 —
679 919 790 955 Belle
822 920 922 965 quit.
955 920 1045 965 sig.,
1077 930 1147 956 sur
1172 920 1322 966 papier,
1354 920 1447 963 1607,
1478 920 1540 963 1/4
1569 928 1606 964 p.

259 964 352 1000 in-f.
1520 966 1541 999 2
1565 965 1608 998 50

150 1011 234 1045 1010
257 1010 391 1059 Hauy
410 1008 637 1053 (Valentin),
659 1008 814 1044 célèbre
834 1009 1075 1045 instituteur
1094 1009 1162 1044 des
1182 1008 1384 1054 aveugles,
1401 1008 1448 1042 né
1470 1018 1518 1043 en
1540 1007 1606 1042 Pi¬

260 1054 407 1089 cardie.
427 1073 469 1079 —
488 1054 531 1089 L.
553 1064 588 1089 a.
609 1064 639 1088 s.
662 1053 684 1088 à
702 1064 756 1088 un
776 1053 951 1088 membre
966 1054 1017 1089 du
1034 1054 1247 1089 directoire
1262 1053 1313 1088 du
1334 1053 1609 1098 département

263 1098 309 1133 de
330 1098 464 1142 Paris;
484 1101 527 1134 28
542 1098 654 1143 janv.
678 1100 773 1141 1792,
794 1101 815 1133 3
833 1108 870 1143 p.
891 1098 982 1133 in-4.
1521 1099 1543 1131 3
1590 1109 1606 1128 »

306 1144 447 1174 Curieuse
466 1145 549 1174 lettre
568 1145 602 1173 de
621 1137 851 1174 récriminations
870 1146 969 1174 contre
984 1143 1077 1174 l’abbé
1093 1144 1205 1179 Sicard,
1220 1151 1273 1174 son
1289 1142 1422 1174 confrère
1440 1143 1456 1172 It
1471 1141 1499 1172 la
1515 1142 1607 1172 direc¬

269 1183 326 1212 tion
343 1183 378 1213 de
393 1182 578 1214 l’Institution
597 1183 649 1214 des
659 1183 807 1220 aveugles.

150 1228 231 1262 4011
261 1226 411 1271 Havin
439 1226 521 1272 (L.),
554 1226 699 1272 député
732 1226 778 1260 de
808 1225 847 1263 la
876 1226 1056 1269 Manche,
1097 1226 1301 1261 directeur
1327 1225 1522 1271 politique
1556 1225 1606 1259 du

261 1271 364 1305 Siècle
383 1297 392 1312 ,
411 1273 517 1306 mort
535 1281 585 1306 en
605 1281 695 1306 nov.
714 1273 810 1306 1868.
831 1271 930 1306 —L.
952 1282 986 1306 a.
1008 1281 1038 1306 s.
1059 1271 1146 1306 àM.
1166 1271 1292 1316 Page;
1314 1270 1442 1313 Paris,
1463 1273 1485 1305 6
1504 1270 1606 1314 sept.

265 1316 362 1358 1848,
388 1317 399 1349 1
423 1325 458 1361 p.
474 1317 554 1361 pet.
570 1315 662 1350 in-4.
1522 1317 1543 1350 2
1566 1316 1610 1349 50

308 1360 329 1390 Il
352 1360 494 1391 demande
511 1362 538 1392 la
552 1362 624 1392 mise
639 1370 674 1392 en
696 1360 797 1391 libellé
814 1359 882 1391 d’un
902 1360 1029 1399 prévenu
1048 1361 1083 1392 de
1096 1360 1175 1392 Juin.

151 1406 239 1440 4012
262 1406 498 1448 Hortense,
519 1405 630 1440 reine
649 1405 696 1440 de
717 1404 926 1448 Hollande,
947 1405 1053 1439 mère
1074 1405 1121 1439 de
1141 1404 1344 1450 Napoléon
1366 1404 1433 1439 III.
1454 1424 1496 1429 —
1513 1403 1556 1438 L.
1574 1414 1607 1439 a.

261 1459 306 1491 s.,
328 1449 466 1492 Rome,
487 1454 508 1484 8
523 1449 634 1495 janv.
659 1452 754 1491 1829,
779 1452 790 1483 1
814 1460 850 1494 p.
872 1449 924 1494 pl.
946 1449 1052 1493 in-8.,
1075 1460 1127 1484 un
1149 1459 1223 1494 peu
1239 1450 1400 1494 rognée.
1521 1450 1564 1483 25
1590 1461 1606 1480 »

308 1494 450 1525 Curieuse
463 1496 555 1533 épine
577 1496 593 1525 à
612 1503 668 1525 une
684 1494 769 1526 dame
786 1496 833 1532 qui
858 1495 954 1533 publie
976 1496 1027 1525 des
1060 1496 1217 1526 mémoires
1238 1503 1289 1523 sur
1308 1494 1512 1533 l'impératrice
1528 1494 1610 1524 José¬

269 1533 368 1571 phine,
393 1536 421 1563 et
436 1535 482 1572 qui
502 1534 644 1565 demande
660 1535 711 1566 des
729 1533 909 1565 documents.
927 1535 967 1564 La
998 1534 1078 1565 reine
1099 1534 1197 1564 refuse
1224 1536 1259 1563 de
1287 1534 1324 1563 lui
1345 1541 1380 1563 en
1394 1533 1611 1571 communiquer

270 1580 377 1610 aucun,
394 1573 432 1602 lui
452 1573 630 1611 reprochant
648 1573 761 1604 d’avoir
778 1573 871 1603 admis
887 1574 959 1603 dans
976 1581 1028 1603 son
1055 1575 1063 1602 1
1071 1580 1096 1593 er
1108 1574 1222 1603 volume
1241 1573 1291 1603 des
1317 1572 1418 1603 lettres
1440 1574 1553 1604 fausses
1572 1572 1610 1603 du

269 1612 375 1642 recueil
397 1612 492 1650 publié
512 1620 564 1651 par
579 1612 850 1650 Régnanlt-Warin,
869 1620 926 1650 que
942 1614 967 1643 le
984 1613 1083 1651 prince
1096 1613 1213 1651 Eugène
1227 1612 1372 1643 désavoua
1393 1619 1446 1650 par
1459 1620 1513 1642 une
1530 1613 1612 1642 lettre

267 1650 340 1682 dans
364 1651 405 1681 les
421 1651 567 1690 journaux
582 1653 619 1683 du
636 1654 740 1690 temps.
763 1664 776 1678 «
794 1653 814 1682 Il
834 1659 880 1682 me
897 1652 1019 1688 semble,
1036 1652 1131 1690 ajoute
1159 1653 1183 1682 la
1202 1651 1293 1688 reine,
1313 1658 1369 1689 que
1396 1651 1421 1680 la
1441 1651 1611 1682 délicatesse

265 1694 293 1720 et
311 1690 338 1720 la
355 1690 461 1721 finesse
479 1691 514 1721 de
533 1692 601 1729 goût
616 1691 701 1722 d'une
718 1691 822 1722 femme
846 1691 911 1721 bien
937 1691 1035 1722 élevée
1054 1698 1166 1722 comme
1182 1699 1254 1721 vous
1270 1698 1305 1720 ne
1331 1691 1478 1722 devraient
1498 1699 1550 1729 pas
1567 1691 1610 1728 s’y

267 1733 414 1768 tromper.
441 1741 453 1756 »

150 1776 239 1810 4013
263 1773 436 1818 Ingres,
457 1773 494 1808 le
515 1774 641 1818 grand
662 1775 818 1820 peintre
838 1774 1058 1809 d’histoire.
1096 1793 1137 1799 —
1168 1773 1210 1808 L.
1233 1784 1267 1808 a.
1287 1784 1317 1809 s.
1340 1774 1426 1809 àM.
1447 1773 1610 1818 Elwart,

262 1818 532 1863 compositeur
551 1818 598 1853 de
618 1819 821 1864 musique;
841 1821 880 1853 19
899 1829 988 1853 nov.
1013 1820 1108 1861 1855,
1134 1820 1146 1853 1
1172 1829 1206 1863 p.
1228 1818 1320 1854 in-8.
1523 1821 1543 1853 6
1591 1832 1607 1851 »

148 1870 236 1905 4014
259 1869 483 1913 Jefferson
502 1869 707 1914 (Thomas),
730 1870 888 1904 illustre
909 1869 1114 1913 président
1132 1869 1199 1903 des
1219 1868 1466 1903 Etats-Unis.
1496 1889 1538 1894 —
1566 1868 1609 1903 L.

262 1923 297 1947 a.
317 1923 347 1947 s.
369 1913 391 1947 à
409 1913 490 1948 Jos.
510 1914 713 1956 Tenwick,
734 1914 871 1949 consul
893 1914 959 1948 des
979 1913 1207 1948 Etast-Unis
1227 1913 1249 1947 à
1273 1912 1499 1957 Bordeaux;
1516 1912 1610 1948 Phi¬

263 1956 476 2002 ladelphie,
497 1960 539 1992 27
554 1957 649 2003 juil.
674 1961 768 2001 1793,
793 1960 854 2001 1/2
872 1969 909 2003 p.
931 1957 1027 1993 in-4.
1047 1959 1135 1993 Belle
1150 1960 1252 2002 pièce.
1508 1960 1546 1992 14
1592 1970 1609 1989 »

308 2003 345 2032 M.
369 2003 538 2040 Livingston
555 2012 586 2033 se
604 2004 728 2034 rendant
743 2012 777 2034 en
796 2004 907 2034 France
926 2010 999 2042 pour
1017 2011 1034 2040 y
1051 2003 1154 2034 établir
1169 2003 1221 2033 des
1233 2002 1369 2033 relations
1382 2003 1610 2038 commerciales,

268 2043 286 2072 il
314 2041 375 2080 prie
398 2042 424 2072 le
445 2042 547 2072 consul
573 2043 608 2073 de
628 2043 666 2073 lui
697 2043 808 2073 donner
829 2046 895 2074 tous
921 2044 963 2073 les
995 2044 1241 2081 renseignements
1264 2044 1334 2072 dont
1359 2042 1377 2072 il
1402 2049 1510 2080 pouria
1531 2043 1612 2073 avoir

269 2081 381 2111 besoin.

151 2122 239 2156 4015
262 2120 365 2163 Joly
384 2119 439 2153 de
457 2119 620 2163 Fleury
640 2119 871 2164 (Guil.-Fr.),
892 2130 1112 2165 procureur
1131 2118 1294 2166 général
1315 2131 1363 2155 au
1390 2120 1612 2166 parlement

261 2164 309 2199 de
330 2164 443 2199 Paris
463 2164 576 2207 après
597 2163 877 2209 d’Aguesseau,
901 2175 953 2200 un
973 2164 1040 2199 des
1064 2164 1299 2208 principaux
1314 2165 1611 2210 organisateurs

263 2209 315 2244 du
336 2208 454 2254 dépôt
473 2218 541 2243 ues
561 2208 738 2243 Chartes.
760 2229 801 2234 —
820 2209 863 2244 L.
885 2220 919 2244 a.
940 2220 970 2244 s.
991 2210 1025 2253 (à
1044 2210 1096 2243 M.
1117 2208 1164 2244 de
1188 2206 1446 2255 Lamoignon)
1462 2222 1471 2254 ;
1500 2213 1520 2245 3
1548 2220 1610 2244 oc¬

263 2253 377 2288 tobre
401 2255 496 2295 1718,
516 2255 537 2288 2
557 2263 593 2298 p.
614 2252 709 2288 in-4.
727 2255 815 2288 Belle
828 2256 932 2297 pièce.
1525 2256 1546 2289 2
1592 2266 1609 2286 »

151 2300 239 2334 4016
262 2298 429 2341 Joseph
452 2300 505 2339 II,
526 2307 737 2342 empereur
756 2298 1041 2343 d’Allemagne,
1063 2296 1218 2332 célèbre
1239 2308 1310 2342 par
1328 2308 1389 2333 ses
1404 2298 1610 2333 réformes.

263 2362 305 2367 —
334 2342 376 2377 L.
406 2352 436 2377 s.
463 2352 556 2376 avec
585 2342 623 2376 la
650 2342 861 2387 souscript.
894 2346 1045 2387 autog.,
1077 2352 1126 2376 en
1163 2341 1349 2391 français,
1387 2353 1436 2378 au
1474 2342 1610 2388 prince

264 2386 492 2431 (Esterhasy
503 2386 546 2430 ?);
567 2385 735 2429 Vienne,
760 2389 856 2429 1779,
880 2389 892 2421 1
916 2397 952 2432 p.
974 2386 1069 2420 in-4.
1090 2387 1179 2420 Belle
1191 2388 1294 2430 pièce.
1525 2390 1546 2421 7
1592 2399 1610 2418 »

152 2438 238 2472 4017
262 2436 516 2480 Joséphine,
544 2435 798 2480 impératrice
825 2436 892 2471 des
917 2435 1119 2482 Français.
1145 2455 1187 2460 —
1217 2436 1260 2471 L.
1292 2447 1323 2471 s.
1348 2446 1396 2471 au
1428 2437 1611 2472 ministre

264 2480 311 2515 de
332 2480 582 2524 l’intérieur;
603 2480 851 2523 Malmaison,
877 2483 912 2515 11
935 2491 1015 2526 sep.
1040 2483 1135 2522 1809,
1159 2482 1221 2523 1/2
1239 2491 1274 2526 p.
1297 2481 1388 2516 in-4.
1508 2483 1546 2516 10
1593 2494 1610 2513 »

151 2526 239 2560 4018
262 2526 420 2569 Judith
439 2525 490 2569 (M
494 2526 529 2547 lle
532 2526 554 2570 ),
576 2524 731 2559 célèbre
752 2525 1008 2560 comédienne
1029 2525 1080 2560 du
1101 2524 1492 2573 Théâtre-Français.
1512 2545 1554 2550 —
1566 2525 1610 2560 L.

264 2580 299 2604 a.
320 2580 374 2612 s.,
398 2572 410 2603 1
435 2579 470 2614 p.
493 2569 584 2604 in-8.
1403 2562 1414 2574 ’
1525 2572 1545 2604 2
1593 2582 1610 2602 »

152 2614 240 2648 4019
264 2614 442 2655 Kléber,
464 2614 624 2649 illustre
646 2613 808 2658 général
828 2613 875 2648 de
895 2613 933 2648 la
951 2613 1217 2658 République.
1237 2633 1279 2639 —
1299 2614 1341 2648 L.
1362 2624 1396 2648 a.
1417 2624 1447 2649 s.
1470 2624 1518 2648 au
1545 2614 1611 2648 Di¬

265 2658 437 2692 rectoire
463 2657 662 2700 exécutif;
694 2657 822 2700 Paris,
851 2660 894 2693 25
922 2658 1058 2693 nivôse
1089 2668 1138 2693 an
1173 2658 1234 2700 VI,
1258 2661 1268 2692 1
1310 2668 1346 2703 p.
1385 2658 1470 2693 in-f.
1501 2658 1610 2694 Belle
