1802 3007
727 167 770 205 -
805 167 849 206 19
880 188 921 196 -

211 268 319 298 recueil
336 276 371 297 ne
385 276 418 299 se
431 271 536 299 trouve
549 269 613 307 plus
626 269 654 298 ni
672 269 743 298 chez
761 268 804 298 les
819 268 954 299 libraires
973 268 1000 298 ni
1020 269 1035 298 à
1054 270 1081 298 la
1096 269 1302 308 Bibliothèque,
1321 281 1334 296 «
1358 272 1395 301 où
1410 279 1446 301 on
1460 270 1550 301 l’aura

213 306 269 336 mis
286 307 379 344 parmi
394 308 436 338 les
452 308 618 345 balayures.
642 320 655 334 »

98 352 185 389 4244
207 355 331 400 Mars
357 356 408 400 (M
412 357 448 379 Ile
451 357 474 401 ),
503 356 542 391 la
566 356 720 391 célèbre
752 356 1020 393 comédienne.
1036 374 1073 381 —
1096 357 1136 392 L.
1169 368 1199 393 s.
1232 357 1361 402 d’elle,
1392 360 1551 402 Baptiste,

208 401 371 440 Armand,
400 403 518 443 Lafon,
550 402 703 435 Michelot
721 403 761 436 et
786 403 947 445 Devigny,
963 411 1012 436 au
1034 401 1228 437 statuaire
1249 402 1381 448 Debay
1394 415 1402 446 ;
1424 403 1551 445 Paris,

213 444 252 477 16
271 443 352 479 déc.
377 447 473 488 1826,
493 448 514 480 2
533 455 569 490 p.
591 444 687 480 in-4.
1470 449 1491 482 6
1537 459 1553 478 »

252 494 396 525 Membres
411 496 449 526 du
465 496 578 526 Comité
599 493 861 525 d’administration
874 496 910 526 de
923 496 950 525 la
967 495 1102 526 Comédie
1121 496 1275 533 française,
1292 496 1327 527 ils
1346 497 1372 527 le
1386 498 1557 528 remercient

219 531 256 562 du
270 532 356 563 buste
369 533 406 563 de
423 535 534 564 Talma
552 534 622 565 dont
638 535 658 564 il
687 534 737 564 fait
752 534 871 572 présent
889 535 904 564 à
923 541 955 564 ce
970 535 1094 565 théâtre.
1124 536 1163 564 La
1183 536 1318 566 Comédie
1344 536 1485 573 française
1501 544 1516 573 y
1540 544 1555 565 a

218 578 342 602 reconnu
358 584 371 597 «
392 572 504 612 l'image
523 574 558 604 de
576 573 696 604 l’acteur
709 573 819 603 illustre
839 573 908 604 dont
931 573 958 603 la
980 577 1060 612 perte
1074 573 1111 604 l’a
1131 574 1251 611 plongée
1272 575 1345 605 dans
1357 575 1384 604 la
1402 575 1466 612 plus
1488 583 1557 613 pro¬

219 610 304 641 fonde
318 611 536 644 affliction...»

102 656 189 692 4245
212 659 363 704 Massé
383 660 466 706 (V.),
488 671 542 696 un
562 662 609 696 de
624 671 693 696 nos
709 661 797 706 plus
817 661 1005 706 gracieux
1026 662 1325 707 compositeurs,
1347 664 1492 698 auteur
1510 662 1557 698 de

212 701 251 738 la
269 705 371 738 Reine
391 708 528 749 Topaze.
550 727 586 732 —
605 705 645 740 L.
668 716 702 740 a.
723 716 768 748 s.,
798 707 810 740 1
834 715 869 750 p.
892 705 984 741 in-8.
1473 711 1484 742 1
1512 710 1556 743 25

103 755 190 791 4246
211 758 485 795 Maximilien
512 761 566 803 II,
598 771 700 805 emp.
726 760 1011 806 d’Allemagne,
1038 761 1105 806 qui
1126 761 1291 796 accorda
1316 772 1392 797 aux
1412 764 1560 808 protes¬

213 803 321 837 tants
358 804 394 838 le
427 804 528 839 libre
566 804 745 839 exercice
777 804 823 839 de
855 805 944 839 leur
980 805 1100 840 culte.
1128 808 1166 840 —
1196 808 1278 840 Belle
1312 806 1340 842 1.
1372 816 1416 849 s.,
1463 810 1558 849 1567,

219 847 231 880 1
257 856 292 891 p.
310 847 412 891 in-f.,
433 859 563 883 sceau.
1474 854 1496 887 2
1518 854 1561 887 50

105 900 190 935 4247
215 902 512 948 Mayne-Reid
530 903 579 948 (le
600 907 709 950 cap.),
731 903 884 938 célèbre
905 903 1128 938 romancier
1142 904 1309 947 anglais,
1330 906 1475 940 auteur
1494 906 1561 942 des

217 946 391 982 Chasseurs
410 949 449 982 de
474 949 668 984 chevelures.
684 970 719 975 —
733 948 776 983 L.
799 958 832 983 a.
854 959 898 991 s.,
919 951 940 983 3
958 958 995 993 p.
1017 947 1113 982 in-8.
1144 948 1252 984 Belle
1272 951 1312 984 et
1332 949 1560 985 charmante

216 989 358 1035 épître.
1477 997 1498 1030 3
1544 1008 1561 1026 »

107 1045 193 1079 4248
217 1046 419 1090 Mazarin
439 1046 486 1090 (le
508 1046 687 1082 cardinal
707 1046 844 1091 Jules),
867 1046 1025 1082 illustre
1051 1046 1206 1081 homme
1234 1047 1376 1084 d’Etat.
1398 1067 1432 1073 —
1453 1049 1495 1083 L.
1517 1060 1561 1092 s.,

218 1099 312 1123 avec
344 1101 396 1125 un
427 1091 724 1136 post-scriptum
754 1091 801 1126 de
829 1095 849 1127 3
874 1101 932 1136 gr.
963 1090 1092 1136 lignes
1124 1094 1257 1136 autog.
1285 1103 1334 1127 au
1366 1093 1563 1129 maréchal

218 1133 265 1168 de
292 1134 537 1178 Grammont,
565 1145 820 1179 gouverneur
844 1135 896 1170 du
926 1135 1054 1170 Béarn
1070 1148 1079 1177 ;
1100 1135 1300 1178 Bouillon,
1327 1139 1347 1171 4
1366 1139 1442 1171 oct.
1467 1140 1562 1181 1653,

223 1180 233 1212 1
259 1188 295 1223 p.
318 1178 370 1224 pl.
392 1179 484 1223 in-4,
505 1170 664 1215 cachets
682 1180 704 1214 à
723 1190 784 1215 ses
804 1189 932 1214 armes
951 1181 992 1214 et
1010 1179 1125 1215 soies.
1146 1182 1234 1214 Belle
1247 1183 1351 1225 pièce.
1458 1183 1496 1216 10
1545 1194 1562 1213 »

266 1224 363 1254 Lettre
382 1225 475 1261 pleine
491 1226 526 1256 de
541 1225 686 1263 cajolerie,
702 1225 737 1255 où
754 1226 771 1255 il
786 1226 909 1255 cherche
930 1225 946 1254 à
962 1225 988 1254 le
1004 1232 1150 1262 ramener,
1166 1227 1254 1263 après
1269 1226 1371 1256 l’avoir
1381 1224 1476 1256 blâmé
1493 1226 1566 1257 dans

226 1269 258 1292 sa
276 1263 419 1295 conduite.
453 1264 472 1294 Il
491 1267 534 1295 est
557 1264 711 1303 persuadé,
744 1271 856 1294 comme
874 1263 924 1299 lui,
954 1270 1008 1301 que
1024 1264 1050 1293 la
1065 1265 1131 1302 paix
1162 1271 1232 1294 avec
1246 1265 1288 1295 les
1305 1265 1465 1302 Espagnols
1484 1273 1519 1295 ne
1534 1273 1567 1296 sc

225 1301 344 1332 traitera
358 1304 420 1333 tout
435 1303 471 1333 de
491 1304 546 1334 bon
563 1304 669 1341 qu’aux
691 1303 847 1340 Pyrénées,
868 1306 896 1333 et
914 1301 959 1332 s’il
976 1303 1036 1333 doit
1050 1310 1067 1340 y
1085 1303 1145 1333 être
1163 1304 1307 1341 employé,
1326 1304 1344 1334 il
1361 1304 1492 1335 souhaite
1511 1312 1567 1343 que

226 1347 259 1371 ce
277 1341 333 1371 soit
351 1341 387 1372 de
405 1350 437 1373 ce
450 1342 564 1374 côté-lk.
582 1344 634 1380 (La
654 1342 721 1381 paix
740 1340 818 1373 n’eut
834 1342 889 1373 lieu
907 1349 962 1380 que
978 1342 1022 1372 six
1042 1349 1095 1372 ans
1113 1342 1178 1381 plus
1196 1342 1283 1382 tard.)

109 1390 196 1425 4249
219 1391 512 1437 Meissonnier
530 1392 613 1437 (E.),
634 1392 670 1427 le
691 1392 845 1428 célèbre
865 1391 1022 1438 peintre
1043 1392 1396 1437 contemporain.—
1415 1393 1458 1428 L.
1480 1404 1514 1429 a.
1535 1405 1565 1429 s.

222 1435 245 1469 à
262 1435 315 1470 M.
335 1436 546 1482 Destigny;
572 1438 612 1472 15
630 1436 733 1472 avril
755 1438 852 1480 1840,
876 1439 887 1471 1
911 1446 947 1481 p.
969 1436 1060 1470 in-8.
1482 1440 1502 1472 8
1550 1450 1566 1470 »

268 1485 397 1517 Relative
415 1487 432 1517 à
447 1495 500 1517 son
518 1486 633 1518 tableau
654 1486 681 1516 le
700 1486 827 1523 Liseur,
851 1486 952 1517 acheté
972 1494 1024 1525 par
1043 1494 1079 1516 un
1095 1486 1269 1524 gentleman,
1288 1488 1393 1525 auquel
1410 1487 1428 1517 il
1444 1496 1460 1518 a
1473 1488 1569 1527 égale¬

229 1528 307 1555 ment
324 1526 394 1556 cédé
409 1526 438 1557 le
451 1526 527 1556 droit
545 1527 580 1556 de
594 1533 731 1564 gravure.

111 1573 199 1608 4250
222 1574 352 1624 Méry
370 1574 444 1620 (J.),
464 1576 578 1621 poète
594 1574 762 1618 célèbre,
782 1574 1014 1610 collaborât,
1029 1574 1076 1609 de
1091 1573 1357 1620 Barthélemy.
1367 1575 1457 1611 —L.
1473 1585 1506 1610 a.
1522 1586 1568 1618 s.,

226 1620 239 1652 1
263 1629 298 1664 p.
321 1622 413 1654 in-8.
1486 1621 1499 1654 1
1527 1622 1571 1655 25

113 1674 195 1709 4251
223 1675 417 1720 Mesmer
440 1675 569 1720 (Ant.),
601 1674 789 1710 l’illustre
814 1675 996 1709 créateur
1021 1673 1067 1708 de
1088 1673 1126 1708 la
1153 1672 1306 1708 théorie
1332 1674 1384 1708 du
1410 1675 1570 1719 magné¬

221 1718 338 1754 tisme
359 1719 519 1754 animal.
539 1737 577 1743 —
596 1720 639 1754 L.
661 1729 695 1754 a.
715 1729 745 1754 s.
767 1729 816 1753 en
836 1718 1021 1765 français,
1050 1718 1072 1752 à
1103 1718 1142 1752 M
1146 1724 1184 1739 mo
1212 1727 1334 1753 veuve
1355 1718 1522 1761 Cardon,
1550 1719 1572 1752 à

222 1762 456 1805 Versailles;
478 1764 716 1808 Mœrsburg,
742 1765 782 1799 15
799 1763 875 1798 fév.
899 1755 995 1806 18’05,
1019 1765 1030 1797 1
1051 1772 1085 1807 p.
1104 1763 1166 1805 1/2
1180 1761 1276 1804 in-4,
1296 1762 1471 1797 écriture
1492 1763 1570 1797 fine

222 1808 263 1842 et
281 1809 425 1843 serrée.
446 1808 557 1843 Belle
578 1808 701 1853 pièce.
721 1810 819 1842 Rare.
1462 1809 1505 1842 30
1552 1819 1569 1838 »

271 1858 369 1896 lipîlrc
386 1858 442 1889 fort
460 1857 605 1896 curieuse,
636 1858 773 1889 adressée
792 1858 808 1887 k
827 1865 882 1887 une
904 1857 939 1888 de
955 1865 1003 1888 scs
1018 1857 1164 1887 ferventes
1181 1856 1310 1895 adeptes.
1342 1868 1353 1883 «
1384 1857 1417 1887 Je
1433 1865 1468 1887 ne
1486 1857 1573 1887 doute

232 1904 295 1934 pas,
316 1896 353 1926 lui
370 1897 460 1935 dit-il,
480 1905 536 1935 que
553 1898 627 1927 dans
644 1898 671 1928 le
690 1897 770 1927 doux
786 1897 864 1927 loisir
883 1897 918 1926 de
936 1896 962 1926 la
981 1895 1117 1931 solitude,
1134 1903 1206 1925 vous
1224 1903 1260 1925 ne
1277 1896 1426 1934 repreniez
1443 1896 1468 1926 le
1485 1904 1573 1926 cours

231 1936 267 1966 de
282 1944 335 1966 vos
352 1944 479 1974 voyages
496 1936 691 1974 imaginaires,
711 1936 767 1966 soit
784 1943 835 1966 sur
850 1944 883 1966 ce
899 1935 1037 1973 globe-ci,
1059 1935 1115 1965 soit
1132 1935 1205 1964 dans
1221 1936 1262 1965 les
1280 1943 1401 1973 espaces
1418 1935 1454 1965 de
1470 1935 1574 1965 l'autre

230 1975 372 2007 monde...
397 1988 409 2002 »
443 1976 463 2005 Il
481 1975 520 2006 lui
535 1975 630 2005 donne
646 1976 759 2006 ensuite
781 1975 832 2005 des
850 1975 952 2005 détails
970 1974 1063 2012 pleins
1080 1974 1116 2004 de
1134 1974 1303 2004 mélancolie
1328 1981 1379 2003 sur
1397 1982 1428 2003 sa
1447 1974 1574 2004 manière

230 2014 266 2043 de
284 2014 376 2044 vivre.
407 2015 427 2044 11
445 2014 575 2044 s’ennuie
593 2014 665 2044 dans
681 2022 714 2044 ce
729 2021 800 2052 pays
832 2017 860 2044 et
878 2013 953 2043 n’est
973 2012 1081 2050 occupé
1101 2012 1213 2043 d’autre
1230 2014 1292 2043 soin
1309 2020 1365 2050 que
1381 2013 1416 2043 de
1430 2021 1463 2042 sa
1479 2014 1571 2045 santé.

234 2064 245 2078 «
272 2053 462 2084 Absolument
481 2054 542 2083 seul
559 2053 631 2083 dans
649 2061 716 2084 mon
734 2061 834 2090 genre,
850 2052 939 2087 dit-il,
951 2053 979 2089 je
996 2055 1040 2081 vis
1056 2052 1180 2082 inconnu
1197 2054 1225 2082 et
1240 2052 1381 2081 méconnu
1398 2052 1433 2081 de
1453 2055 1529 2082 toute
1548 2052 1573 2082 la

230 2093 327 2122 nation
344 2092 515 2123 allemande.
546 2092 654 2122 Pensez
673 2093 767 2130 quelle
785 2091 902 2126 société,
929 2092 958 2129 je
977 2091 1033 2120 n’ai
1050 2098 1103 2128 pas
1121 2098 1225 2121 encore
1243 2099 1277 2121 eu
1303 2091 1328 2120 la
1345 2091 1475 2121 moindre
1489 2099 1573 2121 occa¬

233 2131 295 2161 sion
313 2132 349 2162 de
368 2132 463 2168 parler
486 2132 522 2162 de
539 2138 602 2161 mes
619 2131 808 2162 découvertes
840 2133 868 2160 et
883 2130 919 2160 de
937 2138 998 2160 mes
1013 2129 1246 2160 connaissances.
1272 2142 1285 2156 »
1319 2129 1340 2158 11
1368 2133 1481 2168 compte
1508 2130 1575 2160 l'été

232 2171 371 2207 prochain
390 2178 493 2209 passer
508 2178 543 2200 en
562 2170 675 2206 Suisse,
690 2178 764 2208 pour
782 2177 814 2200 se
829 2169 1010 2207 rapprocher
1025 2169 1062 2199 de
1078 2169 1105 2197 la
1121 2169 1244 2204 France,
1265 2171 1319 2199 etc.

115 2220 202 2254 4252
226 2220 447 2262 Michelet,
467 2219 636 2254 littérat.
657 2220 698 2254 et
711 2218 920 2261 historien,
935 2217 982 2252 de
1003 2217 1125 2252 l’Inst.
1140 2235 1177 2242 —
1191 2217 1233 2252 L.
1250 2227 1284 2252 a.
1297 2227 1327 2252 s.
1344 2227 1392 2251 au
1408 2216 1574 2252 libraire

227 2263 455 2307 Houdaille,
478 2264 573 2306 1834,
598 2265 610 2298 1
629 2274 665 2309 p.
682 2263 778 2298 in-8.
1487 2264 1509 2296 2
1557 2274 1573 2293 »

115 2320 204 2354 4253
227 2320 372 2364 Millin
406 2320 552 2364 (A.-L.),
589 2323 730 2354 savant
772 2316 1050 2361 archéologue,
1089 2317 1235 2350 auteur
1277 2315 1344 2350 des
1388 2318 1576 2360 Antiquités

226 2365 413 2399 nationales
418 2391 427 2407 ,
447 2364 493 2399 de
514 2364 637 2399 l’Inst.
651 2382 689 2388 —
699 2363 743 2398 E.
764 2372 798 2397 a.
819 2372 849 2397 s.
871 2362 893 2395 à
912 2371 988 2395 une
1009 2360 1129 2405 amie;
1150 2359 1310 2405 Naples,
1334 2361 1374 2395 15
1393 2370 1453 2396 av.
1479 2363 1574 2404 1812,

227 2411 249 2443 4
268 2418 304 2453 p.
326 2408 418 2444 in-4.
1489 2407 1510 2440 3
1557 2418 1574 2437 »

273 2454 373 2492 Epître
389 2453 653 2484 très-intéressante
673 2460 724 2482 sur
739 2459 791 2482 son
810 2458 921 2489 voyage
939 2450 954 2478 h
970 2450 1059 2479 Rome
1075 2452 1103 2479 et
1118 2449 1191 2479 dans
1208 2450 1234 2479 le
1253 2456 1391 2487 royaume
1403 2450 1438 2479 de
1455 2450 1575 2488 Naples,

234 2493 307 2523 dans
324 2493 445 2531 laquelle
462 2493 478 2523 il
495 2492 545 2523 fait
557 2500 595 2522 un
611 2492 765 2521 charmant
783 2490 854 2521 récit
877 2491 912 2520 de
928 2496 960 2519 sa
980 2489 1116 2519 descente
1134 2489 1206 2518 dans
1219 2488 1246 2518 le
1263 2490 1375 2519 cratère
1391 2489 1429 2519 du
1449 2489 1572 2520 Vésuve.

116 2544 204 2579 4254
228 2541 472 2584 Mirabeau,
488 2541 525 2577 le
541 2540 666 2587 grand
682 2542 859 2575 orateur.
872 2560 907 2565 —
916 2538 959 2573 L.
975 2549 1010 2572 a.
1023 2548 1053 2573 s.
1066 2538 1100 2583 (à
1113 2537 1312 2581 Galonné),
1327 2538 1576 2573 contrôleur-

230 2587 388 2632 général
410 2587 477 2622 des
496 2585 699 2631 finances);
720 2584 871 2630 (Paris),
893 2593 964 2618 rue
978 2582 1200 2628 Dauphine,
1216 2584 1305 2625 n°2,13
1369 2581 1461 2627 juin
1478 2585 1575 2625 1786,

233 2634 244 2666 1
268 2642 304 2676 p.
327 2631 424 2668 in-4.
1468 2629 1511 2666 28
1558 2639 1575 2659 »
