1841 2972
844 171 887 208 -
915 171 962 208 20
991 192 1035 199 -

373 271 475 307 Epilrt
490 269 770 300 très-intéressante.
801 270 820 299 Il
840 269 943 300 envoie
959 275 995 299 au
1010 268 1143 299 ministre
1162 269 1188 300 le
1209 269 1349 300 mémoire
1365 269 1433 307 qu'il
1454 269 1490 299 lui
1507 276 1523 298 a
1542 267 1686 299 demandé

332 317 384 339 sur
402 310 444 339 les
461 308 648 346 dispositions
666 309 802 339 actuelles
830 309 865 339 de
882 308 908 337 la
924 308 1030 338 Russie
1056 315 1161 338 envers
1192 309 1217 337 la
1235 309 1412 344 (’.ourlande,
1437 311 1464 338 et
1492 308 1528 338 lui
1557 315 1683 345 propose

334 348 386 378 des
402 348 504 378 détails
521 355 573 377 sur
591 349 686 377 toutes
705 347 747 378 les
764 348 870 385 parties
885 347 921 377 de
939 346 1139 384 l'Allemagne.
1170 347 1190 377 Il
1210 351 1278 385 peut
1294 349 1335 377 les
1355 349 1393 377 lui
1414 347 1526 378 fournir
1550 354 1592 376 au
1612 354 1683 385 pre¬

335 387 415 417 mier
427 389 492 417 mol
495 409 503 424 ,
517 388 604 424 ayant
613 386 663 416 fait
678 386 826 424 beaucoup
839 388 876 417 de
894 386 1065 417 recherches
1077 394 1129 415 sur
1138 394 1187 416 ces
1198 394 1269 424 pays
1283 387 1356 417 dans
1368 394 1420 417 son
1432 385 1548 417 dernier
1561 392 1680 422 voyage.

336 437 349 451 0
376 426 454 455 Vous
473 433 542 455 avez
555 434 605 463 su,
635 425 724 462 dit-il,
749 425 870 455 doubler
885 433 948 455 mes
964 425 1068 461 forces,
1101 433 1135 455 en
1157 426 1270 461 prêtant
1291 426 1309 455 k
1327 433 1372 455 ma
1389 424 1527 456 curiosité
1544 424 1684 454 naturelle

334 464 511 494 l’émulation
530 467 558 494 et
575 465 582 494 l
595 467 711 502 énergie
730 465 766 494 de
782 466 806 494 la
828 464 1077 495 reconnaissance.
1102 476 1114 490 »
1147 465 1219 494 Mais
1239 464 1257 494 il
1271 472 1287 494 a
1303 466 1319 494 à
1339 465 1377 494 lui
1396 464 1616 500 communiquer
1646 471 1683 493 un

338 503 442 533 travail
462 505 621 534 autremest
638 504 806 540 important,
833 514 845 529 «
878 511 930 533 sur
947 503 973 533 le
992 502 1082 540 grand
1109 505 1135 533 et
1163 505 1307 534 vraiment
1328 503 1451 533 sublime
1474 502 1562 539 objet,
1593 501 1684 539 dit-il,

336 550 392 577 que
404 549 478 572 vous
496 550 567 572 avez
580 542 684 573 médité
703 550 773 572 avec
790 545 851 572 tant
868 542 903 572 de
919 541 1000 580 génie
1018 545 1047 571 et
1064 541 1100 571 de
1118 541 1295 579 patriotisme
1325 541 1439 580 (l'égale
1459 536 1629 578 répartition
1648 541 1684 570 de

334 581 472 619 l’impôt).
489 593 501 607 »
519 581 538 610 Il
555 582 615 611 faut
641 581 727 619 qu'ils
744 581 828 611 lisent
847 581 993 611 ensemble
1006 588 1039 610 ce
1058 580 1208 618 mémoire,
1239 584 1265 611 et
1281 581 1300 611 il
1317 581 1354 611 lui
1371 580 1511 611 demande
1537 587 1589 609 son
1604 580 1681 617 jour.

338 621 377 650 Le
394 623 489 658 temps
508 628 609 657 presse
637 631 649 645 «
672 628 746 658 pour
763 620 845 650 hâter
870 622 942 650 cette
960 619 1132 656 institution,
1164 620 1212 657 qui
1228 628 1293 650 sera
1313 620 1338 649 le
1358 620 1422 657 plus
1442 619 1532 649 ferme
1554 621 1684 657 rempart

333 659 368 689 de
386 659 532 689 l’autorité
546 659 657 697 royale,
675 666 787 689 comme
804 660 830 689 la
849 659 913 697 plus
933 658 1093 689 abondante
1107 659 1158 689 des
1174 666 1295 689 sources
1312 658 1364 688 des
1381 658 1507 688 finances
1525 678 1546 689 ..
1571 669 1584 684 »

217 707 305 742 4255
328 708 561 751 Mirabeau
588 707 802 751 (Boniface,
832 706 1046 749 chevalier,
1073 707 1163 751 puis
1189 707 1361 742 vicomte
1390 707 1463 750 de),
1491 705 1551 741 dit
1575 708 1684 740 Mira-

330 753 584 786 beau-Tonneau
587 778 596 793 ,
628 751 732 786 frère
758 752 810 786 du
838 750 963 802 grand
990 753 1218 786 orateur.—
1231 751 1275 785 L.
1297 762 1330 786 a.
1358 752 1388 786 s.
1418 752 1447 785 le
1463 752 1626 785 chevalier
1644 751 1685 785 de

330 797 515 835 Mirabeau,
532 796 554 830 à
567 806 610 831 sa
623 805 746 839 sœur;
763 795 799 830 le
815 796 985 841 Bignon,
995 794 1091 840 juil.
1110 797 1206 836 1773,
1231 797 1244 830 1
1263 805 1299 840 p.
1324 795 1416 830 in-4.
1432 797 1530 830 Rare.
1598 796 1620 828 7
1667 806 1684 826 »

375 846 515 876 Curieuse
532 846 636 883 épitre,
669 846 741 876 dans
757 846 879 884 laquelle
903 845 923 875 il
940 846 1020 883 parle
1039 845 1074 876 de
1093 853 1146 875 son
1170 846 1238 883 père
1267 848 1296 876 et
1326 846 1344 876 d
1358 854 1412 876 une
1438 844 1569 875 comédie
1594 844 1685 875 bour¬

338 885 436 921 geoise
455 884 524 922 qu’il
542 887 610 915 veut
628 884 700 915 faire
713 886 807 923 jouer.

218 935 306 968 4256
330 934 519 978 Moncrif
538 933 716 978 (Paradis
736 934 809 978 de),
842 933 1029 978 spirituel
1059 933 1291 969 littérateur
1321 933 1372 968 du
1405 938 1519 968 xviii®
1550 931 1684 975 siècle,

330 978 376 1012 de
397 978 543 1013 l’Acad.
565 978 629 1020 fr.,
652 980 797 1014 auteur
816 977 862 1013 de
884 977 998 1013 VHist.
1015 978 1072 1013 des
1091 979 1202 1013 Chats.
1218 995 1255 1001 —
1268 977 1311 1013 L.
1328 988 1362 1012 a.
1384 988 1434 1022 s.;
1455 976 1686 1020 Versailles,

334 1021 494 1067 14juil.,
518 1025 530 1057 1
554 1032 591 1068 p.
613 1022 705 1057 in-4.
1597 1023 1618 1055 7
1666 1033 1684 1053 »

375 1073 452 1103 Belle
471 1073 575 1111 épitre,
606 1073 823 1111 probablement
844 1071 981 1102 adressée
1006 1080 1022 1102 a
1051 1071 1262 1107 Malesherbes,
1288 1072 1407 1102 relative
1425 1072 1442 1101 k
1460 1072 1485 1101 la
1499 1079 1622 1102 censure
1652 1071 1688 1102 de

340 1111 414 1141 deux
434 1119 593 1151 ouvrages,
624 1112 692 1142 dont
709 1112 779 1149 l'un,
808 1111 918 1142 intitulé
937 1110 1114 1150 Réflexions
1132 1110 1271 1142 morales
1301 1119 1336 1142 ou
1352 1111 1395 1142 les
1413 1111 1570 1142 Maximes
1588 1110 1624 1140 de
1644 1111 1688 1140 La

340 1149 591 1189 Rochefoucauld
608 1152 698 1181 mises
716 1159 752 1181 en
771 1159 852 1188 vers,
881 1153 924 1181 est
941 1149 977 1180 de
992 1150 1020 1180 M
1023 1157 1043 1169 ra
1047 1156 1058 1169 *
1076 1150 1111 1180 de
1130 1150 1300 1187 Saint-Cvr,
1328 1151 1438 1189 épouse
1457 1150 1496 1180 du
1514 1150 1618 1180 maître
1636 1150 1688 1180 des

341 1191 476 1226 requêtes
494 1191 660 1220 honoraire.

222 1239 308 1273 4257
333 1239 654 1285 Montholon(le
676 1240 791 1285 gén.),
808 1249 1053 1285 compagnon
1074 1239 1317 1275 d’infortune
1336 1238 1382 1273 de
1398 1237 1600 1283 Napoléon
1621 1238 1637 1273 I
1640 1244 1669 1259 er
1676 1265 1684 1272 .

332 1303 369 1309 —
382 1282 426 1317 L.
448 1294 482 1318 a.
504 1294 550 1327 s.,
574 1286 670 1327 1853,
696 1287 707 1318 1
736 1294 772 1329 p.
795 1284 887 1319 in-8.
1602 1284 1613 1317 1
1644 1285 1688 1318 50

223 1338 311 1372 4258
335 1338 578 1383 Montolieu
605 1338 656 1383 (la
683 1339 857 1374 baronne
884 1339 959 1387 de),
993 1339 1146 1375 célèbre
1177 1337 1438 1380 romancière,
1464 1338 1610 1372 auteur
1640 1337 1687 1372 de

335 1384 487 1416 Caroline
504 1384 544 1417 de
561 1385 763 1427 Lichtefield.
794 1401 831 1406 —
850 1383 893 1419 L.
916 1395 950 1419 a.
971 1394 1001 1419 s.
1034 1395 1083 1418 au
1116 1382 1283 1418 libraire
1318 1382 1548 1427 Paschoud;
1584 1381 1688 1416 Lau¬

335 1436 471 1469 sanne,
497 1430 591 1470 1811,
616 1430 626 1462 1
652 1438 688 1473 p.
713 1429 774 1471 1/4
793 1427 889 1463 in-4.
910 1428 1095 1463 Relative
1116 1428 1139 1461 à
1157 1428 1217 1462 ses
1238 1428 1365 1462 Contes.
1579 1428 1600 1461 2
1645 1428 1688 1461 50

223 1482 312 1517 4259
336 1482 645 1527 Montpensier
664 1483 925 1527 (Anne-M.-L.
946 1483 1162 1525 d’Orléans,
1190 1482 1380 1517 duchesse
1402 1481 1475 1526 de),
1507 1481 1546 1525 la
1563 1483 1690 1525 grande

335 1527 578 1561 Mademoiselle
582 1554 589 1569 ,
603 1527 765 1562 héroïne
787 1527 833 1561 de
855 1528 893 1562 la
906 1527 1076 1569 Fronde,
1097 1530 1243 1562 auteur
1262 1526 1309 1561 de
1329 1527 1510 1561 Mémoires.
1531 1545 1568 1551 —
1587 1526 1630 1560 L.
1652 1536 1687 1561 a.

336 1580 366 1604 s.
387 1570 409 1604 à
428 1570 610 1615 Colbert;
648 1571 878 1615 Versailles,
913 1575 934 1607 7
960 1582 1020 1608 av.
1052 1574 1148 1615 1671,
1179 1575 1201 1607 2
1228 1581 1263 1616 p.
1298 1571 1350 1615 pl.
1388 1570 1484 1613 in-4,
1531 1570 1689 1605 cachets

338 1614 475 1650 brisés.
1603 1617 1646 1650 20
1671 1627 1688 1647 »

225 1670 312 1704 4260
335 1670 519 1713 Moreau
538 1669 682 1714 (Elise),
714 1673 748 1705 M
750 1677 789 1692 me
808 1672 920 1715 Gagne
923 1699 932 1714 ,
965 1671 1119 1706 célèbre
1156 1671 1299 1705 femme
1334 1669 1461 1714 poète.
1489 1687 1527 1693 —
1546 1670 1573 1705 O
1584 1671 1596 1704 !
1619 1671 1690 1704 Mia

336 1714 452 1748 Madré
467 1716 478 1748 !
496 1713 600 1749 Jolie
620 1714 729 1760 pièce
749 1714 796 1749 de
816 1725 905 1751 vers
926 1718 1008 1751 aut.
1029 1716 1119 1761 sig.,
1140 1724 1244 1750 mars
1267 1716 1363 1757 1837,
1383 1716 1404 1749 3
1423 1724 1459 1759 p.
1481 1713 1577 1749 in-8.
1602 1716 1624 1749 2
1671 1726 1688 1746 »

225 1769 307 1803 4261
336 1769 399 1802 La
417 1770 575 1804 même.
598 1787 630 1793 —
651 1769 695 1804 L.
716 1780 751 1804 a.
772 1780 816 1812 s.,
841 1772 938 1813 1840,
962 1773 974 1805 1
993 1781 1029 1816 p.
1050 1770 1143 1813 in-8,
1165 1769 1316 1804 cachet.
1606 1771 1619 1803 1
1649 1771 1692 1804 25

225 1825 313 1859 4262
336 1825 526 1869 Morgan
544 1824 674 1869 (lady),
695 1825 849 1860 célèbre
869 1825 1116 1860 romancière
1146 1823 1376 1860 irlandaise.
1414 1841 1449 1846 —
1487 1824 1531 1859 L.
1570 1833 1604 1859 a.
1643 1834 1690 1867 s.,

342 1870 353 1902 1
376 1877 413 1913 p.
435 1869 528 1903 in-8.
1603 1870 1625 1903 2
1671 1881 1688 1900 v

227 1924 315 1959 4263
338 1924 557 1967 Morghen
575 1923 791 1969 (Raphaël),
812 1924 966 1960 célèbre
988 1934 1161 1970 graveur
1181 1923 1337 1959 italien.
1358 1943 1395 1949 —
1415 1922 1457 1957 L.
1479 1933 1524 1965 s.,
1541 1932 1635 1957 avec
1654 1923 1693 1958 la

334 1967 545 2013 souscript.
567 1970 665 2011 aut.,
685 1979 735 2003 au
755 1969 911 2014 peintre
947 1969 990 2005 F.
1028 1969 1177 2004 Gérard
1192 1981 1200 2013 ;
1240 1968 1446 2010 Florence,
1482 1969 1578 2011 1816,
1619 1970 1630 2002 1
1654 1978 1691 2013 p.

339 2012 431 2047 in-4.
1606 2014 1628 2047 2
1674 2025 1692 2044 »

383 2062 514 2092 Relative
532 2062 548 2092 à
564 2071 619 2093 une
631 2070 758 2100 gravure
774 2064 843 2094 dont
860 2063 974 2094 Gérard
992 2063 1030 2094 lui
1048 2072 1064 2094 a
1083 2063 1175 2094 confié
1193 2063 1201 2093 1
1215 2062 1377 2093 exécution.

229 2112 317 2145 4264
341 2111 492 2155 Murat
509 2111 727 2156 (Joachim),
749 2112 808 2147 roi
829 2112 876 2147 de
895 2112 1055 2157 Naples.
1087 2132 1125 2137 —
1161 2111 1206 2146 L.
1235 2114 1265 2147 s.
1285 2112 1435 2145 Joachim
1471 2111 1638 2154 Napoléon
1643 2137 1652 2153 ,
1673 2110 1696 2144 à

340 2154 580 2191 l’intendant
599 2156 646 2190 de
666 2156 705 2191 la
736 2156 900 2192 Calabre
920 2156 1050 2201 Citra;
1082 2156 1243 2202 Naples,
1272 2158 1315 2192 26
1346 2154 1450 2190 avril
1480 2156 1583 2197 1809,
1615 2157 1625 2188 1
1655 2164 1692 2199 p.

347 2201 359 2234 1
371 2201 409 2242 /2
428 2199 520 2234 in-4.
1610 2200 1629 2232 4
1678 2210 1694 2229 »

390 2261 401 2274 »
428 2249 482 2280 Les
503 2249 687 2280 Autrichiens
704 2251 839 2281 viennent
851 2251 925 2281 enfin
938 2251 972 2281 de
983 2258 1114 2282 nouveau
1133 2251 1169 2281 de
1184 2251 1258 2289 jeter
1270 2250 1299 2281 le
1311 2252 1390 2286 gant,
1404 2252 1431 2280 et
1443 2248 1577 2285 500,000
1590 2249 1696 2279 braves

350 2291 417 2319 vont
438 2289 464 2319 le
482 2296 641 2321 ramasser.
666 2290 726 2320 Nos
741 2290 871 2321 ennemis
892 2292 942 2320 ont
955 2290 1017 2328 déjà
1039 2289 1124 2328 passé
1144 2291 1150 2320 l
1166 2291 1218 2321 lnn
1244 2292 1272 2320 et
1291 2289 1426 2320 l’izonzo.
1453 2290 1509 2319 Les
1527 2287 1640 2318 armées
1658 2288 1695 2318 de

350 2327 533 2365 l'Empereur
553 2336 584 2358 se
602 2332 787 2359 concentrent
814 2338 866 2360 sur
883 2329 909 2359 le
939 2329 1150 2367 Tagliamento,
1177 2337 1228 2360 sur
1247 2329 1318 2360 l’Inn
1347 2332 1374 2359 et
1404 2328 1446 2357 les
1476 2327 1628 2358 frontières
1660 2327 1697 2358 de

349 2367 375 2396 la
414 2367 550 2399 Bohêm*.
591 2367 784 2405 L’Empereur
822 2372 867 2399 est
896 2368 961 2406 déjà
990 2370 1006 2398 à
1039 2369 1067 2398 la
1094 2369 1152 2399 tète
1178 2368 1214 2399 de
1250 2376 1298 2398 ses
1342 2367 1457 2397 armées
1486 2366 1696 2404 d’Allemagne,

352 2406 484 2444 J'espère
502 2414 558 2443 que
575 2406 603 2445 je
622 2414 657 2436 ne
671 2408 798 2438 tarderai
819 2416 871 2446 pas
900 2409 916 2438 à
933 2407 1064 2438 recevoir
1085 2408 1112 2438 la
1129 2408 1262 2438 nouvelle
1286 2407 1321 2437 de
1337 2407 1461 2445 quelque
1480 2405 1572 2444 grand
1591 2405 1697 2436 événe¬

353 2449 441 2475 ment.
463 2446 592 2483 Vigueur
609 2449 638 2476 et
654 2447 781 2483 activité,
797 2450 825 2478 et
837 2449 900 2477 tout
916 2446 958 2477 ira
978 2446 1054 2478 bien.

235 2498 323 2532 4265
346 2498 546 2542 Napione
566 2497 879 2551 (J.-F.-Gaboni),
916 2503 1057 2534 savant
1084 2497 1332 2543 piémontais,
1354 2497 1508 2533 célèbre
1539 2507 1611 2542 par
1637 2506 1698 2532 ses

349 2541 580 2586 paradoxes.
600 2561 638 2567 —
662 2541 706 2577 L.
737 2553 759 2577 a
792 2553 823 2578 s.
855 2543 877 2577 à
901 2542 1005 2578 Mad.
1034 2542 1230 2578 Paroletti
1242 2555 1253 2585 ;
1290 2542 1355 2578 dol
1380 2542 1572 2585 Rubatto,
1600 2543 1698 2585 1813,

353 2589 364 2621 1
391 2596 425 2631 p.
447 2586 542 2629 in-4,
563 2586 714 2622 cachet.
1610 2589 1632 2621 3
1678 2600 1696 2619 »

395 2637 536 2668 Curieuse
552 2636 635 2669 lettre
651 2637 769 2669 relative
785 2638 800 2668 k
819 2637 871 2669 son
890 2637 986 2668 Essai
1001 2645 1060 2668 sur
1076 2636 1108 2667 la
1126 2637 1234 2678 pairie
1251 2637 1288 2668 de
1304 2637 1492 2677 Christophe
1509 2636 1646 2668 Colomb.
