1850 2972
913 197 1089 247 - 6 -
453 381 851 445 LETTRES
897 381 1559 447 AUTOGRAPHES

741 512 777 537 A
802 513 952 538 PRIX
980 506 1263 543 MARQUÉS

408 604 465 639 En
524 606 641 639 vente
691 604 782 639 chez
834 604 1014 639 Gabriel
1062 604 1368 638 GHARAVAY
1381 630 1388 645 ,
1436 607 1599 649 expert,

673 675 744 700 rue
771 663 1254 707 Saint-André-des-Arts,
1280 667 1336 699 50.

275 775 363 810 4305
385 774 601 817 Adélaïde
615 773 777 817 (Marie),
792 773 874 808 fille
889 773 977 808 aîné
993 774 1039 808 de
1053 773 1174 808 Louis
1193 772 1277 816 XV,
1292 774 1403 809 tante
1423 773 1470 809 de
1487 773 1608 809 Louis
1627 773 1733 818 XVI,

388 818 457 863 qui
477 828 517 852 se
531 817 696 870 Réfugia
716 818 737 852 à
756 821 880 852 Rome
901 828 949 852 en
972 820 1067 853 1791.
1095 837 1136 842 —
1160 817 1203 852 L.
1230 827 1264 852 a.
1291 828 1320 853 s.
1346 820 1409 862 (au
1435 817 1662 853 chancelier
1687 819 1733 854 de

387 862 628 907 Miromenil)
641 874 650 905 ;
671 861 902 904 Versailles,
931 864 971 897 15
990 872 1094 897 mars
1117 862 1213 904 1781,
1236 864 1248 895 1
1273 872 1309 907 p.
1331 862 1427 897 in-4.
1644 864 1667 897 5
1714 876 1731 895 »

433 908 534 945 Epître
548 907 770 937 très-cavalière
786 907 904 937 relative
922 907 938 936 à
953 906 1140 945 l’expédition
1155 907 1190 937 de
1205 908 1303 937 lettres
1316 910 1448 945 patentes
1464 907 1511 945 qui
1530 906 1736 949 l'intéressent,

398 946 452 976 elle
469 950 497 976 et
513 954 562 976 scs
579 954 685 977 sœurs.

278 987 365 1020 4306
388 985 515 1028 Adry
539 983 721 1028 (J.-Fél.),
746 985 887 1019 savant
914 982 1204 1029 bibliographe,
1238 983 1399 1019 dernier
1430 984 1734 1019 bibliothécaire

391 1028 437 1063 de
459 1028 685 1072 l’Oratoire,
706 1028 754 1063 né
775 1039 824 1063 en
844 1029 1097 1074 Bourgogne.
1123 1048 1164 1053 —
1190 1028 1300 1063 Belle
1326 1028 1436 1073 pièce
1464 1030 1615 1074 autog.,
1646 1031 1666 1063 4
1698 1040 1734 1074 p.

392 1073 488 1108 in-4.
1650 1075 1671 1108 2
1718 1085 1735 1105 »

437 1117 538 1148 Chant
557 1116 687 1156 funèbre
703 1116 740 1147 de
758 1117 863 1147 David
880 1125 938 1147 sur
956 1116 989 1147 la
1008 1120 1090 1148 mort
1106 1116 1143 1146 de
1163 1116 1240 1147 Saül
1264 1119 1292 1147 et
1315 1117 1354 1148 de
1377 1117 1545 1154 Jonalhas,
1574 1118 1736 1148 traduction

397 1157 552 1193 française,
568 1164 639 1186 avec
656 1157 681 1186 le
696 1156 764 1186 latin
781 1158 810 1187 et
826 1155 968 1193 l'hébreu,
987 1158 1015 1186 et
1030 1156 1081 1187 des
1096 1159 1178 1185 notes
1195 1156 1342 1194 critiques.

283 1197 368 1231 4307
394 1195 553 1239 Albret
578 1195 726 1239 (Henry
751 1195 785 1229 II
811 1194 870 1239 d’),
900 1194 959 1229 roi
991 1194 1037 1229 de
1065 1194 1256 1236 Navarre,
1289 1194 1365 1230 fait
1394 1194 1621 1239 prisonnier
1648 1195 1670 1229 à
1698 1195 1737 1230 la

395 1238 560 1274 bataille
580 1239 626 1273 de
647 1238 783 1280 Pavie,
804 1240 930 1289 époux
950 1238 996 1273 de
1016 1239 1055 1273 la
1072 1241 1272 1281 Marguerite
1290 1240 1346 1273 des
1370 1241 1600 1282 Marguerites.
1626 1259 1668 1264 —
1692 1240 1735 1274 L.

393 1293 438 1324 s.,
460 1293 553 1317 avec
573 1283 612 1318 la
631 1283 898 1328 souscription
918 1284 1014 1325 aut.,
1046 1293 1094 1317 au
1127 1284 1253 1318 comte
1281 1283 1332 1317 du
1363 1283 1500 1318 Ludde
1514 1296 1522 1327 ;
1543 1284 1736 1319 Mont-de-

394 1327 567 1370 Marsan,
586 1330 624 1363 21
642 1326 753 1372 janv.
777 1329 873 1370 1554,
897 1330 909 1362 1
934 1338 969 1372 p.
990 1326 1082 1363 in-f.
1105 1328 1277 1361 Très-belle
1288 1329 1392 1371 pièce.
1651 1331 1672 1362 8
1720 1341 1736 1360 »

444 1372 463 1401 Il
482 1372 520 1402 lui
539 1373 680 1403 demande
696 1380 734 1402 un
752 1375 876 1410 rapport
889 1380 941 1403 sur
955 1380 987 1403 ce
1006 1372 1074 1410 qu’il
1093 1379 1164 1403 aura
1182 1380 1220 1402 vu
1239 1373 1255 1402 à
1274 1373 1420 1410 Bayonne,
1434 1380 1508 1411 pays
1521 1373 1557 1403 de
1576 1373 1692 1404 Labour
1712 1375 1740 1403 et

405 1412 565 1443 Bordelais.

285 1452 373 1486 4308
396 1447 625 1494 Alembert(d’),
721 1449 881 1484 illustre
898 1449 1098 1495 géomètre
1111 1450 1152 1484 et
1166 1449 1397 1495 philosophe
1412 1449 1463 1484 du
1477 1459 1577 1488 xvm
1580 1456 1592 1472 e
1606 1450 1738 1492 siècle,

397 1494 444 1529 de
464 1494 611 1529 l’Acad.
633 1492 759 1541 franc.
783 1513 825 1519 —
853 1493 896 1529 L.
926 1495 1008 1529 aut.
1041 1494 1064 1528 à
1088 1493 1127 1528 M
1131 1500 1169 1516 me
1197 1494 1368 1538 Necker,
1395 1494 1495 1539 (vers
1523 1496 1633 1540 1776),
1658 1497 1679 1530 2
1702 1505 1739 1540 p.

398 1530 495 1574 in-8.
1655 1541 1676 1573 6
1723 1552 1740 1571 »

447 1583 638 1614 Intéressante
658 1583 764 1621 épitre,
780 1583 853 1613 dans
869 1583 991 1621 laquelle
1010 1583 1028 1613 il
1044 1583 1139 1614 donne
1151 1584 1203 1614 tics
1220 1584 1369 1614 nouvelles
1384 1583 1420 1614 de
1437 1582 1486 1612 M"
1491 1589 1502 1602 e
1515 1583 1550 1614 de
1563 1583 1742 1623 l’Espina'sse

408 1622 449 1662 (sa
473 1622 649 1661 maîtresse),
665 1623 714 1659 qui
729 1625 772 1652 est
788 1622 910 1652 malade.
933 1634 945 1648 «
968 1623 992 1652 M
997 1622 1033 1642 lle
1047 1624 1081 1653 de
1101 1622 1291 1660 l’Espinasse,
1306 1622 1391 1656 dit-il,
1408 1622 1543 1660 profitera
1559 1631 1671 1654 comme
1684 1624 1741 1654 moi

407 1662 459 1692 des
477 1661 567 1692 belles
586 1662 684 1699 poires
699 1669 754 1699 que
772 1661 810 1691 M.
824 1664 852 1692 et
870 1662 894 1691 M
899 1668 934 1681 me
952 1662 1064 1692 Necker
1081 1662 1196 1692 veulent
1211 1662 1274 1691 bien
1291 1661 1475 1699 m’envoyer;
1491 1669 1541 1692 car
1550 1670 1603 1692 son
1616 1663 1742 1693 médecin

408 1701 445 1731 lui
465 1708 481 1730 a
498 1702 605 1738 permis
618 1700 682 1731 d’en
701 1707 832 1738 manger,
853 1708 888 1730 au
903 1701 958 1730 lieu
974 1701 1008 1731 de
1027 1701 1163 1735 bouillon,
1179 1701 1224 1738 qui
1244 1701 1444 1731 l’incommode
1461 1701 1624 1739 beaucoup.
1649 1714 1661 1729 »

289 1742 377 1775 4309
400 1740 546 1783 Ancre
566 1738 757 1783 (Concini,
778 1738 977 1773 maréchal
997 1739 1056 1784 d’),
1083 1739 1151 1784 qui
1178 1749 1382 1784 gouverna
1407 1739 1445 1773 la
1470 1739 1619 1774 France
1648 1751 1742 1785 pen¬

402 1783 498 1818 dant
518 1784 575 1818 les
594 1783 810 1828 premières
830 1783 974 1818 années
994 1784 1045 1819 du
1067 1785 1189 1829 règne
1210 1783 1256 1818 de
1277 1783 1397 1819 Louis
1416 1783 1521 1825 XIII,
1549 1785 1743 1820 assassiné

400 1838 472 1879 par
489 1828 607 1867 Vitry
627 1838 675 1862 en
698 1829 845 1862 1617.—
858 1828 901 1862 L.
922 1838 967 1870 s.,
988 1839 1081 1862 avec
1096 1839 1148 1863 un
1164 1828 1405 1873 post-script,
1419 1827 1466 1862 ds
1480 1830 1501 1862 4
1515 1828 1644 1873 lignes
1660 1832 1750 1870 aut..

403 1883 426 1906 a
444 1872 496 1907 M.
518 1872 564 1906 de
583 1871 826 1917 Nerestang;
847 1872 1021 1915 Amiens,
1045 1875 1084 1908 15
1102 1874 1201 1918 sept.
1225 1875 1320 1915 1615,
1346 1875 1356 1906 1
1381 1883 1416 1918 p.
1438 1872 1490 1917 pl.
1512 1872 1603 1908 in-f.
1637 1876 1680 1909 22
1726 1887 1743 1906 »

451 1917 527 1947 Belle
547 1917 636 1955 pièce,
656 1917 775 1947 relative
793 1919 807 1947 à
825 1918 850 1947 la
869 1925 973 1955 guerre
989 1926 1022 1947 en
1040 1918 1181 1949 Picardie.
1203 1917 1224 1947 11
1248 1917 1378 1956 apprend
1401 1925 1457 1955 que
1480 1917 1522 1948 les
1541 1919 1670 1949 ennemis
1698 1922 1746 1949 ont

410 1954 568 1986 l’intention
582 1956 618 1986 de
635 1956 826 1994 s’approcher
844 1957 879 1987 de
897 1957 922 1986 la
939 1958 1044 1988 rivière
1062 1957 1097 1987 de
1112 1957 1237 1987 Somme.
1262 1968 1273 1982 --
1297 1958 1376 1988 Nous
1394 1958 1514 1987 n’avons
1538 1965 1590 1994 pas
1611 1959 1646 1988 de
1669 1966 1744 1996 quoy

411 1996 452 2025 les
469 1994 604 2025 craindre
622 1995 678 2033 icy,
698 1995 785 2032 dit-il,
806 2003 879 2034 pour
896 2003 928 2025 ce
948 1996 1033 2033 qu’ils
1058 1996 1152 2026 disent
1175 1996 1300 2026 d’Ancre
1315 2009 1320 2025 :
1345 1996 1406 2026 s’ils
1432 2004 1449 2033 y
1476 1996 1620 2030 viennent,
1641 1997 1675 2027 ils
1697 2005 1714 2027 n
1728 1989 1745 2034 ÿ

412 2037 517 2065 auront
541 2034 619 2072 point
645 2034 806 2065 d’honneur
831 2045 838 2064 <
848 2037 859 2064 t
886 2042 939 2073 peu
967 2035 1001 2065 de
1029 2043 1100 2073 prou
1105 2035 1304 2066 filets.»
1336 2034 1451 2074 (Ancre,
1481 2036 1598 2066 menacé
1625 2044 1676 2074 par
1706 2037 1747 2068 les

410 2073 552 2108 ennemis,
571 2073 640 2103 était
653 2081 706 2104 son
724 2081 832 2111 propre
850 2073 1034 2111 marquisat.)

292 2113 380 2148 4310
404 2112 614 2156 Anquetil
644 2111 794 2156 (L.-P.),
827 2111 981 2147 célèbre
1012 2112 1222 2154 historien,
1254 2114 1400 2147 auteur
1430 2113 1477 2147 de
1508 2112 1520 2147 l
1524 2113 1679 2147 'Histoire
1708 2115 1748 2148 de

403 2159 538 2191 France.
552 2176 595 2181 —
607 2156 651 2191 L.
673 2167 707 2191 a.
729 2167 758 2191 s.
780 2156 802 2190 à
820 2156 859 2191 M
864 2162 901 2177 me
920 2156 1048 2202 Nyon,
1073 2156 1253 2197 libraire,
1281 2159 1294 2191 1
1323 2167 1359 2201 p.
1386 2157 1500 2191 in-18.
1661 2159 1681 2192 2
1705 2160 1748 2193 50

294 2202 375 2236 4311
405 2200 628 2244 Augustin
663 2200 805 2244 (J.-B.),
842 2200 997 2246 peintre
1034 2211 1103 2236 sur
1138 2200 1257 2236 émail
1294 2201 1336 2236 et
1370 2212 1418 2235 en
1449 2200 1681 2244 miniature,
1710 2202 1746 2237 le

405 2246 684 2280 restaurateur
703 2244 750 2279 de
769 2245 861 2280 l’art
879 2244 926 2279 de
944 2245 1110 2288 Petitot,
1132 2244 1274 2280 maître
1294 2246 1341 2280 de
1361 2245 1400 2280 M
1404 2252 1442 2267 me
1462 2245 1621 2289 Mirbel,
1649 2246 1698 2280 né
1726 2247 1748 2281 à

406 2288 627 2324 Saint-Dié.
648 2308 689 2314 —
709 2289 752 2324 L.
774 2300 807 2324 a.
828 2300 878 2332 s.;
901 2292 940 2324 12
953 2288 1095 2334 juillet
1117 2292 1212 2332 1816,
1236 2292 1248 2324 1
1272 2300 1308 2335 p.
1330 2289 1426 2325 in-4.
1661 2293 1682 2325 3
1728 2302 1745 2322 »

452 2334 584 2364 Relative
604 2334 621 2363 h
645 2342 697 2364 son
722 2334 794 2365 beau
824 2335 947 2373 portrait
974 2335 1010 2365 de
1038 2336 1125 2365 Louis
1153 2335 1256 2372 XVIII,
1286 2334 1406 2365 exécuté
1439 2341 1552 2365 comme
1579 2334 1688 2372 peintre
1710 2336 1747 2365 du

410 2372 523 2403 cabinet
542 2373 581 2402 du
596 2373 652 2404 roi.

293 2413 381 2447 4312
405 2412 597 2454 Babinet
634 2411 805 2456 (Jacq.),
836 2410 991 2446 célèbre
1028 2411 1234 2457 physicien
1270 2414 1311 2447 et
1354 2412 1593 2453 astronome,
1636 2410 1685 2445 né
1728 2412 1750 2446 à

404 2455 610 2501 Lusignan
631 2455 821 2500 (Vienne).
842 2476 884 2480 —
902 2456 946 2491 L.
967 2467 1000 2491 a.
1021 2467 1051 2491 s.
1085 2457 1107 2491 à
1135 2457 1230 2491 Ach.
1252 2457 1401 2499 Comte,
1425 2458 1437 2490 1
1461 2466 1497 2501 p.
1520 2455 1615 2490 in-8.
1663 2458 1684 2491 2
1731 2469 1748 2489 »

292 2501 380 2535 4313
404 2501 554 2544 Bacon
574 2499 800 2548 (François),
821 2502 921 2535 baron
940 2502 979 2535 de
1002 2502 1167 2541 Vérularn,
1192 2512 1244 2536 un
1265 2501 1332 2535 des
1347 2500 1436 2545 plus
1452 2499 1598 2542 grands
1614 2500 1749 2544 génies

405 2543 456 2578 du
477 2554 560 2579 xvii
563 2551 575 2566 e
596 2544 730 2586 siècle,
751 2545 787 2579 le
808 2544 992 2580 créateur
1011 2545 1057 2580 de
1071 2545 1110 2580 la
1120 2545 1369 2590 philosophie
1380 2543 1750 2579 moderne.—Pièce

405 2588 480 2633 sig.
501 2592 557 2623 Fr.
581 2589 737 2625 Verulam
756 2591 854 2625 Cane.
875 2589 951 2632 (Fr.
971 2589 1176 2633 Verulam,
1196 2589 1453 2634 chancelier);
1473 2591 1516 2625 20
1537 2599 1626 2623 nov.
1650 2591 1747 2632 1618,

406 2634 416 2667 1
442 2643 478 2678 p.
500 2632 592 2668 in-f.
1622 2635 1684 2668 100
1730 2646 1746 2665 »
