1793 3007
741 185 781 224 -
811 185 833 224 7
863 206 905 215 -

103 294 167 333 par
189 295 235 321 un
258 283 431 323 faussaire
450 295 457 321 :
481 286 502 321 à
520 283 733 334 Huyghens,
762 298 779 319 «
801 283 992 322 l’honneur
1011 283 1056 322 de
1083 295 1123 322 sa
1142 283 1272 333 patrie,
1294 296 1311 318 »
1336 285 1357 321 à
1378 282 1545 323 Newton.

102 349 116 368 «
137 333 324 373 l’honneur
343 334 387 372 de
408 333 632 373 l’humanité.
656 350 671 369 »

148 390 196 428 Le
218 390 416 440 président,
452 390 499 429 M.
523 390 713 439 Chevreul,
738 390 829 428 dans
851 402 899 427 un
918 390 1080 429 discours
1106 396 1184 429 tout
1213 390 1311 440 plein
1335 389 1548 438 d’émotion,

98 440 184 479 s’est
202 441 297 479 écrié
315 453 384 491 que
400 441 430 479 si
456 441 687 489 l’Académie,
708 443 815 489 après
836 440 1077 479 l’arrestation
1106 441 1154 479 du
1187 440 1374 486 faussaire,
1405 440 1552 491 pouvait

99 497 213 529 rester
233 493 446 535 incertaine,
468 492 536 530 elle
557 492 787 542 abdiquerait
812 502 876 529 son
909 490 1067 530 autorité
1095 491 1325 541 scientifique
1355 491 1488 529 devant
1519 491 1553 529 le

102 553 190 592 pays
206 548 241 581 et
261 542 395 581 devant
409 550 489 581 tous
509 543 560 581 les
579 554 681 593 corps
698 549 847 580 savants
865 541 912 579 du
930 541 1059 580 monde
1077 542 1230 581 civilisé.
1253 542 1278 579 Il
1298 554 1319 580 a
1342 542 1462 592 ajouté
1481 554 1488 579 :

144 613 451 651 L’authenticité
488 615 534 649 de
571 625 634 649 ces
672 614 905 649 documents
935 624 957 648 a
987 614 1048 648 été
1079 614 1276 659 attaquée,
1315 613 1411 650 dans
1449 616 1552 650 cette

103 658 311 694 Académie
347 661 388 695 et
424 670 472 695 au
511 659 666 703 dehors,
705 669 796 694 sous
827 658 863 693 le
894 657 1039 694 double
1076 660 1239 704 rapport
1270 658 1317 694 de
1354 659 1393 694 la
1429 660 1553 695 forme

106 704 300 739 littéraire
321 706 361 740 et
382 705 432 740 du
455 704 548 740 fond
568 704 834 749 scientifique.

147 748 196 784 Et
215 752 412 785 comment
430 760 470 786 se
490 749 616 785 fait-il
635 749 815 795 qu’après
833 758 931 783 vous
951 747 1035 783 être
1056 747 1187 783 refusé
1207 748 1229 782 à
1246 748 1497 784 reconnaître
1518 749 1556 784 la

99 792 271 838 justesse
291 794 338 829 de
358 805 421 830 ces
441 794 645 848 critiques,
666 805 763 829 vous
782 793 929 833 veniez,
949 792 1044 827 cher
1056 793 1251 834 confrère,
1266 804 1466 828 annoncer
1480 805 1555 840 que

99 829 201 874 Vous
218 849 308 874 avez
328 839 390 875 été
410 841 562 884 trompe
582 849 652 889 par
665 839 701 874 le
715 839 894 873 vendeur
907 838 953 873 de
968 848 1032 874 ces
1046 838 1262 883 prétendus
1276 839 1557 884 autographes,

104 885 145 918 et
165 883 322 928 ajouter
342 884 457 930 qu’en
477 884 682 919 définitive
701 885 730 918 il
747 883 804 927 n’y
830 895 850 917 a
880 885 951 917 rien
978 885 999 917 à
1026 884 1173 917 conclure
1201 894 1276 918 avec
1304 885 1483 918 certitude!
1502 884 1556 919 De

104 931 211 964 sorte
231 939 305 983 que
326 928 383 965 les
403 929 538 965 choses
558 929 733 965 seraient
752 939 794 964 ce
815 927 980 974 qu’elles
992 928 1143 964 étaient
1158 939 1206 963 au
1221 931 1559 965 commencement

108 973 175 1008 des
195 973 332 1009 débats
346 975 353 1009 !

150 1018 207 1053 Eh
227 1018 318 1054 bien
336 1020 343 1054 !
365 1019 460 1054 cher
479 1018 672 1061 confrère,
694 1017 1010 1064 permettez-moi
1030 1017 1076 1052 de
1097 1017 1133 1052 le
1151 1018 1249 1061 dire,
1267 1017 1360 1053 c’est
1374 1018 1413 1053 là
1426 1029 1467 1053 ce
1483 1029 1558 1064 que

108 1074 206 1099 nous
225 1075 272 1099 ne
292 1074 469 1108 pouvons
489 1064 698 1107 admettre,
719 1065 760 1099 et
778 1063 834 1098 les
853 1063 946 1098 voix
974 1064 1107 1098 toutes
1132 1063 1254 1098 amies
1282 1062 1350 1108 qui
1371 1063 1561 1099 s’élèvent

107 1107 361 1153 aujourd’hui
384 1109 480 1144 dans
499 1108 735 1144 l’Académie
755 1118 852 1144 vous
872 1107 1006 1154 prient
1032 1107 1079 1142 de
1108 1118 1205 1143 vous
1229 1107 1391 1153 joindre
1418 1108 1440 1143 à
1463 1109 1560 1144 elles

108 1164 208 1198 pour
227 1155 447 1199 proclamer
465 1154 561 1200 qu’il
579 1165 605 1199 y
624 1165 646 1189 a
664 1154 823 1189 certitude
840 1155 971 1197 acquise
988 1164 1048 1197 que
1066 1154 1110 1187 les
1128 1154 1313 1188 documents
1328 1155 1468 1197 allégués
1477 1165 1561 1198 pour

108 1200 254 1234 abaisser
272 1201 306 1233 la
323 1201 426 1243 gloire
444 1201 484 1235 de
502 1202 635 1236 Newton
655 1203 685 1234 et
703 1200 743 1234 de
761 1200 938 1243 Huyghens
956 1202 1029 1233 sont
1045 1200 1132 1241 faux
1144 1201 1155 1232 !

161 1278 208 1316 M.
233 1277 381 1316 Chasles
402 1278 574 1328 explique
592 1290 662 1328 que
683 1289 745 1328 par
765 1277 798 1315 le
816 1277 974 1326 mystère
992 1277 1015 1314 à
1032 1276 1221 1326 pénétrer,
1244 1277 1269 1314 il
1296 1288 1317 1315 a
1339 1276 1499 1315 entendu
1530 1279 1563 1317 la

108 1328 323 1369 découverte
340 1334 376 1367 et
396 1328 460 1368 des
482 1329 731 1377 fabricateurs,
747 1329 806 1379 qui
826 1327 994 1368 devaient
1005 1327 1083 1368 être
1107 1327 1298 1379 plusieurs,
1319 1340 1361 1367 vu
1383 1328 1416 1366 la
1437 1328 1563 1367 multi¬

112 1381 232 1429 plicité
264 1380 328 1419 des
352 1380 484 1429 pièces,
503 1387 539 1419 et
553 1379 617 1419 des
639 1379 842 1419 matériaux
870 1379 956 1418 dont
989 1380 1032 1417 ils
1063 1391 1102 1417 se
1119 1385 1202 1418 sont
1228 1379 1336 1418 servi.
1370 1379 1398 1417 11
1425 1379 1565 1430 justifie

112 1431 265 1470 Newton
281 1438 317 1470 cl
338 1432 549 1481 Huyghens,
573 1431 663 1470 mais
683 1442 756 1469 non
771 1442 857 1468 sans
873 1429 1030 1480 quelque
1047 1430 1241 1469 réticence.
1262 1430 1310 1468 M.
1333 1429 1469 1469 Dumas
1485 1430 1562 1469 s’en

111 1483 240 1531 plaint,
261 1488 296 1521 et
317 1482 472 1521 termine
492 1494 556 1533 par
576 1494 634 1520 ses
658 1488 751 1520 mots
771 1494 778 1519 :
805 1497 819 1516 «
844 1481 937 1520 Pour
957 1487 1035 1519 tout
1051 1481 1081 1519 le
1101 1481 1241 1526 monde,
1266 1480 1298 1519 le
1316 1480 1426 1519 débat
1447 1481 1564 1520 scien¬

113 1533 239 1582 tifique
259 1538 314 1572 est
333 1532 623 1572 définitivement
648 1532 734 1571 clos.
754 1547 769 1566 »

161 1583 200 1622 Si
222 1584 290 1622 l'on
312 1590 396 1633 peut
412 1583 596 1622 s’étonner
613 1583 658 1621 de
676 1582 755 1621 voir
772 1583 817 1621 M.
842 1582 990 1621 Chasles
1011 1594 1201 1621 conserver
1229 1594 1360 1621 encore
1387 1583 1564 1633 quelques

110 1633 238 1674 doutes
258 1645 321 1673 sur
344 1633 508 1673 l’entière
526 1633 684 1673 fausseté
704 1632 749 1672 de
764 1644 822 1672 ses
836 1632 1063 1677 documents,
1085 1646 1131 1672 on
1163 1633 1239 1671 doit
1271 1633 1318 1671 lui
1348 1632 1469 1672 savoir
1501 1636 1565 1683 gré

113 1684 175 1723 des
191 1685 329 1735 amples
345 1684 477 1723 détails
492 1684 577 1735 qu’il
600 1684 722 1723 donne
740 1684 831 1722 dans
849 1695 890 1722 sa
904 1684 1224 1723 communication.
1251 1685 1278 1721 A
1297 1689 1393 1723 cette
1412 1684 1561 1728 lecture,

116 1736 167 1775 les
181 1735 375 1775 réflexions
390 1746 429 1774 se
451 1737 662 1785 présentent
680 1746 722 1773 en
744 1735 851 1773 foule.
876 1734 973 1772 Nous
991 1747 1081 1773 nous
1108 1735 1304 1774 bornerons
1334 1734 1563 1786 aujourd’hui

114 1790 135 1825 à
158 1787 334 1837 quelques
354 1797 577 1835 remarques,
602 1785 792 1824 attendant
813 1796 883 1835 que
906 1786 955 1824 les
982 1785 1107 1824 débats
1134 1786 1178 1824 de
1209 1785 1243 1824 la
1273 1785 1389 1836 police
1420 1798 1563 1825 correc¬

116 1838 290 1876 tionnelle
306 1837 358 1875 ait
379 1836 447 1874 mis
466 1843 562 1875 cette
580 1835 703 1875 affaire
721 1836 814 1874 dans
836 1842 913 1874 tout
935 1847 1000 1874 son
1014 1837 1109 1886 jour.

165 1888 221 1927 On
243 1899 281 1926 se
301 1887 479 1926 demande
502 1894 579 1926 tout
600 1887 746 1925 d’abord
767 1893 949 1925 comment
968 1899 1017 1924 un
1040 1886 1201 1926 membre
1218 1887 1262 1926 de
1282 1887 1458 1925 l’Institut
1481 1899 1502 1925 a
1522 1900 1568 1938 pu

116 1939 383 1978 sérieusement
410 1944 575 1989 accepter
598 1939 661 1976 des
689 1937 934 1988 autographes
967 1938 1012 1976 de
1032 1937 1253 1988 Gutenberg,
1291 1938 1335 1976 de
1364 1938 1494 1980 Dante,
1527 1939 1571 1977 de

116 1989 293 2040 Grégoire
310 1988 355 2028 de
371 1987 500 2032 Tours,
521 1989 566 2028 de
589 1989 688 2027 saint
711 1988 910 2038 Augustin,
942 1988 1005 2027 des
1036 1991 1108 2027 rois
1139 1989 1422 2038 mérovingiens,
1460 1995 1496 2027 et
1527 1990 1572 2028 de

117 2040 219 2079 .Iules
243 2039 366 2079 César.
392 2039 443 2076 De
472 2039 599 2078 César!
623 2040 690 2077 Sur
711 2040 792 2089 quel
814 2040 965 2089 papier?
994 2039 1041 2077 Ce
1073 2039 1184 2078 serait
1205 2040 1355 2078 curieux
1378 2042 1399 2078 à
1426 2039 1503 2078 voir
1545 2040 1568 2078 il

120 2091 235 2131 fallait
254 2102 324 2140 que
345 2090 379 2128 la
397 2089 572 2128 crédulité
591 2089 635 2128 de
657 2089 855 2129 l’acheteur
875 2089 997 2140 égalât
1014 2089 1176 2129 l’audace
1190 2090 1236 2129 du
1261 2089 1434 2130 vendeur.
1462 2091 1570 2129 Com¬

121 2149 221 2180 ment
240 2153 278 2180 se
304 2140 410 2179 fait-il
444 2152 515 2190 que
541 2139 752 2179 l’existence
772 2140 817 2179 de
839 2152 899 2179 ces
917 2139 1160 2190 autographes
1185 2141 1386 2191 mirifiques
1406 2141 1497 2179 n’ait
1516 2143 1574 2180 été

120 2193 261 2232 révélée
281 2192 390 2242 qu’au
410 2190 554 2229 dernier
572 2198 732 2229 moment
737 2192 757 2227 9
773 2191 808 2228 Si
828 2191 860 2229 le
878 2190 1001 2241 public
1022 2191 1071 2229 les
1093 2191 1155 2230 eût
1178 2203 1318 2230 connus
1340 2191 1418 2241 plus
1439 2194 1503 2236 tôt,
1522 2204 1571 2231 un

119 2244 214 2282 éclat
229 2243 272 2281 de
295 2241 368 2282 rire
388 2243 534 2292 général
555 2242 616 2280 eût
636 2241 783 2280 réveillé
803 2242 852 2280 M.
874 2241 1037 2288 Chasles,
1059 2248 1094 2281 et
1129 2242 1161 2280 la
1187 2242 1352 2281 comédie
1375 2242 1475 2281 n’eût
1508 2255 1571 2293 pas

121 2295 210 2333 duré
228 2294 256 2332 si
280 2293 496 2343 longtemps.

171 2345 319 2383 Comme
347 2355 438 2382 nous
461 2343 614 2381 l’avions
635 2341 689 2381 dit
707 2342 798 2381 dans
820 2348 926 2381 notre
947 2343 1075 2382 article
1093 2347 1138 2382 du
1171 2344 1262 2383 mois
1294 2344 1338 2382 de
1368 2344 1571 2393 décembre,

123 2407 214 2434 nous
233 2405 346 2433 avons
360 2406 403 2432 vu
425 2405 496 2432 une
519 2393 635 2443 partie
654 2393 699 2432 de
721 2399 816 2432 cette
837 2393 1029 2432 collection
1044 2408 1052 2442 ;
1079 2406 1171 2433 nous
1189 2406 1302 2433 avons
1320 2406 1495 2445 parcouru
1515 2407 1574 2434 ces

122 2444 368 2495 autographes
388 2445 452 2483 des
470 2456 528 2483 xvi
533 2453 546 2468 e
574 2451 608 2483 et
635 2456 708 2483 xvn
711 2451 724 2467 e
749 2444 891 2488 siècles,
912 2445 1023 2484 écrits
1053 2457 1117 2484 sur
1144 2445 1190 2483 du
1225 2445 1350 2496 papier
1384 2446 1431 2484 du
1453 2454 1571 2491 xviii®,

122 2495 253 2546 gardes
279 2494 324 2533 de
355 2495 465 2534 livres
490 2500 526 2534 et
543 2495 682 2533 feuilles
701 2494 745 2533 de
763 2495 950 2544 registres,
975 2502 1120 2546 portant
1136 2497 1170 2534 la
1190 2502 1288 2535 trace
1306 2496 1350 2534 de
1371 2495 1403 2534 la
1425 2496 1577 2535 tranche

124 2548 168 2586 de
187 2547 349 2592 couleur,
369 2545 612 2596 autographes
643 2545 751 2583 d’une
776 2547 935 2585 écriture
956 2546 1115 2597 toujours
1150 2547 1183 2585 la
1210 2547 1340 2594 même,
1371 2546 1508 2596 malgré
1542 2547 1576 2586 la

125 2598 299 2636 diversité
316 2597 379 2636 des
400 2607 658 2648 personnages,
688 2602 724 2634 et
742 2596 906 2636 enfumés
927 2599 1207 2648 grossièrement
1233 2609 1320 2645 pour
1341 2597 1417 2636 leur
1435 2598 1577 2637 donner

126 2661 174 2687 un
195 2649 249 2687 air
274 2647 319 2686 de
341 2649 495 2687 vétusté.
521 2648 568 2686 La
585 2658 762 2696 croyance
791 2647 837 2686 de
869 2648 916 2686 M.
948 2648 1095 2688 Chasles
1125 2648 1214 2687 était
1234 2648 1263 2687 si
1287 2648 1447 2695 robuste,
1480 2655 1515 2688 et
1552 2650 1574 2688 il
