1802 3007
737 180 779 218 -
810 179 859 218 23
888 201 931 208 -

264 277 324 307 Elle
345 276 384 307 lui
398 280 443 307 est
458 277 647 315 très-obligée
668 277 705 310 de
725 278 838 309 vouloir
855 279 921 309 bien
938 279 1049 310 donner
1067 286 1120 309 son
1139 279 1265 316 sufhage
1286 280 1302 309 à
1317 278 1412 309 l’abbé
1432 278 1570 315 d’Arche,

224 316 340 346 homme
358 317 394 346 de
409 317 559 354 beaucoup
572 316 607 347 de
626 318 739 353 mérite,
757 318 832 348 aimé
850 318 886 348 de
900 317 1032 355 l’évêque
1050 317 1161 356 d’Agen
1191 321 1219 348 et
1235 319 1271 348 de
1288 319 1323 348 M.
1346 319 1382 348 de
1402 317 1571 351 Betotdaüd.

224 355 285 385 Elle
304 356 329 385 le
346 362 486 386 remercie
499 356 577 386 aussi
596 356 630 386 de
649 357 752 387 l'envoi
772 358 811 386 du
828 358 901 387 beau
917 358 1051 387 discours
1071 358 1109 387 du
1127 357 1198 387 Père
1217 358 1252 387 de
1269 358 1309 387 La
1327 358 1401 394 Rue,
1424 365 1470 388 ses
1489 365 1573 387 mau¬

223 394 321 424 vaises
342 394 457 424 oreilles
474 395 501 424 la
521 395 635 433 privant
652 394 689 425 du
709 395 810 432 plaisir
828 395 864 426 de
881 396 1053 426 l’entendre.

107 442 195 476 4296
219 441 423 485 Turenne
455 440 503 485 (le
539 442 710 477 vicomte
742 442 815 485 de),
853 442 1012 477 illustre
1050 442 1248 477 maréchal
1280 442 1327 477 de
1357 442 1521 477 France.
1536 464 1574 471 —

218 484 261 519 L.
294 495 329 519 a.
358 495 388 520 s.
422 485 444 519 à
471 495 513 521 sa
544 486 686 520 femme
707 486 829 530 (Anne
856 486 902 520 de
930 486 1198 521 Caumont-La
1217 486 1353 530 Force)
1367 498 1376 531 ;
1397 486 1572 530 Amiens,

218 531 261 563 28
276 528 385 574 janv.
411 531 508 573 160),
532 533 543 564 1
568 540 603 575 p.
626 530 678 575 pl.
700 530 793 573 in-4,
814 530 942 565 beaux
962 530 1120 566 cachets
1134 531 1156 565 à
1175 541 1235 566 ses
1255 541 1385 566 armes
1403 533 1444 566 et
1457 530 1573 566 soies.

219 574 363 617 Superbe
375 575 479 618 pièce.
1466 577 1510 610 35
1556 588 1573 608 »

267 619 286 648 Il
306 618 384 648 vient
396 619 432 650 de
451 619 514 650 voir
534 619 561 650 le
578 620 692 649 contrat
716 626 770 656 par
788 619 882 656 lequel
900 627 937 650 un
957 620 993 650 de
1011 620 1074 650 leur
1090 620 1201 650 maison
1229 620 1299 651 cède
1317 628 1353 650 au
1369 621 1411 650 roi
1431 620 1457 650 le
1478 620 1573 650 comté

227 657 262 687 de
282 658 429 695 Boulogne
446 666 481 688 en
500 658 630 695 échange
657 658 692 688 de
709 657 782 688 celui
800 658 836 688 de
854 659 1015 696 Frougnès,
1046 658 1113 697 près
1128 659 1164 689 de
1182 660 1339 689 Toulouse.
1362 670 1375 684 «
1394 659 1416 689 Il
1437 659 1576 694 faudrait,

226 695 315 733 dit-il,
345 696 508 734 s’enquérir
535 704 646 727 comme
676 696 694 726 il
727 698 772 727 est
800 696 871 727 sorti
905 698 941 727 de
973 701 1073 728 nostre
1098 697 1221 728 maison.
1255 698 1334 729 C’est
1357 698 1395 728 du
1421 699 1515 735 temps
1541 698 1577 728 de

229 737 316 765 Louis
334 736 464 766 onzième
478 745 487 773 ;
503 736 575 766 c’est
594 735 735 765 Bertrand
753 736 788 766 de
804 737 844 766 La
862 737 941 766 Tour
971 736 1019 774 qui
1035 736 1125 767 tenoit
1142 738 1205 767 tout
1222 736 1248 767 le
1267 736 1443 768 Boulonnois
1465 744 1577 767 comme

227 782 262 804 en
279 775 494 805 souveraineté.
515 787 528 800 »

111 824 197 858 4297
222 824 359 867 Tyler
379 823 520 866 (John),
544 825 583 858 10
586 829 598 844 e
612 823 815 868 président
829 823 897 859 des
915 823 1160 866 Etats-Unis,
1176 824 1243 868 qui
1259 824 1385 859 abolit
1399 824 1437 859 la
1455 824 1577 859 traite

222 866 290 902 des
333 867 455 903 noirs.
500 867 617 902 Pièce
656 869 739 903 aut.
794 868 889 913 sig.;
932 867 1225 914 Washington,
1270 871 1310 904 15
1350 868 1429 903 mai
1475 871 1577 912 1842,

227 913 238 945 I
263 922 299 956 p.
321 911 414 946 in-4.
1492 916 1514 948 5
1561 925 1578 945 »

269 957 414 988 Curieuse
431 957 513 993 pièce
530 956 667 987 adressée
690 956 898 994 àVattemare,
929 957 976 994 qui
996 956 1034 986 lui
1055 957 1131 987 avait
1146 957 1288 987 demandé
1314 965 1367 987 son
1386 958 1577 996 autographe.

231 996 252 1025 II
274 1004 289 1026 a
307 996 358 1025 fait
387 996 485 1033 signer
516 996 603 1033 après
636 996 676 1026 lui
707 998 773 1025 tous
802 1004 850 1026 ses
872 996 1031 1032 ministres,
1062 997 1156 1034 parmi
1175 996 1300 1027 lesquels
1320 996 1472 1033 Webster,
1505 997 1579 1027 John

231 1036 380 1073 Spencer,
402 1037 456 1065 etc.

116 1084 203 1119 4298
227 1083 347 1126 Vaëz
366 1083 581 1127 (Gustave),
609 1084 768 1126 auteur,
797 1093 891 1122 avec
915 1084 1032 1129 Alph.
1063 1084 1209 1129 Royer,
1237 1084 1284 1118 de
1311 1086 1405 1118 Lucie
1422 1085 1462 1118 de
1481 1086 1580 1119 Lam-

223 1138 392 1167 mermoor,
426 1127 473 1162 de
505 1128 539 1162 la
564 1129 728 1168 Favorite,
768 1129 844 1164 etc.
861 1150 897 1156 —
916 1128 959 1164 L.
989 1139 1023 1164 a.
1045 1138 1076 1164 s.
1106 1128 1129 1162 à
1152 1128 1205 1163 M.
1227 1128 1457 1172 Desarbres,
1481 1131 1579 1171 1861,

232 1175 244 1206 1
268 1182 304 1217 p.
327 1172 423 1207 in-8.
1498 1174 1511 1208 1
1539 1175 1583 1209 25

116 1229 205 1262 4299
229 1227 496 1271 Valincourt
531 1226 595 1271 (du
630 1226 820 1262 Trousset
856 1226 929 1271 de),
967 1227 1092 1263 littér.
1129 1229 1170 1262 et
1206 1227 1266 1263 bel
1299 1227 1437 1273 esprit,
1459 1228 1481 1261 à
1512 1228 1580 1273 qui

226 1271 392 1306 Boileau
414 1270 574 1306 adressa
593 1281 635 1306 sa
656 1273 691 1305 11
697 1277 709 1292 e
729 1271 865 1314 satire,
892 1282 1123 1307 successeur
1148 1271 1195 1306 de
1215 1272 1365 1307 Racine
1393 1272 1414 1306 à
1433 1272 1580 1308 l’Acad.

227 1315 277 1351 t'r.
298 1334 335 1339 —
353 1315 397 1350 L.
417 1326 451 1350 a.
473 1326 503 1350 s.
526 1315 548 1350 à
566 1315 758 1355 Danchet,
782 1317 821 1351 15
836 1316 947 1361 janv.
972 1318 1068 1359 1727,
1093 1318 1105 1350 1
1130 1326 1166 1362 p.
1188 1318 1267 1362 pet.
1290 1316 1387 1351 in-4.
1496 1319 1517 1351 5
1564 1330 1581 1349 »

275 1361 416 1392 Curieuse
432 1361 525 1399 épilre
545 1361 664 1392 relative
686 1362 701 1391 à
716 1361 744 1391 la
764 1361 909 1400 réception
927 1361 962 1393 de
980 1361 1139 1400 St-Aignan
1160 1362 1177 1392 à
1196 1362 1384 1397 l’Académie,
1403 1363 1441 1392 où
1457 1363 1585 1394 Danchet

235 1401 331 1432 devait
348 1402 469 1439 remplir
486 1402 528 1431 les
549 1401 694 1432 fonctions
713 1401 748 1431 de
767 1400 926 1432 directeur.

119 1452 208 1486 4300
230 1452 332 1485 Van
361 1451 509 1494 Buren
534 1449 721 1494 (Martin),
754 1452 774 1484 8
777 1455 789 1471 e
818 1449 1022 1495 président
1047 1453 1114 1488 des
1144 1450 1391 1493 Etats-Unis,
1419 1450 1511 1485 chef
1532 1451 1584 1485 du

229 1495 333 1540 parti
355 1494 652 1539 démocratique
673 1504 723 1529 ou
744 1494 1020 1539 esclavagiste.
1041 1516 1078 1522 —
1097 1495 1140 1530 L.
1163 1506 1196 1530 a.
1218 1505 1249 1530 s.
1265 1495 1287 1529 à
1309 1495 1422 1530 Alex.
1447 1495 1584 1531 Vatte-

231 1549 357 1582 mare;
379 1538 662 1583 Washington,
686 1540 725 1573 17
739 1537 835 1584 juil.
859 1541 956 1581 1840,
980 1541 993 1573 1
1017 1549 1053 1584 p.
1075 1538 1168 1582 in-4,
1190 1538 1421 1585 enveloppe.
1500 1542 1522 1574 6
1569 1552 1585 1572 »

117 1594 200 1628 4301
228 1594 441 1638 Verneuil
460 1593 917 1638 (Henriette-Catherine
938 1592 984 1628 de
1005 1593 1158 1637 Balzac,
1174 1593 1374 1639 marquise
1394 1594 1467 1638 de),
1482 1593 1589 1628 l’am¬

235 1637 406 1672 bitieuse
426 1639 467 1673 et
487 1637 601 1672 avide
623 1636 829 1672 maîtresse
850 1637 896 1672 de
917 1637 1041 1672 Henri
1063 1637 1128 1680 IV,
1150 1638 1217 1682 qui
1245 1638 1429 1683 conspira
1448 1640 1586 1673 contre

233 1681 293 1717 lui
319 1682 432 1727 après
451 1692 521 1717 son
547 1681 723 1726 mariage
755 1692 849 1716 avec
882 1681 1008 1717 Marie
1035 1682 1082 1717 de
1110 1682 1286 1718 Médieis.
1307 1702 1346 1707 —
1365 1682 1408 1717 L.
1429 1693 1474 1725 s.,
1496 1692 1589 1717 avec

234 1727 273 1761 la
301 1725 569 1771 souscription
601 1727 698 1766 aut.,
730 1726 753 1760 à
779 1726 831 1761 M.
858 1726 1103 1770 Pourcellet,
1133 1727 1156 1761 à
1189 1726 1324 1772 Paris;
1366 1729 1462 1770 1612,
1504 1728 1516 1761 1
1552 1737 1588 1772 p.

235 1771 288 1816 pl.
309 1770 411 1813 in-f.,
433 1769 591 1805 cachets
611 1771 651 1805 et
669 1770 785 1805 soies.
809 1773 904 1805 Rare.
1478 1773 1521 1806 20
1569 1783 1585 1803 »

283 1816 343 1845 Elle
362 1816 389 1846 le
404 1816 511 1853 charge
529 1815 564 1846 de
583 1816 737 1845 maintenir
762 1817 834 1846 dans
853 1816 887 1846 de
908 1816 1017 1845 bonnes
1035 1815 1225 1854 dispositions
1249 1815 1275 1845 le
1294 1815 1443 1853 président
1458 1815 1592 1853 Jcanniu,

244 1855 290 1891 qui
309 1855 452 1892 témoigne
465 1855 497 1884 la
513 1854 661 1885 meilleure
679 1855 795 1885 volonté
813 1862 886 1892 pour
901 1862 949 1885 ses
968 1853 1093 1886 affaires.
1109 1854 1319 1885 Relativement
1336 1856 1353 1885 à
1372 1855 1398 1884 la
1418 1855 1539 1893 pension
1558 1855 1593 1885 de

243 1902 276 1924 sa
295 1893 362 1932 fille,
389 1894 443 1924 elle
460 1893 533 1923 croit
560 1893 629 1931 qu’il
644 1901 661 1930 y
677 1902 693 1923 a
708 1902 747 1924 un
765 1894 866 1924 brevet
895 1894 933 1924 du
953 1896 1046 1930 temps
1066 1894 1104 1924 du
1121 1893 1167 1924 feu
1187 1893 1229 1923 roi
1247 1892 1344 1931 (Henri
1366 1894 1425 1931 IV),
1455 1893 1594 1924 confirmé

244 1933 347 1970 depuis
364 1940 398 1962 sa
419 1935 505 1963 mort.
533 1932 595 1962 Elle
607 1932 782 1964 l’entretient
799 1933 911 1963 ensuite
941 1932 977 1963 de
990 1934 1086 1963 toutes
1104 1940 1153 1962 ses
1172 1932 1287 1962 affaires
1305 1932 1451 1967 d'intérêt,
1480 1933 1516 1963 de
1545 1940 1595 1963 ses

244 1973 383 2002 créances
402 1973 430 2001 et
446 1971 481 2001 de
499 1979 547 2002 ses
565 1971 669 2008 dettes,
688 1972 757 2002 d’un
777 1971 894 2009 prieuré
912 1972 983 2002 dont
999 1970 1042 2002 les
1064 1979 1188 2002 revenus
1204 1974 1271 2003 sont
1287 1972 1415 2002 destinés
1434 1972 1450 2001 h
1467 1980 1519 2002 son
1537 1971 1592 2003 fils.

246 2012 308 2042 Elle
328 2011 543 2047 recommande,
571 2019 607 2041 en
624 2013 792 2045 terminant,
822 2011 910 2049 qu’on
927 2011 966 2041 lui
986 2011 1064 2041 fasse
1092 2011 1129 2041 du
1148 2011 1227 2041 cidre
1259 2011 1337 2041 aussi
1357 2011 1415 2041 bon
1440 2018 1496 2049 que
1523 2011 1595 2041 celui

244 2051 281 2081 de
296 2050 409 2080 l’année
425 2050 539 2088 passée.

129 2100 216 2136 4302
239 2099 454 2134 Voltaire.
515 2098 560 2133 —L.
574 2108 652 2133 a.s.
667 2098 729 2141 V.,
744 2108 793 2132 au
810 2099 937 2133 comte
950 2098 1196 2144 d'Argentai,
1214 2101 1226 2133 1
1250 2108 1287 2143 p.
1302 2098 1422 2133 in-18.
1491 2101 1530 2133 14
1577 2111 1594 2130 »

285 2145 462 2174 Charmante
479 2144 583 2182 épître.
612 2144 635 2173 11
654 2143 701 2173 n'a
721 2144 801 2180 point
818 2144 869 2173 fait
898 2144 932 2174 de
948 2144 1061 2179 sottise,
1087 2152 1137 2174 car
1168 2143 1188 2174 il
1216 2143 1264 2174 n'a
1296 2144 1357 2174 rien
1382 2144 1435 2175 fait
1459 2144 1496 2174 du
1521 2145 1596 2174 tout'

251 2194 263 2209 «
282 2184 315 2213 Je
333 2183 388 2213 n’ai
405 2191 455 2220 vu,
475 2183 643 2221 ajoute-t-il,
660 2190 699 2220 ny
715 2183 834 2213 homme
852 2190 890 2220 ny
910 2183 1018 2220 prêtre.
1040 2195 1052 2209 »

130 2234 218 2268 4303
239 2231 441 2275 Watelet
471 2231 634 2276 (Cl.-H.),
664 2231 818 2266 célèbre
851 2231 992 2266 artiste
1024 2233 1065 2267 et
1099 2232 1275 2267 écrivain
1313 2242 1383 2267 sur
1412 2231 1469 2267 les
1500 2234 1596 2275 arts,

242 2278 387 2311 auteur
407 2276 459 2310 du
480 2275 580 2310 beau
602 2276 737 2320 poème
757 2274 851 2311 l’Art
868 2277 908 2310 de
922 2278 1075 2325 peindre,
1099 2275 1146 2311 de
1166 2276 1312 2311 l’Acad.
1329 2276 1378 2311 fr.
1394 2295 1429 2300 —
1444 2277 1488 2312 L.
1509 2288 1543 2312 a.
1566 2287 1596 2311 s.

244 2321 266 2354 à
284 2320 520 2356 l’Académie
535 2319 581 2354 de
598 2319 800 2355 Marseille
813 2332 822 2364 ;
838 2320 966 2363 Pans,
981 2320 1139 2365 12janv.
1158 2322 1253 2364 1773,
1273 2323 1285 2355 1
1303 2330 1340 2365 p.
1356 2321 1447 2356 in-4.
1512 2323 1533 2356 3
1555 2323 1600 2356 50

133 2376 220 2412 4304
244 2376 398 2421 Zamet
417 2375 543 2421 (Séb.),
578 2374 731 2410 célèbre
756 2374 961 2417 financier,
988 2374 1057 2425 qui
1090 2374 1180 2409 aida
1203 2375 1327 2410 Henri
1348 2375 1401 2410 IV
1420 2376 1443 2409 à
1461 2385 1598 2410 recon¬

245 2420 382 2465 quérir
409 2430 451 2455 sa
481 2430 695 2462 couronne,
728 2420 768 2453 et
795 2419 858 2454 fut
886 2419 1043 2454 ensuite
1075 2420 1300 2469 soupçonné
1338 2419 1488 2454 d’avoir
1518 2430 1599 2453 em¬

247 2464 434 2511 poisonné
465 2463 666 2499 Gabrielle
704 2462 913 2498 d’Estrées.
935 2485 973 2491 —
993 2462 1102 2503 Quit.
1132 2474 1207 2509 sig.
1244 2474 1314 2498 sur
1349 2464 1470 2506 vélin,
1501 2466 1597 2506 1601,

246 2510 340 2543 in-4.
1513 2510 1534 2542 3
1580 2519 1598 2539 »
