1841 2972
875 178 1072 229 - 12 -
399 280 540 312 Curieuse
559 280 664 318 épitre,
684 280 779 319 pleine
797 281 832 310 de
861 281 1027 317 bonhomie,
1049 287 1085 310 en
1105 280 1228 317 réponse
1248 290 1263 310 a
1282 281 1334 311 des
1364 280 1564 318 plaisanteries
1586 280 1623 310 de
1651 280 1703 311 Ni¬

363 320 480 350 vernais
501 328 536 349 au
558 320 633 357 sujet
666 320 700 349 de
722 328 773 349 son
799 319 938 349 intention
961 320 1156 356 d’apprendre
1173 320 1198 349 le
1216 319 1355 350 clavecin.
1381 320 1401 349 11
1420 328 1455 349 ne
1478 322 1546 350 veut
1562 327 1615 357 pas
1636 319 1707 357 l'ap¬

365 359 503 396 prendre,
518 359 590 389 mais
609 367 644 389 en
664 359 759 395 jouer,
777 366 809 388 ce
825 359 873 396 qui
896 362 940 389 est
957 358 1020 388 bien
1041 358 1170 388 différent
1190 371 1197 387 >
1207 362 1218 389 t
1231 358 1288 389 fort
1310 358 1507 389 raisonnable.
1531 370 1543 383 «
1565 359 1619 389 Les
1635 367 1707 389 eaux

364 398 398 427 de
421 400 564 435 l.ucqnes,
584 398 674 432 dit-il,
709 401 759 427 ont
777 398 889 428 dénoué,
917 405 977 427 mes
991 398 1078 427 vieux
1097 398 1208 436 doigts;
1229 398 1303 427 mais
1318 398 1347 435 je
1372 398 1414 428 les
1432 397 1508 428 crois
1525 398 1623 435 portés
1642 406 1658 427 a
1676 406 1707 428 se

364 444 455 467 uouer
469 444 587 472 encore,
606 440 634 467 et
658 438 692 467 ils
711 445 741 467 se
761 440 903 467 noueront
920 439 1037 467 surtout
1048 436 1071 467 si
1082 436 1111 475 je
1129 438 1194 466 n'en
1216 437 1270 466 fais
1290 436 1364 468 rien.
1384 437 1537 474 4'imagine
1558 438 1632 467 donc
1653 445 1710 474 que

364 477 392 513 je
421 475 604 513 préviendrai
634 479 679 506 cet
695 476 909 515 inconvénient,
939 483 974 506 ou
1006 475 1092 513 qu'au
1116 475 1209 505 moins
1238 475 1267 513 je
1298 475 1325 506 le
1352 476 1527 512 retarderai,
1556 477 1580 507 si
1609 476 1638 514 je
1669 477 1709 506 les

363 522 463 545 remue
479 518 544 545 tous
563 516 604 545 les
624 515 707 553 jours
725 522 776 546 sur
795 523 832 544 un
849 514 990 551 clavecin,
1016 518 1044 545 et
1057 515 1086 553 je
1102 514 1227 552 regarde
1243 515 1269 544 le
1299 514 1427 545 clavecin
1453 522 1565 545 comme
1583 523 1620 545 un
1641 515 1709 553 pré¬

365 553 502 584 servatif.
515 577 540 584 ..
551 566 563 580 »
595 555 633 584 La
653 555 685 584 4*
706 562 776 592 page
795 557 839 584 est
854 554 974 592 remplie
995 562 1047 592 par
1068 555 1094 584 la
1124 554 1232 584 minute
1264 555 1322 583 aut.
1350 555 1384 584 de
1411 554 1437 583 la
1468 554 1605 592 réponse,
1634 555 1709 585 très-

366 593 538 629 spirituelle,
552 594 588 623 du
608 593 674 624 duc.

250 633 337 668 4370
362 632 572 674 Consalvi
586 631 635 674 (le
648 630 827 665 cardinal
848 631 1046 674 Hercule),
1059 631 1243 667 ministre
1264 630 1465 666 confident
1478 631 1525 665 de
1540 631 1611 666 Pie
1625 631 1708 675 VII,

361 675 581 720 signataire
609 676 661 709 du
683 675 895 710 concordat
921 675 967 709 de
991 677 1087 710 1801.
1109 696 1149 701 —
1176 676 1220 710 L.
1252 686 1286 710 a.
1319 686 1364 718 s.,
1394 675 1516 719 (Alex.
1546 676 1709 720 Dente);

360 720 499 762 Rome,
523 722 562 754 19
581 719 664 754 déc.
683 721 779 761 1801,
803 721 815 753 1
839 730 875 764 p.
897 720 949 764 pl.
972 720 1070 754 in-4.
1625 723 1646 755 3
1691 733 1710 753 »

250 765 332 800 4371
363 765 532 807 Gooper
550 764 685 808 (Fen.),
706 763 741 797 le
763 764 887 808 grand
908 763 1133 798 romancier
1152 763 1380 798 américain.
1407 783 1449 789 —
1468 763 1510 798 L.
1533 774 1567 799 a.
1588 775 1640 806 s.,
1662 776 1711 799 en

362 808 549 855 français,
572 808 593 842 à
612 808 664 842 M.
686 807 732 841 de
753 807 964 851 Corcelles,
990 811 1000 859 1
1024 807 1061 859 p.
1083 807 1175 843 in-8.
1626 812 1645 843 7
1694 822 1710 841 »

253 854 339 889 4372
364 845 511 897 Corày
530 852 751 897 (Diamant),
772 854 913 887 savant
931 852 1158 887 helléniste.
1179 872 1221 877 —
1240 852 1283 887 L.
1300 863 1334 887 a.
1351 862 1381 887 s.
1403 851 1425 886 à
1443 852 1499 887 La
1519 852 1639 887 Porte
1660 853 1711 888 du

365 896 495 938 Theil,
517 907 565 932 an
584 896 635 939 X,
659 898 671 930 1
695 906 731 941 p.
752 896 848 931 in-4.
1625 899 1646 932 2
1670 901 1714 933 50

409 942 538 972 Relative
558 942 575 972 à
591 949 627 971 un
646 949 767 979 passage
786 941 821 971 de
841 941 905 971 lnir
931 941 1093 971 traduction
1110 941 1147 972 de
1165 940 1313 971 Strcibon.
1351 957 1388 963 —
1417 941 1459 971 On
1476 949 1493 979 y
1516 949 1531 971 a
1546 941 1619 979 joint
1639 943 1714 973 deux

371 984 454 1011 notes
474 984 530 1010 aut.
551 988 604 1011 sur
621 981 647 1011 le
665 981 759 1010 même
770 980 856 1018 sujet,
868 981 887 1010 4
905 988 932 1018 p.
953 981 1026 1010 in-i.

256 1024 343 1059 4373
368 1024 531 1067 Cousin
550 1024 634 1068 (V.),
655 1023 809 1058 célèbre
829 1023 1076 1069 philosophe,
1098 1024 1144 1058 de
1164 1023 1311 1059 l’Àcad.
1332 1024 1457 1059 franc.
1495 1044 1536 1048 —
1556 1024 1600 1059 L.
1621 1035 1655 1059 a.
1682 1035 1713 1060 s.

367 1067 389 1101 à
406 1067 454 1103 H.
474 1068 803 1113 Royer-Collard,
826 1070 923 1110 1831,
947 1070 1008 1111 1/2
1026 1079 1063 1113 p.
1085 1061 1176 1103 in-8.
1429 1061 1441 1072 J
1628 1071 1650 1104 2
1699 1082 1713 1101 »

256 1119 343 1153 4374
366 1119 544 1163 Danton
563 1118 776 1163 (Georges),
797 1118 833 1152 le
857 1117 1012 1153 célèbre
1032 1117 1355 1152 conventionnel.
1375 1137 1416 1142 —
1436 1118 1478 1152 L.
1498 1128 1544 1161 s.,
1565 1129 1716 1153 comme

369 1161 552 1197 ministre
572 1162 619 1197 de
639 1162 677 1197 la
703 1161 867 1208 justice,
890 1173 938 1196 au
971 1162 1184 1198 directoire
1217 1162 1268 1196 du
1306 1161 1456 1207 départ,
1495 1162 1542 1196 de
1579 1163 1715 1204 Paris;

367 1208 410 1241 25
431 1206 526 1241 août
548 1209 644 1249 1792,
669 1210 680 1242 1
705 1217 741 1251 p.
763 1206 854 1241 in-f.
875 1208 963 1241 Belle
971 1209 1073 1251 pièce.
1607 1210 1648 1242 27
1699 1221 1715 1240 »

413 1253 467 1282 Les
487 1251 665 1287 prisonniers
678 1253 712 1282 de
735 1252 854 1289 Bicêtre,
869 1251 1046 1282 condamnés
1064 1260 1079 1281 a
1095 1259 1109 1289 y
1124 1252 1185 1281 être
1212 1251 1334 1281 détenus
1346 1250 1462 1289 jusqu'il
1489 1251 1552 1281 leur
1574 1253 1718 1291 majorité,

376 1288 508 1321 instruits
526 1291 562 1321 du
582 1291 679 1321 décret
705 1291 751 1328 qui
772 1291 797 1320 la
812 1291 868 1320 fixe
893 1293 908 1320 à
927 1291 959 1321 21
985 1298 1051 1328 ans,
1070 1291 1242 1321 demandent
1259 1289 1321 1320 s'ils
1342 1291 1458 1321 doivent
1473 1290 1551 1328 jouir
1569 1292 1606 1321 du
1630 1292 1718 1322 béné¬

377 1327 429 1360 fice
448 1330 484 1360 de
497 1331 571 1361 cette
590 1330 638 1360 loi.
659 1342 672 1356 «
695 1329 914 1366 L’affirmative,
935 1330 1021 1366 dit-il,
1033 1330 1108 1361 n’est
1127 1338 1178 1367 pas
1196 1330 1346 1360 douteuse.
1370 1331 1426 1360 Les
1445 1321 1574 1367 ciioyens
1594 1331 1721 1369 français

380 1368 510 1401 doivent,
524 1377 593 1400 sous
611 1371 677 1399 tous
704 1369 744 1400 les
761 1372 912 1407 rapports,
934 1369 1011 1407 jouir
1029 1369 1067 1399 du
1083 1368 1208 1400 bénéfice
1228 1369 1262 1399 de.
1281 1369 1307 1398 la
1326 1368 1362 1398 loi
1380 1370 1426 1406 qui
1447 1376 1555 1400 avance
1576 1370 1601 1400 la
1630 1371 1721 1408 majo¬

377 1409 443 1442 rité,
463 1412 491 1438 et
511 1411 586 1439 cette
605 1409 641 1439 loi
664 1411 708 1439 est
724 1413 790 1446 trop
813 1408 941 1439 formelle
971 1416 1044 1447 pour
1074 1408 1164 1438 nôtre
1182 1409 1262 1446 point
1285 1408 1447 1446 applicable
1475 1416 1532 1438 aux
1562 1410 1683 1441 détenus
1704 1411 1720 1441 h

378 1448 498 1478 Birétro.
515 1459 527 1473 »

258 1495 345 1530 4375
368 1491 588 1535 Decamps
609 1491 879 1535 (Alex.-Gab.),
901 1490 1055 1525 célèbre
1077 1490 1232 1535 peintre
1254 1490 1300 1524 de
1320 1501 1511 1537 paysages
1536 1494 1577 1527 et
1596 1492 1719 1528 d’ani¬

370 1547 501 1572 maux.
522 1555 564 1560 —
589 1535 631 1570 L.
654 1547 687 1570 a.
709 1535 784 1581 sig.
806 1539 861 1579 De,
882 1535 904 1569 à
923 1535 1041 1570 Jadin
1058 1547 1066 1577 ;
1088 1537 1125 1570 21
1150 1545 1253 1570 mars
1276 1537 1372 1578 1853,
1396 1538 1407 1570 1
1432 1546 1468 1582 p.
1491 1537 1587 1571 in-8.
1635 1540 1656 1572 5
1704 1547 1721 1569 »'

259 1589 346 1624 4376
369 1589 429 1622 Le
447 1587 604 1621 même.
636 1606 677 1611 —
696 1585 862 1630 Croquis
894 1584 1174 1630 représentant
1191 1587 1286 1619 Deux
1305 1588 1438 1627 enfants
1456 1588 1555 1630 assis,
1588 1587 1719 1622 dessin

373 1631 463 1676 sig.,
485 1630 581 1665 in-8.
1618 1634 1657 1666 10
1703 1644 1721 1663 »

259 1678 345 1712 4377
369 1678 429 1710 Le
446 1673 604 1709 même.
634 1673 692 1709 Un
712 1674 867 1709 homme
889 1674 911 1708 à
930 1673 1083 1716 cheval,
1105 1673 1236 1709 dessin
1255 1673 1346 1719 sig.,
1368 1673 1464 1709 in-8.
1618 1678 1657 1711 15
1704 1689 1721 1707 »

263 1727 350 1763 4378
373 1727 437 1760 De
460 1725 648 1768 Lacroix
667 1723 774 1768 (Ch.),
795 1723 1103 1759 conventionnel
1125 1723 1299 1768 (Marne),
1321 1723 1504 1759 ministre
1531 1724 1599 1760 des
1625 1725 1725 1760 rela-

371 1770 478 1805 tiens
497 1771 579 1804 ext.
598 1779 689 1803 sous
709 1768 745 1803 le
765 1768 1001 1804 Directoire.
1037 1787 1080 1792 —
1115 1767 1255 1803 Arrêté
1291 1768 1342 1802 du
1364 1768 1514 1803 Comité
1541 1769 1588 1803 de
1614 1770 1720 1804 salut

374 1813 509 1861 public
520 1825 528 1857 ;
542 1813 651 1858 pièce
666 1814 748 1847 aut.
765 1812 839 1858 sig.
856 1808 902 1847 de
917 1812 986 1847 Ch.
1002 1812 1223 1855 Delacroix,
1240 1812 1315 1858 sig.
1332 1813 1438 1847 aussi
1453 1813 1499 1847 de
1511 1814 1555 1848 P.
1567 1814 1723 1859 Loysel,

372 1861 426 1893 Le
446 1858 671 1899 Tourneur,
692 1857 962 1899 Cambacérès,
982 1856 1080 1891 J.-B.
1101 1857 1267 1899 Louvet,
1292 1859 1330 1892 13
1355 1857 1471 1891 vend,
1492 1868 1540 1892 an
1563 1858 1627 1901 IV,
1651 1861 1663 1893 1
1686 1869 1722 1904 p.

375 1902 428 1948 pl.
450 1902 542 1936 in-4.
1633 1905 1653 1938 4
1701 1915 1717 1934 »

418 1948 460 1976 Vu
483 1948 508 1977 le
529 1947 639 1985 danger
658 1947 693 1977 de
714 1946 740 1976 la
763 1947 866 1983 patrie,
901 1947 942 1976 les
964 1945 1099 1976 matrices
1130 1949 1159 1976 et
1182 1947 1322 1984 planches
1343 1946 1395 1976 des
1416 1947 1559 1984 assignats
1591 1951 1691 1979 seront
1710 1949 1727 1978 h

381 1987 509 2017 l’instant
526 1985 726 2023 transportées
750 1985 824 2015 dans
842 1986 868 2015 le
882 1986 944 2016 sein
964 1985 999 2015 de
1024 1985 1051 2015 la
1076 1985 1266 2016 Convention.
1298 1986 1354 2015 Par
1376 1994 1430 2016 une
1456 1990 1522 2017 note
1554 1995 1588 2017 en
1615 1994 1727 2026 marge,

377 2029 451 2057 cette
471 2033 586 2056 mesure
606 2027 647 2055 est
667 2025 832 2063 suspendue
848 2024 963 2063 jusqu’à
987 2024 1091 2054 nouvel
1108 2024 1205 2055 ordre.

264 2072 350 2107 4379
373 2069 609 2112 Delacroix
628 2068 765 2114 (Eug.),
786 2068 943 2113 peintre
964 2067 1109 2110 d’hist.,
1126 2067 1219 2102 chef
1235 2067 1282 2102 de
1303 2067 1439 2103 l’école
1459 2069 1726 2114 romantique,

375 2114 439 2149 fils
476 2114 528 2148 du
565 2112 792 2159 précédent.
836 2133 877 2138 —
913 2113 957 2148 L.
995 2123 1029 2147 a.
1067 2123 1117 2155 s.;
1154 2112 1443 2158 Champrosay,
1492 2115 1596 2156 1855,
1638 2116 1650 2148 1
1690 2125 1727 2160 p.

377 2159 472 2193 in-8.
1642 2161 1663 2193 2
1686 2161 1729 2194 50

263 2211 352 2245 4380
375 2208 625 2252 Delavigne
645 2207 850 2253 (Casimir),
872 2206 1026 2242 célèbre
1055 2206 1183 2252 poète,
1204 2206 1251 2241 de
1278 2207 1423 2243 l’Acad.
1446 2207 1588 2255 franç.,
1609 2208 1658 2242 né
1678 2219 1728 2243 au

377 2253 522 2288 Havre.
545 2273 585 2277 —
611 2252 654 2287 L.
676 2263 710 2287 a.
739 2263 769 2287 s.
798 2252 819 2286 à
844 2252 899 2287 Fa
905 2251 938 2286 b.
966 2251 1112 2296 Pillet;
1149 2251 1277 2294 Paris,
1307 2254 1403 2295 1835,
1436 2254 1448 2286 1
1472 2262 1508 2297 p.
1530 2252 1627 2287 in-8.
1647 2255 1730 2288 Jolie

373 2299 477 2342 pièce.
1642 2300 1663 2332 8
1718 2310 1727 2329 >

422 2342 512 2373 Knvoi
532 2341 568 2372 de
586 2342 614 2372 la
635 2341 762 2372 comédie
784 2341 809 2371 la
830 2340 1029 2379 Popularité,
1049 2348 1105 2371 une
1119 2342 1153 2371 de
1170 2349 1217 2371 ses
1237 2342 1302 2379 plus
1321 2341 1412 2371 belles
1428 2341 1534 2379 pièces.

267 2388 349 2422 4381
377 2386 640 2429 Dembinski
660 2385 822 2430 (Henri),
843 2384 997 2419 célèbre
1019 2384 1180 2430 général
1201 2385 1381 2429 polonais
1396 2385 1442 2419 de
1463 2385 1502 2419 la
1522 2396 1666 2430 guerre
1682 2387 1729 2421 de

379 2430 705 2475 l’indépendance
725 2440 773 2464 en
803 2432 886 2464 1830
922 2431 962 2465 et
989 2429 1036 2464 de
1063 2429 1102 2464 la
1131 2429 1360 2464 révolution
1396 2429 1443 2464 de
1475 2429 1667 2474 Hongrie.
1687 2451 1730 2457 —

381 2475 505 2510 Billet
525 2476 607 2509 aut.
628 2474 724 2519 sig.;
743 2473 872 2515 Paris,
897 2475 993 2516 1840,
1015 2475 1079 2517 1/2
1097 2473 1243 2519 p.in-8.
1644 2478 1665 2510 3
1713 2488 1729 2507 »

269 2527 356 2561 4382
379 2526 501 2559 Dode
519 2525 575 2559 de
593 2524 639 2558 la
656 2524 871 2568 Brunerie
891 2523 938 2568 (le
959 2523 1129 2558 vicomte
1149 2524 1205 2558 Gu
1215 2523 1284 2567 il.),
1306 2523 1439 2558 habile
1466 2525 1506 2559 et
1527 2524 1646 2559 brave
1668 2525 1731 2571 gé¬

381 2570 491 2604 néral
507 2569 558 2603 du
582 2568 711 2613 génie,
734 2568 930 2603 maréchal
953 2568 999 2603 de
1020 2568 1183 2609 France,
1204 2567 1253 2602 né
1277 2568 1375 2603 dans
1402 2568 1546 2604 l’Isère.
1568 2589 1610 2595 —
1629 2569 1672 2604 L.
1695 2581 1729 2605 a.

381 2625 411 2649 s.
434 2614 454 2648 à
473 2614 526 2649 M.
548 2613 750 2658 Legrand;
772 2613 899 2656 Paris,
924 2615 1020 2655 1843,
1044 2615 1054 2647 1
1080 2623 1116 2658 p.
1138 2612 1234 2647 in-4.
1255 2615 1352 2647 Barc.
1645 2616 1666 2649 5
1713 2627 1729 2646 »
