1841 2972
865 164 910 171 —
941 144 988 182 24
1017 164 1060 171 -

326 244 596 287 Constantine,
621 245 716 286 1864,
740 245 751 278 1
775 253 810 289 p.
833 243 929 286 in-8,
951 243 1182 289 enveloppe,
1204 245 1244 279 et
1261 243 1399 279 cachet
1420 242 1699 288 représentant

329 299 382 323 un
402 288 500 324 lion.
1612 289 1633 322 3
1656 289 1700 322 50

238 335 302 369 225
326 334 438 378 Govi
456 333 651 378 (Gilbert),
683 335 823 369 savant
854 335 1079 369 astronome
1111 333 1276 375 italien,
1308 331 1621 378 correspondant
1652 331 1699 366 de

327 378 519 415 l’Institut
538 378 585 413 de
606 378 770 421 France,
792 377 1019 413 adversaire
1035 377 1082 413 de
1102 378 1154 413 M.
1176 377 1337 413 Chasles
1351 378 1448 413 dans
1462 378 1501 413 la
1514 376 1698 422 question

327 424 374 458 de
393 424 432 459 la
450 423 571 459 cécité
591 423 638 458 de
659 423 826 459 Galilée.
848 443 891 450 —
909 423 953 459 L.
975 433 1008 459 a.
1031 434 1061 459 s.
1082 434 1131 459 en
1152 423 1294 466 franc.;
1318 423 1459 466 Turin,
1484 424 1582 465 1863,
1614 425 1635 457 4
1662 432 1699 467 p.

328 469 425 504 in-8.
1614 469 1635 502 4
1681 479 1698 499 »

362 514 586 545 Très-curieuse
602 514 696 552 épître
711 513 889 552 scientifique
904 517 932 553 et
947 514 1178 553 philosophique.

287 605 1051 683 DICTIONNAIRE
1135 601 1655 697 FRANÇAIS

723 700 819 734 Par
851 698 1218 733 TRONQUIER

379 756 563 790 Manuscrit
577 755 697 795 inédit,
718 756 865 797 fou'mant
884 755 918 788 la
936 756 1073 789 matière
1093 754 1263 789 d’environ
1282 755 1303 789 3
1320 754 1460 788 volumes
1476 754 1558 795 in-f.

767 815 892 856 PRIX
916 819 926 856 :
958 814 1058 857 500
1090 815 1172 857 FR.

283 911 332 948 Ce
352 911 654 953 Dictionnaire,
676 911 856 957 composé
878 922 927 947 au
947 913 1286 947 commencement
1305 911 1352 946 de
1373 922 1416 946 ce
1436 911 1570 953 siècle,
1599 912 1660 946 est
1679 912 1701 946 à

239 957 278 992 la
313 957 388 992 fois
424 956 721 1002 étymologique
758 958 799 992 et
837 956 1126 1002 grammatical.
1166 956 1197 991 Il
1230 967 1407 992 annonce
1437 966 1513 991 une
1544 956 1699 992 science

239 1001 430 1055 profonde
450 1002 501 1036 du
522 1001 760 1037 mécanisme
781 1002 827 1036 de
849 1003 962 1037 notre
977 1001 1137 1047 langue,
1152 1003 1193 1036 et
1207 1002 1390 1047 pourrait
1403 1000 1532 1037 servir
1545 1000 1592 1035 de
1608 1001 1699 1037 base

239 1057 261 1081 a
281 1057 333 1081 un
361 1046 484 1091 grand
511 1046 657 1082 travail
682 1046 1049 1093 lexicographique.
1076 1047 1107 1082 Il
1133 1047 1194 1081 est
1220 1047 1487 1082 entièrement
1513 1046 1700 1089 terminé,

240 1092 338 1127 mais
359 1091 397 1127 la
416 1093 520 1127 mort
538 1103 561 1127 a
579 1092 732 1136 surpris
753 1092 926 1127 l’auteur
945 1102 994 1126 au
1015 1093 1192 1127 moment
1211 1092 1261 1127 où
1282 1092 1312 1127 il
1332 1092 1447 1127 allait
1466 1092 1502 1126 le
1528 1090 1654 1126 livrer
1678 1092 1700 1126 à

239 1136 516 1182 l’impression.
537 1136 679 1172 L’abbé
700 1136 851 1178 Sicard,
873 1137 895 1183 à
913 1136 981 1183 qui
1004 1136 1033 1171 il
1062 1148 1084 1172 a
1111 1136 1173 1172 été
1206 1136 1500 1182 communiqué,
1531 1136 1699 1181 regarde

239 1192 281 1216 ce
302 1182 535 1225 manuscrit,
556 1182 652 1217 dans
673 1192 749 1217 une
770 1181 890 1218 lettre
906 1182 1152 1227 autographe
1167 1182 1235 1228 qui
1248 1192 1275 1228 y
1289 1183 1349 1217 est
1358 1181 1504 1227 jointe,
1521 1181 1543 1216 à
1557 1181 1596 1217 la
1609 1181 1699 1217 date

240 1226 287 1261 de
311 1229 407 1271 1817,
427 1237 576 1262 comme
597 1237 651 1262 un
669 1237 808 1271 ouvrage
830 1229 1000 1272 précieux,
1030 1226 1127 1263 dont
1156 1237 1205 1262 on
1233 1228 1331 1273 peut
1358 1227 1460 1263 tirer
1490 1237 1543 1262 un
1573 1226 1697 1271 grand

240 1271 359 1316 parti.

804 1360 1128 1408 PRIME

291 1423 646 1458 exclusivement
680 1424 892 1458 réservée
930 1433 1016 1457 aux
1050 1424 1260 1459 Abonnés
1296 1425 1351 1459 de
1386 1426 1431 1459 la
1465 1425 1650 1459 REVUE

690 1469 795 1503 DES
837 1468 1247 1504 AUTOGRAPHES

561 1559 1385 1627 CORRESPONDANCE

924 1651 1020 1674 ENTRE

261 1705 745 1797 BOILEAU
821 1707 953 1795 ET
1029 1707 1677 1797 BROSSETTE

911 1819 1034 1849 PUBLIÉE

495 1868 557 1900 SUR
583 1869 642 1900 LES
666 1869 876 1900 MANUSCRITS
900 1869 1090 1901 ORIGINAUX
1114 1871 1155 1901 EN
1181 1871 1299 1902 PARTIE
1323 1861 1453 1902 INÉDITS

942 1922 997 1943 PAR

733 1963 917 1999 Auguste
944 1963 1215 1999 LAVERDET

899 2027 972 2051 AVEC
995 2028 1051 2051 UNE

568 2075 928 2121 INTRODUCTION
963 2076 1026 2121 DE
1057 2076 1204 2123 JULES
1233 2077 1389 2124 JANIN.

335 2203 393 2239 Un
412 2204 570 2239 volume
590 2203 688 2239 in-8°
709 2204 755 2239 de
775 2206 840 2239 640
859 2214 992 2250 pages,
1013 2205 1196 2249 imprimé
1216 2215 1264 2241 en
1294 2208 1377 2242 1858
1402 2216 1472 2252 par
1493 2207 1545 2243 M.
1567 2208 1699 2253 Claye,

244 2259 314 2283 sur
333 2249 469 2295 papier
488 2248 599 2284 carré
618 2249 740 2292 vélin,
767 2248 891 2284 choisi
918 2260 988 2295 par
1007 2249 1194 2285 l’éditeur
1218 2249 1438 2295 lui-méme,
1460 2263 1552 2287 avec
1576 2255 1597 2287 G
1621 2253 1701 2288 fac-

245 2293 376 2328 similé
396 2293 581 2329 exécutés
601 2304 694 2329 avec
713 2294 812 2337 soin,
833 2297 874 2329 et
892 2294 931 2329 la
950 2295 1183 2340 généalogie
1203 2294 1249 2330 de
1270 2294 1448 2343 Boileau.

334 2338 383 2374 Ce
404 2338 644 2385 magnifique
663 2339 820 2374 volume
841 2339 888 2373 de
910 2338 1184 2385 bibliothèque
1210 2342 1270 2376 est
1294 2340 1330 2376 le
1357 2341 1619 2387 complément
1644 2341 1702 2377 in¬

246 2383 493 2429 dispensable
514 2383 561 2418 de
580 2386 713 2419 toutes
738 2384 794 2419 les
815 2383 986 2420 éditions
1005 2382 1052 2419 de
1072 2384 1250 2429 Boileau,
1272 2385 1397 2429 mémch
1421 2386 1467 2421 de
1493 2387 1612 2423 celles
1632 2387 1699 2438 qui

246 2439 286 2464 se
306 2428 537 2474 publieront
557 2429 579 2463 à
598 2428 776 2471 l’avenir,
792 2433 860 2464 à
873 2427 978 2463 àà
1245 2436 1344 2476 pouf
1351 2419 1525 2477 Impartie
1536 2432 1699 2467 inédite.

571 2492 639 2525 Au
662 2491 750 2525 lieu
773 2491 828 2525 de
853 2491 906 2525 10
929 2485 970 2527 fiÀ..UN
1233 2493 1375 2528 franc.

361 2540 525 2585 Franco,
541 2551 606 2585 par
625 2541 658 2575 la
676 2543 769 2575 Poste
788 2553 797 2575 :
824 2544 958 2581 France,
979 2539 996 2579 \
1018 2543 1065 2584 fr.
1085 2543 1146 2583 80;
1228 2545 1403 2589 Etranger,
1425 2546 1446 2579 2
1462 2544 1510 2586 fr.
1531 2546 1587 2578 50.

252 2607 1009 2613 -—-
1009 2582 1013 2586 '
1017 2609 1025 2613 .
1029 2603 1042 2615 s
1353 2610 1695 2615 -

493 2620 587 2649 Rouen,
605 2621 627 2644 J.
647 2621 741 2649 Leecrf,
760 2621 908 2654 imprimeur
922 2621 952 2645 de
970 2621 992 2645 lu
1010 2621 1085 2645 Coifr.
1095 2622 1222 2653 impériale
1239 2624 1263 2649 ep^fe
1337 2623 1360 2646 la
1372 2623 1465 2647 Mairie.
