1793 3007
776 186 819 223 -
849 186 895 223 17
928 206 970 214 -

255 283 494 319 Hédouville
511 295 519 327 ;
557 283 760 328 Mayence,
792 285 835 319 24
871 283 954 318 déc.
989 284 1084 325 1806,
1125 285 1136 317 1
1178 293 1214 327 p.
1253 282 1345 325 in-8,
1381 284 1602 325 entourage

258 327 424 373 gauffré.
444 329 529 362 Jolie
542 329 644 373 pièce.
1498 327 1538 360 12
1584 338 1600 356 »

303 373 363 403 Elle
381 373 408 403 le
425 373 531 411 charge
552 373 588 403 de
603 373 643 403 lui
663 373 812 411 adresser,
827 380 896 402 sous
910 372 1069 410 enveloppe
1084 371 1229 408 cachetée,
1246 372 1288 402 les
1306 371 1399 410 objets
1416 370 1463 408 qui
1484 371 1521 400 lui
1538 374 1604 400 sont

262 411 389 450 envoyés
406 412 441 443 de
459 412 709 450 Constantinople.

146 467 232 501 4427
257 466 377 511 Kant
396 466 561 513 (Emm.J,
581 466 618 501 le
639 466 727 510 plus
755 465 881 507 grand
903 464 1244 510 méthaphysicien
1259 464 1305 499 de
1327 464 1602 510 l’Allemagne.

258 530 300 536 —
319 510 361 546 L.
384 521 418 546 a.
435 520 465 545 s.
487 510 509 545 à
528 510 706 546 Ladislas
725 509 959 545 Nicolovius
974 521 983 553 ;
1015 509 1276 554 Kœnigberg,
1306 511 1349 545 25
1384 519 1473 544 nov.
1507 511 1603 550 1790,

260 557 272 589 1
285 557 322 596 12
339 565 375 600 p.
397 554 490 590 in-f.
1496 555 1539 587 20
1585 565 1602 583 »

147 600 233 633 4428
258 599 452 643 Keppler
472 599 608 643 (Jean),
629 598 666 633 le
687 597 812 640 grand
833 599 1071 632 astronome.
1114 617 1156 622 —
1191 597 1234 632 L.
1256 608 1300 640 s.,
1322 607 1371 632 en
1391 596 1603 639 allemand,

259 643 282 677 à
316 643 415 678 Jean
440 643 542 688 Bapt
556 655 565 687 ;
601 645 644 678 20
692 642 775 677 déc.
817 644 921 684 1626,
955 644 967 676 1
1008 651 1044 686 p.
1083 642 1185 684 in-f.,
1205 641 1356 677 cachet.
1389 643 1477 676 Belle
1501 643 1603 685 pièce.

257 690 354 722 Rare.
1481 688 1537 721 75.
1586 698 1603 716 »

146 732 233 766 4429
256 732 379 775 Kock
398 731 512 775 (Paul
532 730 605 774 de),
626 730 663 765 le
683 729 840 765 célèbre
861 729 1085 764 romancier
1104 729 1325 775 populaire.
1356 749 1397 754 —
1417 730 1459 764 L.
1476 739 1510 764 a.
1531 740 1562 764 s.
1584 729 1606 763 à

259 775 311 809 M.
339 775 386 810 de
407 775 533 817 Kock,
554 785 624 810 son
644 775 769 818 frère;
784 774 912 815 Paris,
990 772 1101 818 13,j'anv.
1126 777 1222 816 1835,
1241 776 1262 809 2
1281 784 1317 819 p.
1333 772 1395 817 1/2in-8.
1520 776 1541 808 4
1587 786 1603 805 »

306 820 382 850 Belle
399 824 426 850 et
446 820 636 850 intéressante
654 820 757 858 épitre,
783 819 902 849 relative
921 819 938 848 à
954 819 978 847 la
998 823 1073 849 mort
1091 820 1126 850 de
1144 827 1175 849 sa
1203 819 1378 853 belle-sœur,
1399 821 1427 849 et
1450 820 1464 849 à
1483 819 1510 849 la
1528 821 1607 857 perte

265 858 332 889 d’un
347 861 451 897 procès
468 861 568 889 contre
586 858 693 893 Barba,
714 865 767 888 son
787 858 908 888 éditeur.
936 859 976 888 Le
996 859 1143 895 jugement
1170 858 1208 888 lui
1237 858 1287 888 fait
1305 858 1411 896 perdre
1429 866 1466 888 un
1498 858 1533 888 de
1559 866 1607 888 ses

265 904 395 932 romans,
409 901 436 927 et
452 898 613 935 l'empêche
628 898 663 928 de
680 898 751 927 faire
767 905 823 927 une
839 897 945 927 édition
959 898 1103 934 complète
1116 899 1151 927 de
1164 905 1213 927 scs
1228 905 1353 927 œuvres.

145 937 233 971 4430
255 937 486 980 Lacépède
505 937 553 980 (le
574 937 701 971 comte
722 935 795 979 de),
814 934 967 970 célèbre
988 935 1228 971 naturaliste
1249 937 1289 970 et
1301 935 1456 971 homme
1472 935 1605 977 d’état,

260 979 306 1014 de
327 980 474 1015 l’Acad.
496 981 636 1023 franc.,
651 980 699 1015 né
712 980 734 1015 à
752 981 878 1025 Agen.
894 1000 936 1005 --
950 980 992 1014 L.
1009 991 1042 1014 a.
1063 991 1093 1015 s.
1115 991 1163 1015 au
1184 980 1422 1017 naturaliste
1442 980 1608 1015 Lamou-

259 1034 374 1067 roux,
397 1026 494 1067 1811,
521 1027 532 1059 1
556 1035 591 1069 p.
614 1025 711 1068 in-8,
733 1025 872 1059 cachet
892 1024 914 1059 à
932 1034 992 1059 ses
1013 1029 1154 1060 armes.
1173 1025 1261 1059 Jolie
1276 1027 1376 1074 pièce.
1522 1026 1543 1059 3
1589 1036 1605 1055 »

148 1069 232 1103 4431
260 1070 458 1108 Lakanal
480 1069 661 1119 (Joseph),
684 1068 840 1104 célèbre
861 1069 1167 1103 conventionnel
1207 1068 1394 1114 (Ariége),
1432 1068 1606 1103 membre

258 1112 304 1147 de
324 1113 464 1156 l’Inst.,
480 1114 789 1159 l’organisateur
809 1113 856 1148 de
877 1113 1148 1148 l’instruction
1168 1112 1358 1161 publique
1379 1113 1555 1159 pendant
1568 1112 1607 1147 la

260 1157 517 1193 Révolution.
549 1178 591 1183 —
627 1158 668 1192 L.
691 1169 724 1193 a.
746 1168 775 1193 s.
798 1158 820 1192 à
838 1157 877 1192 la
898 1157 1175 1202 municipalité
1195 1157 1241 1192 de
1278 1157 1607 1197 Fontainebleau;

261 1201 453 1247 Bourges,
477 1205 515 1237 17
536 1203 621 1238 flor.
654 1213 702 1237 an
728 1202 796 1245 III,
819 1204 831 1236 1
861 1211 896 1246 p.
917 1202 1009 1237 in-f.
1522 1204 1543 1236 5
1589 1213 1606 1231 »

311 1247 439 1277 Relative
454 1249 470 1277 à
485 1256 518 1278 sa
538 1248 655 1277 mission
676 1255 749 1285 pour
767 1247 938 1277 l'exécution
956 1247 1008 1277 des
1026 1246 1079 1277 lois
1096 1255 1148 1277 sur
1159 1247 1349 1277 l’instruction
1368 1247 1513 1284 publique.

151 1285 239 1319 4432
261 1286 482 1330 Lamarck
500 1286 548 1330 (le
569 1285 772 1320 chevalier
791 1285 863 1334 de),
884 1295 937 1319 un
958 1285 1004 1319 de
1020 1295 1088 1319 nos
1103 1285 1191 1330 plus
1206 1287 1363 1320 savants
1377 1285 1607 1326 botanistes,

262 1328 308 1364 de
329 1329 537 1373 l’Institut,
559 1329 607 1365 né
628 1330 716 1383 près
736 1329 783 1365 de
805 1330 1040 1375 Bapeaume.
1067 1348 1109 1354 —
1130 1329 1171 1364 L.
1198 1340 1232 1364 a.
1253 1339 1283 1364 s.
1304 1330 1326 1364 à
1345 1329 1610 1375 l’imprimeur

261 1376 408 1419 Agasse
423 1387 431 1419 ;
452 1377 494 1410 27
512 1375 694 1410 vendent,
716 1385 763 1409 an
783 1375 850 1418 VI,
874 1377 885 1409 1
909 1385 944 1419 p.
968 1376 1030 1417 1/4
1048 1374 1144 1409 in-8.
1522 1377 1543 1408 4
1589 1386 1606 1405 »

307 1420 402 1457 Après
421 1421 458 1450 lui
479 1421 560 1451 avoir
580 1421 682 1450 mandé
698 1420 768 1458 qu'il
790 1419 921 1451 travaille
952 1426 1009 1449 aux
1027 1419 1172 1450 lvraisons
1205 1419 1241 1449 de
1266 1419 1282 1449 Y
1288 1418 1516 1457 Encyclopédie
1533 1418 1609 1448 rela¬

267 1457 340 1489 tives
358 1459 373 1488 à
389 1459 415 1489 la
438 1460 603 1497 botanique,
622 1467 678 1489 aux
697 1459 836 1496 coquilles
851 1462 879 1489 et
898 1466 953 1488 aux
973 1459 1109 1495 insectes,
1129 1459 1146 1488 il
1165 1458 1330 1489 manisfeste
1352 1460 1378 1488 la
1400 1459 1508 1488 crainte
1520 1458 1610 1488 d'être

268 1497 351 1534 porté
369 1506 421 1527 sur
437 1499 462 1528 la
481 1499 545 1529 liste
577 1499 628 1529 des
658 1499 795 1536 déportés
821 1506 857 1529 ou
878 1498 930 1528 des
954 1497 1057 1528 bannis
1091 1498 1155 1537 (par
1189 1498 1264 1527 suite
1295 1498 1331 1527 du
1351 1504 1424 1535 coup
1454 1497 1542 1528 d’état
1572 1497 1609 1527 du

271 1537 306 1565 18
325 1537 487 1575 fructidor).
510 1550 521 1563 «
537 1538 570 1568 Je
590 1538 651 1567 suis
666 1538 837 1574 cependant,
857 1537 946 1574 dit-il,
963 1536 1138 1574 républicain
1160 1536 1392 1575 très-prononcé.
1408 1548 1420 1562 »

150 1575 237 1610 4433
260 1575 518 1620 Lamartine
538 1576 664 1621 (Alph.
687 1576 759 1620 de),
780 1575 940 1610 illustre
962 1574 1138 1609 écrivain
1158 1577 1199 1610 et
1217 1575 1372 1609 homme
1392 1574 1542 1616 d’Etat,
1563 1574 1609 1609 de

264 1619 408 1655 l’Acad.
430 1620 555 1656 franc.
575 1640 617 1645 —
637 1620 679 1655 L.
702 1631 736 1655 a.
757 1630 787 1655 s.
809 1620 831 1654 à
851 1620 902 1655 M.
925 1619 1049 1662 Grün,
1074 1622 1083 1654 1
1109 1630 1145 1673 p.
1159 1619 1250 1654 in-8.
1524 1622 1545 1654 3
1594 1631 1608 1649 »

149 1664 237 1698 4434
260 1665 463 1709 Lassalle
483 1665 741 1709 (Ant.-Ch.-L.
763 1665 836 1706 de\
856 1664 893 1699 le
914 1663 1001 1708 plus
1027 1661 1195 1699 brillant
1227 1662 1388 1707 général
1425 1662 1472 1697 de
1501 1673 1611 1697 cava¬

260 1708 359 1743 lerie
380 1709 447 1745 des
469 1719 634 1754 guerres
655 1709 701 1744 de
723 1709 761 1744 la
779 1708 1033 1753 République
1053 1710 1093 1742 et
1112 1707 1158 1742 de
1180 1707 1379 1752 l’Empire,
1395 1707 1443 1741 né
1459 1707 1481 1741 à
1493 1707 1609 1749 Metz,

259 1752 328 1787 tué
349 1753 371 1787 à
391 1753 429 1788 la
448 1753 613 1789 bataille
634 1754 680 1788 de
700 1753 997 1798 Wagram.—L.
1019 1763 1052 1787 a.
1074 1763 1103 1787 s.
1125 1753 1147 1786 à
1165 1752 1216 1787 M.
1237 1751 1404 1795 Audval;
1419 1751 1608 1793 Poitiers,

260 1799 304 1832 20
323 1807 428 1833 mars
451 1800 548 1841 1808,
573 1801 583 1833 1
609 1809 644 1843 p.
667 1798 759 1840 in-8,
781 1797 932 1833 cachet.
956 1799 1030 1832 Très
1048 1807 1135 1831 rare.
1506 1798 1546 1831 15
1592 1808 1609 1826 »

310 1847 505 1885 L’Empereur
523 1850 600 1879 vient
621 1850 655 1879 de
673 1849 712 1879 lui
734 1849 845 1879 donner
864 1848 975 1885 50,000
1005 1848 1044 1879 fr.
1077 1848 1111 1878 de
1140 1849 1221 1876 rente
1251 1854 1286 1876 en
1319 1850 1422 1882 terres,
1453 1846 1549 1877 moitié
1577 1854 1610 1877 en

266 1887 434 1925 Wesplialie
450 1890 477 1917 et
493 1888 590 1918 moitié
608 1896 642 1918 en
658 1888 803 1918 Hanôvre.
822 1887 912 1923 C’est,
931 1886 1100 1921 s’écrie-t-il,
1122 1887 1137 1916 d
1152 1893 1207 1915 une
1226 1885 1429 1923 magnificence
1443 1885 1609 1916 étonnante.

270 1926 289 1955 Il
308 1926 450 1956 demande,
464 1935 517 1957 son
537 1927 678 1965 équipage
695 1931 724 1958 et
742 1935 794 1957 son
810 1927 958 1957 ceinturon
977 1926 1041 1956 noir
1057 1927 1073 1955 à
1091 1926 1118 1955 la
1133 1925 1289 1956 housarde.

149 1964 237 1999 4435
261 1964 493 2008 Legendre
513 1965 667 2011 (A.-M.),
689 1967 829 2001 savant
850 1964 1065 2010 géomètre,
1086 1963 1132 1998 de
1154 1962 1359 1998 l’Institut.
1388 1982 1430 1987 —
1455 1962 1497 1998 L.
1524 1973 1558 1999 a.
1580 1974 1609 1999 s.

263 2008 285 2042 à
303 2008 350 2044 H.
371 2009 685 2054 Royer-Collard
699 2023 707 2051 ;
730 2010 858 2052 Paris,
879 2012 922 2045 25
942 2020 1001 2043 av.
1026 2011 1122 2051 1832,
1141 2010 1162 2043 2
1181 2018 1216 2053 p.
1239 2007 1335 2042 in-8.
1355 2009 1454 2041 Rare.
1524 2010 1545 2043 3
1592 2021 1608 2039 »

310 2054 442 2085 Relative
460 2055 475 2084 à
493 2055 546 2084 son
567 2055 675 2085 Traité
690 2055 743 2085 des
763 2055 919 2093 fondions
935 2053 1126 2093 elliptiques.

150 2092 238 2127 4436
262 2092 321 2126 Le
341 2093 493 2136 Gouvé
513 2093 648 2137 (Gab.),
670 2094 783 2146 poète
805 2091 974 2135 célèbre,
995 2093 1142 2127 auteur
1166 2091 1218 2125 du
1246 2092 1361 2125 Mérite
1386 2091 1441 2124 des
1466 2092 1609 2132 femmes,

263 2135 309 2171 de
330 2136 475 2172 l’Acad.
497 2137 712 2173 franc.—L.
729 2149 763 2173 a.
779 2148 808 2173 s.
825 2137 847 2172 à
866 2136 1093 2178 Renouard,
1118 2137 1292 2179 1811,3p.
1307 2136 1375 2189 pet
1394 2134 1490 2170 in-4.
1526 2137 1546 2169 8
1593 2147 1610 2166 »

311 2182 410 2219 Epitre
427 2183 693 2213 très-intéressante
722 2183 841 2213 relative
876 2183 892 2212 à
918 2190 965 2212 ses
999 2181 1095 2211 divers
1112 2187 1267 2218 ouvrages,
1298 2178 1368 2210 dont
1397 2180 1413 2209 il
1445 2187 1572 2217 propose
1596 2180 1613 2209 k

269 2220 425 2251 Renouard
444 2222 478 2252 de
497 2222 569 2252 faire
587 2229 642 2252 une
659 2223 790 2253 nouvelle
806 2221 923 2252 édition.
957 2221 1002 2250 La
1019 2223 1100 2250 mort
1129 2218 1234 2249 d’Abel
1253 2221 1298 2248 est
1314 2219 1431 2257 épuisée
1447 2227 1454 2249 :
1485 2219 1501 2249 il
1521 2227 1557 2248 ne
1576 2219 1612 2248 lui

270 2267 304 2289 en
323 2263 401 2290 reste
418 2260 506 2298 qu’un
525 2261 585 2291 seul
602 2262 788 2299 exemplaire,
804 2260 850 2298 qui
870 2259 980 2290 servira
1001 2260 1016 2288 k
1035 2260 1061 2289 la
1078 2258 1284 2296 réimpression
1299 2266 1307 2295 ;
1329 2258 1347 2288 il
1366 2266 1397 2288 se
1414 2266 1539 2296 propose
1552 2258 1613 2288 d'a¬

267 2299 363 2336 jouter
381 2299 511 2330 diverses
529 2300 625 2338 pièces
644 2301 678 2330 au
701 2300 809 2330 Mérite
827 2299 880 2330 des
895 2299 1033 2337 femmelT,
1057 2289 1229 2328 êFtLtimde
1245 2298 1279 2327 de
1298 2298 1422 2334 grandes
1440 2299 1614 2335 espérances

269 2346 321 2368 sur
335 2346 388 2368 son
408 2340 511 2375 poème
526 2339 665 2370 VEnéide
680 2339 798 2369 sauvée
817 2338 953 2375 (ouvrage
966 2345 1023 2375 que
1039 2337 1067 2367 la
1085 2340 1161 2367 mort
1177 2334 1338 2373 l'empêcha
1354 2337 1389 2367 de
1404 2337 1565 2374 terminer).

151 2377 238 2411 4437
262 2377 442 2423 Leibniz
478 2376 963 2423 (Godefroy-Guill.)/un
1000 2374 1066 2410 des
1095 2374 1363 2421 plus-grands
1393 2374 1529 2420 génies
1560 2374 1612 2408 du

263 2431 345 2456 xvii
348 2428 361 2443 e
380 2421 515 2457 siècle.
535 2442 577 2447 —
597 2422 639 2457 L.
663 2433 695 2457 a.
717 2432 761 2465 s.,
782 2432 830 2456 en
851 2420 1036 2463 français,
1058 2431 1107 2455 au
1131 2420 1228 2467 père
1244 2414 1412 2464 Éequin,
1434 2419 1456 2453 à
1474 2419 1587 2454 Paris
1604 2431 1612 2461 ;

267 2459 466 2509 HantfVre,
490 2469 529 2502 18
543 2466 637 2511 juil.
658 2469 753 2509 1701,
773 2470 794 2502 3
813 2476 851 2511 p.
871 2457 967 2500 i-n-£
983 2475 996 2515 \
1021 2463 1032 2514 }
1084 2463 1105 2503 V
1117 2495 1120 2503 ,
1505 2465 1549 2498 75
1595 2475 1612 2494 »

310 2511 331 2540 Il
354 2512 391 2541 lui
410 2512 506 2542 donne
523 2502 575 2542 dès
593 2511 695 2543 détails
713 2520 765 2542 sur
780 2511 832 2543 des
844 2504 1037 2550 Snknuscrîts,
1053 2501 1100 2555 de]
1107 2509 1189 2541 Saint
1206 2510 1279 2542 Jean
1295 2508 1472 2539 Damascène
1493 2516 1565 2545 pour
1588 2508 1613 2537 la

271 2549 485 2589 Bibliothèque
504 2551 541 2581 de
557 2550 681 2582 l’Ordre
699 2551 752 2581 des
772 2550 894 2581 FrèréS.
902 2540 1092 2584 Prêcheurs,
1113 2549 1177 2587 puis
1195 2549 1215 2579 il
1232 2548 1353 2579 so-livre
1374 2555 1390 2577 a
1412 2547 1463 2577 des
1481 2546 1614 2578 considé¬

274 2589 384 2620 rations
402 2590 504 2627 dignes
525 2590 560 2620 de
576 2598 608 2621 sa
625 2592 706 2620 vaste
736 2590 925 2628 intelligence.
963 2589 1040 2618 Pour
1062 2589 1166 2619 l’étude
1186 2588 1239 2618 des
1266 2586 1382 2618 anciens
1414 2586 1576 2622 scoliastes,
1596 2586 1615 2616 il

272 2628 406 2659 voudrait
424 2636 479 2666 que
493 2628 551 2661 l’on
565 2629 708 2660 consultât
724 2629 766 2660 les
786 2629 874 2661 écrits
889 2628 943 2661 des
962 2626 1293 2669 philosophes,-qui/bnt
1307 2633 1341 2657 eu
1361 2626 1426 2664 plus
1444 2624 1614 2656 d’influence
