1802 3007
735 144 904 206 - 5 -
87 243 134 278 de
170 243 223 278 M.
250 242 443 279 Lotellier
467 244 579 287 (mais
604 254 646 278 ce
678 243 838 279 cabinet
869 254 917 278 ne
948 243 1187 279 renfermait
1216 255 1291 289 que
1320 245 1387 280 des
1419 246 1548 291 pièces

87 287 410 334 généalogiques,
431 288 500 334 qui
520 290 590 324 ont
608 288 670 324 été
690 288 880 331 vendues,
895 287 937 333 je
958 288 1074 332 crois,
1095 298 1186 324 vers
1209 290 1316 334 1860).

132 339 163 373 Il
183 339 339 374 déclare
360 338 460 373 donc
479 338 575 384 qu’il
596 350 619 374 a
638 338 822 384 fabriqué
841 338 981 384 depuis
1009 341 1088 374 1861
1120 340 1177 375 les
1209 339 1353 385 pièces,
1385 339 1473 385 plus
1504 340 1550 375 de

87 385 211 426 20,000
231 383 536 427 certainement,
557 384 653 429 qu’il
674 384 748 419 m’a
765 384 942 419 vendues
964 396 972 419 :
993 383 1023 418 il
1043 383 1199 419 déclare
1220 385 1326 420 aussi
1354 384 1450 430 qu’il
1480 385 1554 420 m’a

87 428 241 473 trompé
262 428 401 474 depuis
420 439 462 464 ce
483 431 628 474 temps;
650 428 717 464 dès
737 428 818 464 lors
838 440 888 464 on
910 428 995 464 doit
1011 428 1140 464 croire
1155 429 1251 474 qu’il
1267 431 1363 475 peut
1376 432 1554 475 tromper

89 483 246 508 encore.

133 523 165 558 Il
187 525 341 569 trompe
362 534 410 558 en
430 523 537 566 effet,
558 533 625 558 car
644 523 969 559 non-seulement
988 524 1016 559 il
1038 525 1098 559 est
1117 535 1312 567 convenu,
1333 524 1555 560 contraire¬

91 571 199 604 ment
219 569 241 603 à
260 579 302 604 sa
320 568 518 614 première
538 568 800 611 déclaration,
821 568 919 614 qu’il
940 568 1048 604 avait
1064 580 1158 617 reçu
1173 569 1240 605 des
1255 569 1489 604 documents
1504 569 1553 604 du

91 616 219 649 comte
241 614 288 649 de
308 617 467 654 Menou,
494 614 599 648 mort
623 623 671 647 en
706 616 808 657 1862;
842 613 941 649 mais
978 624 1055 648 une
1086 616 1180 649 note
1212 614 1258 649 de
1289 614 1362 658 lui,
1391 614 1557 649 trouvée

91 658 187 694 dans
206 669 267 694 ses
287 658 456 704 papiers,
484 659 598 703 porte
618 657 715 704 qu’il
735 669 758 693 a
778 668 871 706 reçu
892 669 941 693 en
965 661 1062 701 1861,
1083 659 1129 693 de
1151 670 1193 694 ce
1214 660 1340 694 même
1361 661 1489 694 comte
1511 659 1557 694 de

91 704 251 746 Menou,
278 702 345 739 des
367 703 600 738 documents
626 701 829 747 précieux,"
855 714 904 738 au
932 703 1096 738 nombre
1123 703 1239 738 d’une
1270 704 1480 749 vingtaine
1512 704 1558 738 de

92 748 217 791 mille,
244 759 318 794 que
339 748 375 783 le
396 758 625 800 possesseur
645 747 792 783 n’avait
811 759 878 794 pas
898 758 1041 783 encore
1063 748 1156 783 bien
1182 749 1375 794 explorés,
1397 750 1438 783 et
1463 748 1557 794 qu’il

94 792 151 827 lui
172 793 302 828 cédait
321 804 371 828 en
391 793 566 837 échangé
587 792 634 827 de
655 792 847 843 quelques
867 793 986 829 titres
1007 793 1319 840 généalogiques
1337 797 1378 829 et
1397 793 1466 829 des
1479 796 1560 829 tra¬

92 848 197 873 vaux
224 838 321 883 qu’il
341 838 450 873 avait
470 837 564 872 faits
585 847 685 883 pour
704 837 777 873 lui.

136 889 311 923 Peut-on
332 888 544 931 admettre,
565 888 617 922 du
638 890 758 931 reste,
780 888 901 934 qu’un
926 888 1112 923 individu
1133 888 1267 924 aurait
1286 900 1330 924 su
1357 899 1562 934 composer

94 944 170 968 une
191 943 316 968 masse
338 933 443 968 aussi
464 932 625 967 énorme
646 933 692 968 de
713 933 946 968 documents
966 944 1036 968 sur
1054 935 1187 969 toutes
1218 936 1344 969 sortes
1359 936 1406 968 de
1420 932 1562 979 sujets,

93 978 226 1021 quand
247 979 409 1013 surtout
428 988 477 1013 on
493 988 540 1012 ne
561 984 702 1013 trouve
717 978 809 1013 chez
824 978 882 1013 lui
898 989 1030 1013 aucun
1046 978 1112 1013 des
1128 979 1353 1014 matériaux
1366 978 1561 1024 primitifs

94 1018 141 1058 cio
162 1024 298 1067 livres,
320 1023 555 1068 fragments,
576 1023 699 1058 essais
719 1022 921 1068 qu’aurait
940 1023 1076 1068 exigés
1098 1034 1175 1058 une
1194 1024 1291 1059 telle
1307 1023 1561 1059 fabrication.

137 1074 211 1110 Les
242 1074 475 1109 documents
496 1074 593 1108 dont
613 1073 680 1118 j’ai
719 1085 768 1108 eu
802 1074 824 1109 à
863 1074 1090 1109 entretenir
1122 1074 1360 1109 l’Académie
1395 1085 1443 1109 ne
1472 1076 1564 1110 sont

93 1119 238 1174 qu’une
258 1119 386 1165 partie
407 1119 454 1153 de
475 1129 574 1154 ceux
594 1119 690 1164 qu’il
710 1119 786 1154 m’a
804 1119 944 1162 livrés;
960 1118 990 1154 il
1010 1130 1059 1154 en
1080 1122 1140 1155 est
1161 1119 1363 1164 beaucoup
1383 1119 1558 1155 d’autres

95 1154 191 1200 dont
205 1164 247 1209 je
269 1164 345 1199 n’ai
366 1164 479 1209 point
498 1175 546 1198 eu
562 1164 584 1198 à
597 1164 744 1209 parler,
759 1164 927 1209 puisque
937 1164 979 1208 je
994 1164 1131 1200 devais
1145 1175 1207 1199 me
1222 1165 1445 1200 renfermer
1465 1164 1562 1200 dans

96 1221 171 1245 une
192 1209 378 1255 question
397 1208 649 1255 scientifique
670 1208 929 1244 déterminée.

137 1265 266 1309 Ainsi,
298 1264 676 1311 indépendamment
703 1264 771 1300 des
809 1265 1067 1300 nombreuses
1096 1264 1219 1300 séries
1247 1265 1294 1300 de
1321 1264 1488 1307 Galilée,
1515 1264 1561 1300 de

94 1311 247 1355 Pascal,
268 1310 314 1345 de
333 1310 454 1345 Louis
475 1310 578 1352 XIV,
600 1310 646 1345 de
666 1309 910 1354 Labruyère,
932 1310 978 1345 de
998 1310 1180 1352 Molière,
1197 1310 1244 1345 de
1257 1310 1538 1366 Montesquieu
1551 1323 1560 1353 ;

94 1357 161 1392 des
181 1357 314 1400 séries,
324 1356 452 1391 moins
470 1355 728 1391 nombreuses
747 1355 793 1390 de
808 1355 1010 1399 Boulliau,
1026 1355 1072 1390 de
1086 1355 1289 1399 Mariette,
1306 1355 1352 1391 de
1368 1355 1559 1399 Rohault,

95 1403 140 1437 de
162 1402 524 1439 Saint-Evremont.
545 1401 591 1436 de
612 1400 757 1443 Locke,
778 1401 824 1435 de
844 1401 884 1436 M
888 1408 926 1424 ,uo
946 1401 993 1436 de
1022 1400 1206 1446 Sévigné,
1235 1401 1282 1436 de
1310 1402 1479 1443 Rotrou,
1512 1401 1559 1436 de

95 1448 309 1491 Corneille,
331 1447 377 1482 de
398 1446 649 1489 Lafontaine,
670 1438 877 1482 d’Etienne
898 1446 1051 1489 Pascal,
1073 1446 1120 1481 de
1146 1446 1186 1481 M
1190 1452 1227 1468 lU0
1254 1445 1407 1486 Périer,
1439 1446 1486 1480 de
1518 1456 1562 1481 sa

94 1504 202 1529 sœur
219 1491 469 1539 Jacqueline,
490 1491 536 1526 de
557 1490 820 1536 Maupertuis,
841 1491 888 1526 de
909 1491 1158 1533 Fontenelle,
1188 1490 1235 1526 de
1267 1491 1302 1526 J.
1335 1491 1558 1534 Bernoulli,

94 1541 190 1582 etc.,
213 1538 241 1573 il
262 1549 301 1573 se
322 1544 463 1573 trouve
485 1547 538 1571 un
558 1536 683 1581 grand
704 1536 868 1572 nombre
889 1536 935 1571 do
967 1536 1091 1571 séries
1122 1536 1329 1588 d’époques
1355 1535 1558 1571 antérieu¬

97 1595 175 1619 res:
198 1583 302 1618 deux
323 1582 433 1618 mille
460 1581 600 1617 lettres
630 1592 678 1616 au
699 1581 828 1617 moins
847 1581 894 1616 de
912 1581 1114 1625 Rabelais,
1136 1582 1183 1616 de
1197 1581 1559 1616 tres-nombreuses

95 1630 236 1664 lettres
253 1628 299 1663 de
320 1626 526 1673 Copernic,
541 1626 587 1661 de
603 1626 838 1672 Christophe
854 1627 1028 1669 Colomb,
1042 1627 1088 1661 de
1103 1626 1269 1668 Cardan,
1289 1627 1335 1661 de
1357 1625 1558 1669 Tartalea,

95 1674 285 1709 d’Oronce
306 1673 418 1715 Fine,
440 1671 487 1706 de
508 1671 674 1713 Ram
691 1672 738 1706 de
756 1671 901 1713 Budée,
926 1672 972 1707 de
989 1671 1161 1715 Grolier,
1175 1672 1221 1706 de
1236 1671 1383 1706 Michel
1396 1671 1559 1706 Nostra-

92 1720 246 1762 damus,
267 1718 313 1753 de
334 1717 486 1759 Calvin,
508 1716 554 1751 de
574 1716 843 1760 Mélanchton,
865 1716 911 1751 de
930 1716 1098 1760 Luther,
1119 1717 1166 1752 de
1186 1717 1286 1752 J.-C.
1302 1715 1497 1761 Scaliger,
1510 1715 1557 1751 de

92 1765 220 1807 Dolet,
238 1764 284 1798 de
299 1761 535 1805 Machaivel,
547 1761 595 1796 de
609 1761 906 1813 Michel-Ange,
919 1761 965 1796 de
980 1761 1173 1806 Raphaël,
1186 1761 1233 1797 de
1247 1761 1417 1796 Thomas
1431 1761 1555 1804 More,

92 1810 139 1845 de
160 1806 485 1851 Charles-Quint,
507 1809 602 1850 etc.,
624 1806 825 1842 adressées
845 1805 868 1841 à
886 1806 1092 1851 Rabelais;
1122 1806 1169 1841 de
1200 1806 1558 1842 très-nombreuses

93 1856 234 1891 lettres
254 1856 295 1889 et
314 1852 465 1898 poésies
485 1851 531 1887 de
552 1862 622 1887 son
642 1852 721 1887 ami
742 1852 923 1887 Clément
936 1852 1084 1896 Marot;
1105 1852 1173 1887 des
1192 1852 1386 1897 Mystères
1407 1850 1556 1886 inédits

92 1902 132 1936 et
151 1900 199 1934 de
220 1899 478 1934 nombreuses
497 1897 650 1942 poésies
664 1898 710 1932 de
726 1897 974 1947 Marguerite
1000 1896 1310 1942 d’Angouléme;
1326 1896 1394 1931 des
1414 1896 1556 1932 lettres

92 1948 131 1981 et
151 1945 198 1979 de
219 1944 440 1979 nombreux
460 1942 668 1997 quatrains
688 1953 737 1977 en
758 1942 859 1977 latin
881 1942 1029 1976 d’Anne
1055 1942 1102 1976 de
1134 1942 1313 1978 Pisseleu
1327 1954 1335 1984 ;
1366 1941 1412 1976 de
1445 1952 1556 1976 nom¬

92 1991 255 2025 breuses
274 1989 436 2030 lettres,
458 1986 526 2022 des
546 1987 698 2032 poésies
718 1989 758 2023 et
777 1987 845 2022 des
874 1987 1139 2023 instructions
1170 1998 1270 2033 pour
1301 1997 1370 2023 son
1400 1986 1477 2030 fils,
1508 1986 1555 2021 de

92 2034 280 2082 François
300 2034 316 2068 I
319 2039 346 2055 er
356 2046 364 2077 ;
384 2032 451 2067 des
466 2032 607 2067 lettres
621 2033 661 2067 et
675 2032 722 2066 de
741 2032 997 2067 nombreuses
1012 2032 1164 2077 poésies
1179 2033 1225 2067 de
1246 2032 1371 2067 Marie
1396 2032 1555 2072 Stuart;

92 2080 293 2126 plusieurs
313 2077 517 2113 centaines
537 2077 583 2111 de
604 2076 746 2112 lettres
767 2077 813 2112 de
833 2077 1086 2122 Montaigne;
1120 2077 1166 2112 de
1192 2076 1555 2113 très-nombreuses

93 2127 234 2161 lettres
260 2124 306 2159 de
328 2122 574 2167 Shakspeare
595 2121 797 2157 adressées
816 2122 838 2156 à
856 2121 1062 2167 Larrivay,
1084 2122 1106 2156 à
1124 2122 1309 2168 Philippe
1329 2121 1556 2167 Desportes,

92 2171 114 2206 à
134 2171 173 2206 M
175 2171 228 2192 cUo
248 2169 294 2204 de
315 2169 522 2212 Gournay;
544 2167 611 2201 des
632 2167 773 2202 lettres
798 2169 838 2202 et
869 2166 1021 2212 poésies
1052 2167 1098 2201 de
1130 2167 1314 2213 Philippe
1342 2167 1557 2212 Desportes

94 2215 310 2258 lui-même,
332 2214 378 2249 de
398 2212 595 2255 Ronsard,
615 2211 661 2246 de
675 2211 868 2256 Régnier,
888 2212 939 2246 du
954 2212 1086 2256 Tasse,
1103 2212 1150 2247 de
1165 2211 1311 2248 Michel
1326 2212 1555 2255 Cervantes,

94 2263 169 2296 etc.
198 2260 256 2295 En
276 2259 504 2294 remontant
529 2268 578 2292 au
616 2256 706 2292 delà
742 2257 792 2291 du
830 2263 911 2292 xvi°
947 2256 1080 2300 siècle,
1114 2256 1157 2303 je
1194 2257 1334 2293 citerai
1371 2257 1418 2292 de
1455 2258 1555 2293 très-

93 2305 351 2341 nombreuses
376 2303 517 2339 lettres
537 2304 577 2338 et
596 2302 748 2347 poésies
779 2301 825 2336 de
853 2301 993 2344 Dante,
1025 2302 1072 2337 de
1104 2304 1203 2338 Jean
1236 2303 1283 2338 de
1313 2303 1476 2347 Meung,
1509 2303 1557 2338 de

93 2351 203 2387 Réné
218 2349 399 2395 d’Anjou,
478 2343 711 2400 deJPétrarque,
728 2346 774 2382 de
794 2347 979 2390 Boccace,
995 2346 1041 2382 de
1061 2347 1191 2382 Laure
1213 2348 1259 2383 de
1278 2347 1478 2391 Cabriôre,
1494 2348 1559 2383 l’a¬

94 2396 171 2431 mie
192 2395 239 2430 de
259 2395 493 2439 Pétrarque,
514 2393 561 2427 de
581 2392 788 2428 Clemence
807 2392 956 2435 Isaure,
977 2391 1024 2427 de
1045 2392 1246 2428 Christine
1266 2393 1312 2429 de
1344 2393 1477 2435 Pisan,
1510 2393 1557 2428 do

91 2441 243 2482 Villon,
265 2439 312 2474 de
332 2439 494 2474 Charles
515 2437 738 2482 d’Orléans;
758 2437 804 2472 de
826 2437 1084 2473 nombreuses
1116 2438 1256 2474 lettres
1288 2438 1354 2473 des
1385 2438 1479 2480 rois,
1509 2438 1556 2473 de

92 2484 495 2531 Philippe-Auguste,
516 2483 562 2518 de
583 2482 689 2518 saint
702 2482 835 2525 Louis,
851 2482 898 2517 de
913 2482 1256 2528 Philippe-le-Bel,
1271 2484 1317 2518 de
1332 2482 1496 2518 Charles
1509 2483 1556 2526 V,

94 2530 257 2567 Charles
275 2529 342 2570 VI,
363 2528 525 2565 Charles
543 2528 636 2572 VII;
663 2527 831 2573 d’Agnès
852 2527 978 2571 Sorel,
1001 2528 1047 2563 de
1067 2528 1237 2574 Jacques
1257 2528 1392 2572 Cœur;
1414 2528 1462 2562 de
1485 2529 1556 2564 Co¬

94 2576 241 2618 mines,
263 2575 309 2610 de
330 2573 576 2618 Gutenberg,
597 2573 643 2608 de
663 2572 898 2617 Brantôme;
931 2573 998 2608 des
1024 2573 1166 2609 lettres
1192 2576 1233 2609 et
1260 2573 1326 2608 des
1358 2574 1479 2609 récits
1510 2574 1556 2608 de

94 2621 245 2657 Jeanne
276 2621 390 2661 Dare,
420 2619 541 2655 écrits
561 2618 618 2654 les
638 2628 712 2654 uns
731 2628 802 2664 par
820 2619 951 2664 Agnès
971 2618 1098 2660 Sorel,
1131 2618 1188 2654 les
1218 2620 1352 2654 autres
1384 2620 1559 2665 pendant
