1893 2924
762 150 808 188 -
837 150 882 188 17
911 171 952 178 -

127 243 214 277 3975
238 243 476 288 Cormenin
495 243 555 288 (le
575 245 702 279 comte
724 243 807 287 de),
837 242 995 278 célèbre
1026 242 1337 293 pamphlétaire,
1369 247 1515 277 auteur
1540 242 1591 277 du

239 288 350 321 Livres
377 289 433 322 des
452 289 621 323 Orateurs.
635 308 678 313 —
691 287 735 322 L.
756 299 791 323 a.
812 298 843 323 s.
865 287 888 321 à
907 287 961 322 M.
988 287 1211 330 Corneille,
1241 288 1381 322 avocat
1408 287 1431 322 à
1459 287 1595 329 Arras,

237 333 278 365 27
299 330 376 366 fév.
401 334 496 374 1829,
517 335 539 368 3
558 342 593 377 p.
618 332 667 377 pl.
688 332 782 367 in-8.
1505 334 1526 365 4
1573 345 1589 364 »

285 376 427 407 Curieuse
445 378 528 407 lettre
544 380 580 407 où
608 378 624 407 il
653 378 774 414 critique
797 377 835 408 M.
865 377 901 406 de
929 376 1088 415 Martignac
1105 384 1121 406 a
1140 383 1250 414 propos
1282 376 1349 406 d'un
1380 376 1474 414 projet
1499 376 1534 405 de
1560 377 1595 407 loi

247 416 431 453 municipale.
455 428 467 442 «
487 417 506 446 Il
526 416 583 446 faut
601 416 780 447 maintenant
797 419 825 445 et
843 418 931 446 avant
955 418 1027 452 tout,
1046 415 1132 451 dit-il,
1151 416 1239 452 qu’on
1255 414 1392 454 s'occupe
1413 415 1430 445 h
1445 414 1597 446 moraliser

246 453 272 484 le
293 455 397 492 peuple
415 463 449 485 en
465 455 673 491 l’instruisant;
705 463 755 485 car
771 463 840 484 sans
855 454 1046 486 l'instruction
1067 455 1215 493 primaire,
1235 454 1253 484 il
1273 455 1319 491 n’y
1336 462 1352 484 a
1371 462 1424 493 pas
1443 455 1477 484 de
1503 454 1598 485 bonne

249 492 285 523 loi
316 494 489 532 municipale
508 495 581 524 dans
599 495 641 524 les
658 501 845 532 campagnes.
866 495 922 524 Les
941 501 1083 531 paysans,
1112 494 1249 531 égoïstes,
1278 493 1400 530 Métrés,
1427 492 1597 531 opiniâtres,

246 534 311 561 sont
332 533 482 569 beaucoup
502 534 567 571 plus
584 533 725 570 préparés
745 541 817 571 pour
831 533 856 563 le
870 532 1046 571 despotisme
1062 540 1118 569 que
1135 540 1210 571 pour
1230 533 1254 561 la
1268 532 1424 563 liberté...
1446 544 1458 559 »

126 571 213 605 3976
238 571 401 616 Cousin
429 571 515 616 (V.),
537 572 696 606 illustre
718 562 965 621 philosophe,
986 570 1033 605 de
1055 570 1291 605 l’Académie
1312 570 1522 617 française.
1554 591 1596 596 —

239 614 282 649 L.
305 625 339 650 a.
361 626 391 650 s.
413 626 436 650 a
455 618 506 650 M.
528 616 645 657 Hase,
665 617 793 657 1833,1
817 625 852 660 p.
875 607 967 650 in-8.
1505 616 1527 649 2
1580 628 1597 647 »

129 660 216 694 3977
243 660 478 704 Crémieux
496 660 606 704 (Ad.),
637 659 793 694 célèbre
814 661 966 702 avocat,
988 659 1163 693 membre
1189 659 1239 694 du
1273 659 1597 694 Gouvernement

242 703 464 746 provisoire
485 703 532 739 de
556 705 652 739 1848.
673 723 716 729 —
735 703 777 738 L.
799 714 821 738 a
839 714 884 746 s.,
909 706 921 738 1
945 714 981 749 p.
1003 703 1099 738 in-4.
1515 705 1526 737 1
1555 706 1598 739 50

129 749 217 783 3978
240 748 486 792 Daguerre,
519 748 737 784 inventeur
766 748 812 783 de
833 748 872 783 la
903 748 1252 794 daguerreotypie.
1284 767 1327 773 —
1368 746 1412 783 L.
1445 757 1479 782 a.
1512 757 1542 782 s.
1574 748 1598 782 à

243 792 297 826 M.
318 792 511 838 Adolphe,
534 795 631 835 1829,
655 794 717 836 1/2
735 802 772 837 p.
794 793 886 828 in-8.
907 796 1005 828 Rare.
1506 794 1527 826 7
1578 805 1595 824 »

131 837 218 871 3979
241 838 441 881 Dandolo
462 837 692 881 (Vincent),
721 839 862 872 savant
881 837 1066 872 chimiste
1086 836 1241 879 italien,
1262 836 1309 871 de
1329 835 1525 871 l’Institut
1551 835 1598 871 de

243 880 410 924 France,
435 881 672 916 traducteur
696 881 763 916 des
788 892 944 916 oeuvres
975 881 1022 916 de
1043 881 1260 916 Lavoisier.
1282 901 1325 907 —
1343 880 1387 916 L.
1419 890 1453 914 a.
1484 890 1514 915 s.
1547 891 1595 915 en

244 924 399 969 italien,
421 936 469 961 au
491 925 656 971 profess.
677 925 827 962 Cristin
843 938 851 970 ;
886 926 1045 970 Varèse,
1080 928 1176 970 1813,
1210 928 1223 961 1
1258 936 1293 972 p.
1327 925 1419 968 in-4,
1440 924 1589 961 cachet.

241 971 340 1005 Rare.
1503 972 1525 1004 5
1571 982 1588 1002 »

134 1015 221 1048 3980
244 1015 482 1058 Delacroix
501 1014 700 1060 (Eugène),
732 1014 887 1049 célèbre
916 1014 1072 1059 peintre
1099 1013 1318 1057 d’histoire,
1344 1013 1438 1048 chef
1459 1012 1506 1047 de
1530 1013 1597 1049 l’é¬

245 1058 330 1093 cole
351 1059 617 1104 romantique.
639 1079 681 1084 —
699 1059 743 1094 L.
763 1070 798 1094 a.
819 1070 849 1095 s.
871 1059 894 1094 à
911 1060 963 1095 M.
985 1059 1033 1094 de
1051 1058 1237 1103 Villiers;
1265 1061 1309 1094 24
1328 1058 1477 1093 février
1499 1060 1594 1101 1855,

248 1104 258 1136 1
285 1102 439 1147 p.in-8.
1512 1105 1533 1137 3
1579 1115 1596 1134 »

293 1148 312 1177 Il
332 1149 428 1179 refuse
445 1156 501 1178 une
522 1151 679 1185 entrevue,
698 1152 786 1186 ayant
803 1149 819 1178 ii
843 1148 984 1180 terminer
1010 1148 1053 1178 les
1070 1148 1206 1179 tableaux
1222 1148 1291 1186 qu'il
1316 1148 1427 1178 destine
1456 1148 1471 1178 k
1490 1147 1601 1186 l’expo-

251 1186 353 1219 silion.

134 1226 216 1258 3981
244 1226 493 1270 Delavigne
513 1228 734 1272 (Casimir),
756 1228 930 1263 l’auteur
949 1226 1016 1262 des
1035 1228 1274 1262 Messéniennes
1280 1257 1287 1269 ,
1312 1226 1359 1260 de
1381 1226 1525 1263 l’Acad.
1549 1225 1599 1261 fr.

246 1288 287 1293 —
307 1270 350 1305 L.
372 1281 407 1305 a.
428 1282 458 1306 s.
480 1272 502 1306 à
520 1272 572 1307 M.
594 1272 757 1318 Leloup,
783 1276 794 1308 1
820 1283 855 1318 p.
877 1272 969 1307 in-8.
991 1271 1256 1317 Légèrement
1274 1270 1415 1316 fripée.
1516 1273 1538 1306 2
1585 1282 1601 1303 »

137 1314 225 1348 3982
247 1314 537 1359 Désaugiers,
567 1316 603 1352 le
629 1317 718 1362 plus
740 1317 804 1363 gai
825 1318 872 1353 de
903 1326 974 1351 nos
1001 1315 1298 1352 chansonniers.
1319 1335 1360 1341 —
1380 1316 1424 1352 L.
1453 1327 1488 1352 a.
1519 1325 1549 1350 s.
1582 1314 1604 1348 à

245 1358 400 1401 Colson,
427 1362 521 1403 1827,
546 1363 557 1395 1
583 1372 618 1406 p.
640 1365 733 1397 in-8.
1518 1362 1530 1394 1
1558 1361 1601 1394 50

140 1404 227 1437 3983
250 1404 416 1449 Dibdin
436 1405 736 1451 (Th.-Frognall
751 1407 773 1450 ),
795 1406 831 1441 le
853 1406 941 1451 plus
960 1407 1100 1440 savant
1131 1404 1409 1448 bibliographe
1430 1405 1477 1439 de
1497 1405 1593 1440 l’An¬

251 1447 503 1492 gleterre.—
522 1450 566 1484 L.
588 1460 622 1485 a.
652 1461 683 1486 s.
715 1461 764 1485 en
797 1449 977 1496 anglais,
1011 1450 1034 1484 à
1063 1447 1302 1492 Renouard,
1336 1450 1602 1495 Kensington,

245 1495 266 1526 7
285 1492 401 1528 Janv.
426 1495 521 1537 1814,
540 1496 562 1529 2
580 1504 616 1539 p.
638 1495 690 1539 pl.
712 1494 808 1538 in-8,
830 1494 981 1530 cachet.
1515 1497 1536 1528 6
1583 1505 1599 1524 »

293 1536 436 1569 Curieuse
451 1538 536 1570 lettre
553 1539 626 1570 dans
638 1541 762 1578 laquelle
776 1541 793 1570 il
814 1541 893 1579 parle
913 1540 947 1569 de
968 1540 993 1568 la
1011 1541 1094 1569 vente
1112 1539 1147 1568 de
1163 1538 1188 1568 la
1206 1538 1401 1577 bibliothèque
1415 1539 1451 1569 de
1466 1539 1603 1574 Larcher,

255 1576 292 1606 du
315 1577 465 1615 catalogue
483 1578 535 1609 des
550 1578 638 1609 livres
656 1578 807 1618 imprimés
819 1588 869 1610 sur
888 1578 963 1608 vélin
979 1578 1013 1607 de
1031 1579 1056 1608 la
1077 1578 1270 1615 bibliothèque
1287 1578 1447 1616 impériale,
1466 1586 1521 1615 que
1533 1577 1571 1607 lui
1587 1584 1603 1607 a

258 1616 368 1650 promis
384 1617 422 1646 M.
443 1617 506 1647 Van
518 1618 613 1654 Praët,
624 1618 660 1649 de
673 1618 699 1649 la
718 1620 876 1657 prochaine
885 1617 1059 1656 publication
1073 1617 1109 1648 de
1120 1616 1152 1647 sa
1171 1616 1596 1656 Hibliolhecaspenceriana.

258 1647 275 1683 il
296 1656 400 1693 espère
419 1663 475 1694 que
491 1657 533 1687 les
553 1658 751 1695 perspectives
769 1659 803 1689 de
822 1658 888 1696 paix
910 1661 980 1687 vont
991 1665 1024 1687 se
1039 1656 1170 1691 réaliser,
1186 1658 1214 1686 et
1238 1664 1294 1694 que
1320 1657 1362 1686 les
1385 1657 1461 1687 deux
1476 1656 1602 1694 grandes

260 1693 386 1730 nations,
417 1697 440 1725 si
465 1695 641 1733 distinguées
660 1704 712 1735 par
729 1697 809 1728 leurs
826 1698 930 1728 talents
957 1698 985 1727 et
1014 1696 1077 1726 leur
1106 1696 1261 1733 bravoure,
1288 1698 1388 1726 seront
1417 1695 1498 1726 unies
1530 1703 1602 1733 pour

259 1732 434 1772 longtemps.
456 1746 467 1759 «
489 1736 531 1765 De
554 1735 684 1766 combien
712 1737 748 1767 de
777 1737 884 1768 douces
908 1735 1107 1774 jouissances,
1126 1734 1301 1772 s’écrie-t-il,
1329 1737 1403 1765 cette
1421 1735 1605 1765 désastreuse

257 1779 363 1808 guerre
381 1773 527 1804 n’a-t-elle
547 1782 600 1813 pas
614 1774 722 1806 frustré
740 1776 766 1806 la
781 1774 966 1807 bibliomanie
981 1775 987 1805 !
1010 1787 1023 1802 »

141 1812 228 1846 3984
250 1812 435 1856 Drouyn
454 1814 509 1847 de
527 1814 693 1858 Lhuys,
714 1814 869 1849 célèbre
890 1813 1074 1849 ministre
1096 1812 1163 1848 des
1187 1811 1345 1847 affaires
1369 1812 1603 1858 étrangères

251 1854 298 1889 de
319 1855 523 1901 Napoléon
543 1857 609 1893 III.
629 1878 672 1884 —
686 1858 729 1893 L.
751 1869 785 1894 a.
806 1869 851 1900 s.,
875 1860 971 1898 1860,
996 1860 1005 1892 1
1032 1868 1067 1902 p.
1089 1857 1181 1892 in-8.
1521 1859 1533 1891 1
1561 1860 1604 1892 50

140 1900 227 1935 3985
248 1901 315 1933 Du
335 1901 476 1947 Gayla
495 1902 545 1947 (la
563 1904 754 1938 comtesse
775 1903 874 1948 Zoé),
896 1901 1103 1937 maîtresse
1123 1901 1170 1936 de
1191 1900 1311 1935 Louis
1331 1900 1477 1936 XVIII.
1498 1921 1541 1927 —
1560 1901 1602 1936 L.

251 1953 284 1977 a.
302 1954 348 1985 s.,
373 1946 469 1988 1810,
494 1949 505 1980 1
531 1956 566 1991 p.
592 1949 653 1989 1/2
673 1947 766 1983 in-8.
1513 1949 1535 1981 2
1559 1948 1602 1981 50

148 1989 235 2023 3986
258 1988 484 2034 Dufrénoy
497 1991 548 2034 (M
553 1997 591 2013 me
604 1991 753 2036 Billet),
768 1992 882 2037 poète
897 1991 1120 2036 élégiaque,
1136 1989 1291 2024 célébré
1303 1999 1374 2034 par
1386 1990 1603 2036 Béranger.

252 2052 294 2057 —
313 2032 356 2067 L.
378 2043 412 2068 a.
435 2044 464 2068 s.
486 2035 508 2069 à
527 2036 578 2070 M.
600 2035 647 2070 de
667 2036 865 2079 Montbel,
889 2038 985 2079 1812,
1010 2038 1021 2070 1
1046 2046 1081 2080 p.
1109 2034 1228 2069 in-18.
1523 2037 1535 2069 1
1563 2037 1606 2070 50

143 2078 228 2113 3987
253 2078 376 2121 Eldir
395 2078 533 2121 (Alina
552 2080 620 2124 d’),
640 2081 799 2116 sultane
819 2081 989 2124 mogole,
1008 2089 1136 2114 venue
1152 2078 1276 2124 jeune
1296 2078 1318 2112 à
1336 2078 1450 2114 Faris
1464 2080 1504 2114 et
1518 2079 1605 2124 pré¬

252 2121 388 2156 sentée
410 2122 431 2156 à
451 2122 489 2157 la
507 2135 604 2159 cour
622 2124 669 2159 de
689 2125 811 2160 Louis
830 2123 934 2167 XVI,
965 2125 1015 2159 où
1047 2134 1089 2159 sa
1120 2123 1263 2158 beauté
1291 2124 1332 2157 et
1362 2133 1424 2158 ses
1455 2124 1606 2159 talents

253 2165 475 2202 littéraires
497 2167 552 2202 lui
572 2169 761 2204 valurent
790 2169 837 2204 de
866 2169 1054 2204 brillants
1081 2168 1287 2203 succès.—
1305 2166 1349 2201 L.
1371 2178 1405 2202 a.
1426 2178 1456 2203 s.
1477 2168 1499 2203 à
1517 2168 1606 2203 l’in¬

252 2210 422 2246 tendant
441 2211 487 2246 de
509 2212 547 2247 la
566 2213 658 2249 liste
678 2213 796 2248 civile
810 2226 818 2258 ;
845 2214 971 2256 Paris,
997 2215 1036 2247 10
1055 2214 1131 2248 oct.
1155 2214 1252 2254 1838,
1271 2214 1293 2247 2
1313 2221 1348 2256 p.
1369 2212 1454 2247 in-4
1521 2215 1542 2248 3
1564 2215 1608 2248 50

298 2255 440 2287 Curieuse
454 2257 546 2295 épitre
564 2260 600 2289 oii
627 2259 681 2289 elle
698 2259 839 2289 demande
864 2258 1075 2297 l’approbation
1089 2259 1126 2288 du
1149 2258 1190 2288 roi
1218 2257 1453 2295 Louis-Philippe
1472 2265 1546 2296 pour
1564 2265 1608 2288 un

261 2293 366 2324 Cercle
382 2296 545 2334 asiatique
563 2296 600 2327 de
618 2296 650 2328 la
665 2297 788 2328 morale
806 2298 1005 2333 universelle,
1023 2297 1092 2327 dont
1110 2297 1164 2326 elle
1182 2299 1227 2327 est
1243 2296 1269 2326 la
1289 2296 1458 2328 fondatrice.

145 2334 229 2369 3988
252 2334 551 2379 Empecinado
566 2335 653 2379 (don
674 2337 778 2372 Juan
797 2334 1045 2382 ttrrTJvt|7‘dit
1137 2334 1209 2380 El),
1231 2334 1349 2370 brave
1371 2335 1533 2380 général
1548 2345 1607 2370 es¬

254 2377 400 2421 pagnol
421 2377 468 2412 de
491 2379 528 2413 la
548 2390 694 2424 guerre
715 2381 762 2415 de
782 2380 1195 2425 rindôpëûdancjVDn
1216 2379 1284 2414 des
1304 2382 1478 2425 martyrs
1498 2379 1544 2414 de
1571 2379 1609 2414 la

255 2420 403 2456 liberté
421 2432 471 2457 en
496 2425 593 2460 1823.
622 2444 664 2449 —
698 2425 741 2460 L.
763 2435 793 2460 s.
815 2425 840 2461 à
854 2435 925 2460 son
947 2424 1190 2469 générdl'-^sn
1223 2423 1335 2467 chef;
1367 2423 1526 2458 Aranda
1560 2424 1607 2458 de

253 2464 399 2506 Duoro,
425 2468 465 2501 12
483 2467 566 2502 déc.
590 2471 686 2512 1812,
706 2472 727 2505 2
747 2479 783 2514 p.
804 2469 897 2511 in-4,
930 2470 952 2503 à
971 2468 1201 2514 mi-marge\
1227 2468 1364 2503 Lettre
1397 2468 1606 2510 militaire,

256 2508 302 2543 de
324 2510 437 2544 toute
453 2512 585 2552 rareté
1518 2514 1539 2546 6
1587 2524 1604 2545 »

147 2555 233 2590 3989
255 2555 511 2597 Espartero,
541 2556 617 2591 duc
637 2558 684 2593 de
704 2558 744 2592 la
762 2556 955 2600 Victoire,
976 2557 1136 2592 illustre
1153 2549 1331 2606 -général
1360 2558 1402 2591 et
1431 2556 1606 2601 patriote

258 2598 461 2641 espagnol.
490 2619 532 2625 —
559 2601 602 2636 L.
635 2613 665 2637 s.
695 2613 744 2637 au
779 2601 941 2648 général
972 2598 1159 2646 Hârispè;
1186 2601 1429 2646 quart.-gén.
1463 2600 1509 2635 de
1534 2600 1609 2635 Las

259 2642 410 2684 Passas,
432 2645 453 2677 3
472 2654 561 2679 nov.
581 2648 677 2689 1839,
702 2649 712 2680 1
739 2657 774 2692 p.
792 2648 854 2688 1/2
873 2645 964 2683 in-4.
985 2647 1075 2683 Belle
1090 2645 1187 2696 piècjf
1195 2647 1373 2689 politique.
1522 2647 1543 2679 8
1589 2657 1607 2676 «
