1841 2972
890 129 1055 191 - 2 -
238 239 469 280 d’Helvétius
488 253 496 289 ;
528 239 648 280 Restif
677 241 722 279 de
759 240 794 279 la
828 240 999 288 Bretone,
1039 240 1071 279 le
1102 240 1308 279 romancier
1337 240 1548 291 graveleux,
1578 250 1617 278 se
1637 237 1702 276 fai¬

237 297 320 330 sant
357 291 541 331 moraliste
576 293 709 340 auprès
738 290 824 329 d’un
847 290 1034 329 débauché
1053 306 1060 331 ;
1094 290 1327 340 Lamennais,
1367 302 1439 330 une
1458 290 1567 329 lettre
1595 289 1702 327 d'une

238 342 412 381 actualité
435 342 522 381 telle
549 341 659 392 qu’on
689 341 723 380 la
741 340 851 379 dirait
876 341 991 380 écrite
1015 340 1135 380 d’hier
1150 354 1158 388 ;
1192 341 1389 392 Béranger,
1413 353 1483 380 une
1507 339 1624 392 épître
1657 338 1703 377 de

237 392 350 441 1804,
373 392 407 431 la
427 392 509 442 plus
526 393 707 430 ancienne
730 398 766 431 et
784 391 817 430 la
841 391 923 440 plus
942 391 1120 448 piquante
1141 403 1213 441 que
1232 403 1323 431 nous
1354 403 1469 442 ayons
1502 402 1594 437 vue;
1631 400 1703 427 une

238 442 345 482 lettre
366 442 411 482 de
429 441 558 481 Balzac
579 443 692 481 écrite
711 454 755 481 en
781 442 921 492 pleines
938 443 1112 492 journées
1130 442 1176 480 de
1186 441 1278 492 juin.

289 498 408 537 Parmi
444 498 495 537 les
526 497 770 548 autographes
791 497 841 536 les
859 498 939 554 plus
958 508 1059 536 rares
1082 503 1118 536 et
1137 497 1190 536 les
1211 497 1293 547 plus
1309 497 1480 545 précieux
1500 496 1564 535 des
1584 506 1703 534 mem¬

236 548 320 588 bres
336 549 382 587 de
403 547 623 587 l’Académie
643 547 836 597 française,
852 547 882 586 si
914 547 1129 586 recherchés
1147 546 1395 598 aujourd’hui,
1424 558 1517 586 nous
1542 546 1703 585 citerons

235 610 327 637 ceux
347 598 392 636 de
412 598 681 648 Montesquieu,
717 599 764 637 du
800 597 988 650 président
1020 597 1181 636 Hénault
1199 604 1236 636 et
1261 598 1306 637 de
1329 597 1448 636 l’abbé
1465 597 1512 636 de
1531 596 1699 635 Louvois.

235 648 284 687 Le
299 649 489 698 catalogue
510 648 645 687 fournit
668 648 768 687 aussi
789 648 853 687 aes
869 647 994 698 pièces
1026 659 1126 686 rares
1146 647 1348 692 d’artistes,
1371 648 1478 686 telles
1498 658 1570 698 que
1592 646 1703 685 celles

233 698 278 737 de
304 698 484 738 Philibert
505 699 683 742 Delorme,
711 699 744 737 le
763 698 880 748 grand
902 697 1102 737 architecte
1120 711 1128 745 ;
1150 698 1246 736 J.-J.
1272 699 1317 737 de
1339 698 1519 745 Boissieu,
1559 697 1589 735 le
1623 695 1708 735 chef

233 749 300 787 des
318 749 631 799 acqua-fortistes
650 749 809 798 français
829 762 837 796 ;
861 748 1066 787 Borromini
1087 755 1124 787 et
1142 748 1193 787 les
1220 748 1313 788 deux
1333 749 1511 793 Gennari,
1536 746 1704 786 célèbres

235 799 396 849 peintres
414 799 561 838 italiens
579 814 586 843 ;
613 798 811 847 Prud’hon,
836 798 1065 848 Meissonier,
1088 804 1158 837 etc.

285 854 334 893 La
350 854 542 893 collection
563 860 618 893 est
632 854 973 904 particulièrement
986 854 1088 893 riche
1100 866 1146 893 eu
1166 854 1432 904 compositeurs
1451 854 1496 893 de
1517 853 1698 903 musique.

233 904 361 943 Citons
383 904 473 943 dans
492 909 586 943 cette
605 904 700 943 série
719 904 764 943 de
789 905 913 944 lettres
935 904 1212 951 intéressantes,
1237 904 1349 944 celles
1369 906 1416 944 de
1446 904 1578 946 Gluck,
1601 905 1701 953 pièce

237 954 461 1005 magnifique
476 959 512 995 et
535 954 646 993 d’une
663 956 785 994 rareté
806 954 969 994 extrême
986 967 995 1002 ;
1025 954 1071 993 de
1096 955 1231 994 Gossec
1258 962 1294 994 et
1327 955 1475 1006 Grétry,
1497 955 1542 994 de
1556 953 1697 999 Nicolo,

237 1005 382 1047 Bell,ni.
408 1005 604 1050 Donizetti,
629 1004 814 1050 Paisiello,
836 1004 1032 1055 Zingarelli
1101 1004 1244 1044 etRossini
1265 1018 1272 1052 ;
1291 1005 1478 1050 d’Hérold,
1560 1003 1698 1055 deMeyer-

237 1055 334 1099 beer,
357 1054 557 1105 Stabinger
589 1061 626 1093 et
659 1055 816 1094 Richard
854 1055 1043 1105 Wagner;
1077 1056 1123 1093 de
1164 1055 1305 1104 Mattéi,
1348 1055 1518 1100 Matlioli,
1555 1055 1700 1097 Pintus,

235 1104 474 1149 Schulterius,
513 1104 720 1150 Sabbatini,
754 1112 823 1144 etc.
868 1106 966 1144 Nous
1003 1116 1050 1143 ne
1087 1105 1389 1144 mentionnerons
1419 1117 1492 1156 que
1523 1105 1702 1156 quelques

235 1167 341 1194 noms
362 1155 407 1194 de
428 1155 577 1194 femmes
594 1155 757 1194 célèbres
823 1156 856 1194 la
878 1154 1085 1194 maréchale
1108 1155 1278 1204 d’Ancre,
1310 1156 1344 1195 M
1349 1163 1388 1181 me
1411 1156 1456 1195 de
1478 1156 1647 1195 Krudner
1665 1161 1706 1193 et

236 1206 269 1243 M
275 1205 309 1230 lle
330 1206 441 1244 Mars.
465 1205 544 1245 Une
563 1205 737 1244 curiosité
758 1205 1051 1266 autographique
1069 1217 1131 1244 sur
1148 1205 1308 1255 laquelle
1326 1218 1417 1245 nous
1433 1206 1609 1257 appelons
1625 1204 1705 1243 l’at¬

236 1256 394 1295 tention,
412 1267 452 1294 ce
468 1261 553 1295 sont
562 1255 622 1294 les
643 1256 733 1294 trois
749 1255 875 1294 lettres
904 1244 968 1295 des
993 1255 1162 1295 ancêtres
1184 1255 1228 1294 de
1253 1257 1287 1294 la
1315 1257 1454 1295 famille
1482 1255 1700 1307 Bonaparte,

236 1305 302 1345 des
322 1315 398 1345 xvi®
417 1312 454 1345 et
472 1317 544 1344 xvu
548 1314 562 1330 e
577 1306 720 1350 siècles,
744 1308 867 1357 portés
886 1318 972 1345 sous
993 1307 1026 1344 le
1043 1314 1083 1344 n°
1101 1306 1144 1344 51
1168 1306 1215 1345 du
1234 1307 1439 1357 catalogue.

291 1362 338 1400 La
358 1361 566 1405 collection,
588 1362 722 1400 formée
740 1373 804 1411 par
821 1373 870 1400 un
891 1367 1058 1400 amateur
1074 1362 1216 1411 italien,
1239 1363 1404 1401 contient
1421 1362 1704 1401 naturellement

239 1412 425 1462 beaucoup
446 1412 491 1451 de
511 1423 761 1462 personnages
785 1412 944 1451 illustres
964 1413 1008 1450 de
1030 1424 1097 1451 son
1117 1423 1219 1463 pays.
1242 1413 1360 1451 Parmi
1385 1413 1437 1452 les
1458 1412 1705 1463 autographes

240 1461 517 1512 remarquables
539 1462 583 1501 de
616 1468 712 1501 cette
734 1462 842 1505 série,
880 1473 974 1501 nous
995 1473 1088 1501 nous
1107 1469 1368 1502 contenterons
1405 1464 1451 1502 de
1489 1463 1650 1513 signaler
1673 1463 1706 1500 la

242 1513 350 1551 lettre
371 1512 417 1553 de
436 1512 937 1562 Laurcnt-le-Magnifique.
976 1513 1190 1563 cataloguée
1215 1525 1300 1552 sous
1321 1514 1353 1552 le
1375 1522 1414 1552 n°
1435 1513 1520 1552 226.
1547 1512 1706 1552 Celle-là

241 1569 297 1601 est
319 1562 430 1603 d’une
449 1562 694 1602 authenticité
718 1562 998 1608 incontestable,
1021 1574 1062 1602 ce
1080 1563 1142 1614 qui
1164 1569 1250 1602 veut
1273 1563 1352 1603 dire
1369 1564 1458 1614 qu’il
1479 1576 1503 1615 y
1522 1575 1569 1602 en
1599 1574 1621 1601 a
1642 1562 1705 1613 qui

241 1625 287 1651 ne
307 1618 391 1651 sont
411 1614 514 1663 point
531 1613 625 1651 dans
644 1624 685 1651 ce
705 1624 778 1651 cas.

293 1669 346 1706 En
367 1668 464 1713 effet,
486 1669 577 1707 dans
599 1668 632 1706 la
648 1668 806 1707 seconde
827 1667 952 1707 moitié
982 1667 1031 1707 du
1055 1680 1102 1707 xv
1105 1675 1118 1693 e
1139 1669 1269 1716 siècle,
1304 1670 1356 1708 les
1383 1669 1530 1720 princes
1560 1668 1709 1708 italiens

245 1718 416 1757 faisaient
436 1724 589 1757 souvent
608 1718 724 1757 écrire
741 1724 776 1757 et
793 1718 917 1768 signer
940 1718 1038 1757 leurs
1058 1719 1198 1768 lettres,
1216 1731 1262 1758 en
1288 1719 1366 1759 leur
1388 1732 1471 1759 nom
1488 1751 1495 1763 ,
1522 1731 1588 1770 par
1613 1719 1709 1758 leurs

244 1768 474 1808 secrétaires.
509 1768 577 1807 Les
598 1775 784 1807 amateurs
808 1769 1093 1819 d’autographes
1119 1776 1184 1808 ont
1216 1770 1424 1820 longtemps
1458 1771 1584 1820 ignoré
1616 1775 1712 1808 cette

246 1819 514 1870 particularité,
535 1825 572 1857 et
592 1818 776 1870 beaucoup
794 1818 840 1857 de
860 1819 985 1857 lettres
1004 1820 1069 1858 des
1088 1819 1194 1858 vieux
1214 1818 1367 1858 Médicis
1382 1827 1417 1859 et
1431 1827 1568 1864 autres,
1582 1819 1713 1858 écrites

247 1870 292 1907 de
311 1870 344 1907 la
363 1875 473 1910 sorte,
504 1880 544 1908 se
575 1875 746 1907 trouvent
773 1868 866 1907 dans
895 1869 947 1907 les
962 1869 1189 1908 collections.
1218 1869 1275 1908 On
1296 1881 1317 1908 a
1336 1881 1496 1909 reconnu
1521 1870 1554 1909 le
1576 1869 1642 1908 fait
1669 1881 1712 1908 en

248 1925 462 1970 comparant
480 1931 540 1959 ces
561 1919 759 1969 prétendus
778 1918 1025 1969 autographes
1044 1922 1064 1957 à
1084 1919 1147 1958 des
1180 1920 1304 1959 lettres
1332 1920 1538 1960 seulement
1568 1920 1713 1970 signées

249 1969 314 2008 des
338 1969 475 2009 mêmes
495 1980 758 2020 personnages,
787 1968 876 2007 dont
894 1970 926 2006 la
942 1969 1133 2019 signature
1153 1969 1312 2009 différait
1333 1971 1629 2021 complètement.
1666 1970 1715 2008 Ce

252 2031 299 2058 ne
317 2026 401 2058 sont
422 2020 524 2071 point
543 2020 576 2058 là
595 2019 658 2058 des
676 2019 796 2070 pièces
812 2019 963 2062 fausses,
985 2020 1077 2059 mais
1094 2019 1139 2059 de
1157 2020 1254 2059 vrais
1272 2021 1481 2071 originaux,
1504 2033 1549 2060 en
1568 2026 1715 2071 portant

251 2076 335 2109 tous
358 2070 409 2111 les
429 2072 644 2113 caractères,
667 2076 780 2120 ayant
796 2069 861 2108 des
876 2069 1036 2118 cachets,
1057 2076 1145 2116 etc.,
1174 2076 1209 2109 et
1244 2071 1376 2110 écrites
1420 2070 1718 2110 vraisemblable¬

256 2126 356 2159 ment
369 2132 454 2159 sous
470 2121 505 2160 la
523 2119 642 2159 dictée
660 2126 698 2158 et
713 2119 805 2158 dans
825 2120 857 2158 le
883 2120 1029 2159 cabinet
1055 2121 1103 2158 du
1134 2121 1271 2171 prince.
1305 2120 1331 2159 Il
1349 2133 1373 2172 y
1391 2123 1490 2160 avait
1508 2121 1603 2160 donc
1622 2122 1717 2160 alors

254 2171 319 2209 des
336 2170 551 2209 secrétaires
571 2170 618 2209 de
641 2171 674 2208 la
698 2169 795 2208 main
820 2181 911 2220 pour
933 2170 966 2208 la
984 2170 1089 2209 lettre
1109 2171 1262 2215 entière,
1284 2183 1423 2211 comme
1456 2172 1480 2210 il
1514 2185 1538 2223 y
1566 2183 1611 2211 en
1631 2183 1652 2210 a
1673 2183 1716 2210 eu

255 2232 341 2259 sous
360 2220 469 2260 Louis
484 2220 550 2259 XV
571 2226 607 2259 et
631 2219 738 2259 Louis
756 2219 839 2258 XVI
864 2232 953 2270 pour
978 2221 1012 2258 la
1027 2220 1160 2272 simple
1181 2222 1383 2271 signature.

308 2276 374 2315 Cet
395 2287 507 2333 usage
538 2276 660 2315 s’était
680 2276 710 2315 si
742 2275 826 2314 bien
855 2276 1018 2326 répandu
1052 2277 1167 2328 parmi
1200 2277 1251 2315 les
1283 2278 1429 2328 princes
1456 2277 1613 2323 d’Italie,
1649 2289 1720 2328 que

257 2326 351 2365 dans
375 2326 558 2366 certaines
588 2327 709 2383 pièces
736 2325 925 2365 officielles
953 2338 997 2365 ou
1029 2333 1129 2366 actes
1158 2326 1432 2379 authentiques,
1459 2328 1503 2367 ils
1521 2328 1721 2379 ajoutaient

261 2383 415 2417 souvent
433 2379 453 2415 à
472 2376 549 2417 leur
567 2383 767 2426 signature,
796 2388 855 2416 ces
876 2382 969 2415 mots
991 2378 997 2414 :
1020 2378 1145 2415 Manu
1164 2380 1339 2427 propria.

311 2431 369 2471 On
387 2437 443 2471 est
462 2434 484 2471 à
504 2444 571 2483 peu
593 2433 675 2481 près
693 2433 770 2477 sûr,
792 2443 1069 2483 croyons-nous,
1091 2432 1231 2472 d'avoir
1261 2433 1384 2473 affaire
1406 2437 1428 2473 à
1462 2447 1534 2475 une
1565 2435 1724 2474 écriture

261 2482 306 2520 de
320 2482 531 2529 secrétaire,
557 2482 679 2533 quand
705 2482 728 2521 il
749 2493 789 2521 se
812 2489 937 2522 trouve
956 2494 1028 2521 une
1049 2483 1220 2523 accolade
1241 2484 1332 2523 dans
1351 2485 1385 2523 la
1400 2485 1602 2535 signature.
1626 2484 1723 2525 C’est

262 2543 303 2571 ce
321 2532 382 2583 qui
406 2534 429 2572 à
446 2532 531 2578 lieu,
549 2544 614 2583 par
631 2533 809 2584 exemple,
845 2532 937 2571 dans
961 2533 995 2571 la
1018 2533 1125 2573 lettre
1156 2533 1201 2572 de
1234 2534 1359 2574 Pierre
1394 2535 1406 2573 I
1412 2543 1440 2560 er
1473 2536 1518 2575 de
1548 2536 1721 2581 Médicis,

261 2582 476 2632 cataloguée
493 2595 579 2622 sous
603 2583 635 2622 le
655 2590 694 2620 n°
710 2583 795 2626 225,
818 2583 909 2621 dont
930 2583 963 2620 la
978 2583 1170 2632 signature
1188 2591 1243 2623 est
1262 2585 1353 2623 ainsi
1368 2585 1537 2636 disposée
1559 2586 1565 2625 :
1590 2586 1726 2625 Peints
