1793 3007
822 165 997 217 - 9 -
284 269 479 307 Quatrain
501 272 583 305 aut.
604 270 679 315 sig.
701 271 723 305 à
741 270 936 306 Baculard
958 271 1173 312 d’Arnaud,
1203 272 1295 316 (sur
1321 275 1381 307 ses
1407 275 1568 316 Epreuves
1592 275 1636 308 du

286 315 470 348 Sentiment
479 314 508 358 ),
536 324 639 349 mars
663 318 757 358 1768,
781 318 791 350 1
815 326 852 361 p.
874 316 967 350 in-8.
988 315 1093 351 Jolie
1114 316 1222 361 pièce
1243 326 1337 351 avec
1355 318 1638 354 encadrement

286 367 387 392 rose.
1551 365 1571 398 2
1595 366 1638 398 50

175 403 260 436 4337
286 402 402 446 Bréa
420 402 479 446 (le
502 402 663 448 général
684 404 768 448 de),
789 404 983 439 assassiné
1005 404 1179 448 pendant
1198 405 1255 439 les
1270 404 1461 449 journées
1482 406 1528 441 de
1543 406 1636 452 juin

292 448 386 481 1848.
407 466 450 472 —
467 447 511 482 L.
532 458 565 481 a.
587 459 617 482 s.
638 448 660 482 à
678 448 731 483 M.
752 448 909 494 Bacqua
928 449 973 493 (à
992 450 1184 493 Nantes),
1208 451 1305 491 1847,
1324 452 1395 500 2p.
1411 450 1502 486 in-8.
1550 454 1572 487 3
1618 464 1634 484 »

176 492 263 526 4338
287 492 503 535 Breschet
522 492 748 537 (Gilbert),
769 495 909 528 savant
929 494 1168 528 anatomiste
1188 495 1229 529 et
1254 493 1565 546 physiologiste,
1592 496 1638 531 de

287 534 494 575 l’Institut,
517 536 565 570 né
587 536 609 570 à
627 537 1041 573 Clermont-Ferrand.
1067 557 1104 563 —
1124 538 1167 573 L.
1189 548 1222 573 a.
1243 548 1273 574 s.
1303 549 1325 573 a
1351 538 1447 574 Ach.
1477 540 1637 582 Comte,

291 581 331 614 19
345 578 439 624 juil.
464 582 560 623 1832,
581 582 602 615 4
622 591 658 626 p.
679 580 772 616 in-8.
1549 587 1571 619 2
1594 587 1638 620 50

333 625 432 662 Epitre
450 626 720 656 très-intéressante
739 625 860 657 relative
881 627 897 657 a
920 627 973 657 son
993 627 1142 657 Mémoire
1164 634 1222 657 sur
1246 626 1361 666 l'OEuf,
1383 631 1411 658 et
1435 636 1491 658 aux
1511 630 1639 660 services

295 664 364 699 qu’il
382 672 396 693 a
414 666 532 700 rendus,
550 666 587 695 lui
607 668 633 695 et
651 673 699 695 ses
714 666 856 703 collègues
871 667 906 696 de
920 665 1126 698 rHôtcl-Dieu,
1145 666 1268 702 pendant
1284 667 1309 696 le
1326 666 1453 698 choléra.

178 703 266 737 4339
288 703 410 746 Brial
448 703 600 747 (Dom),
620 706 760 739 savant
782 704 1023 746 bénédictin,
1043 704 1090 739 de
1111 704 1254 738 l’Acad.
1275 704 1342 740 des
1357 705 1468 748 insc.,
1493 716 1545 740 un
1569 706 1636 741 des

288 746 468 781 éditeurs
488 747 539 782 du
559 749 690 782 Recueil
706 749 762 782 des
782 751 965 783 Historiens
984 750 1041 782 des
1061 750 1198 786 Gaules,
1221 748 1269 783 né
1290 749 1311 783 à
1332 749 1574 794 Perpignan.
1595 771 1633 780 —

291 790 334 825 L.
356 801 390 826 a.
411 801 462 833 s.,
486 794 582 834 1825,
607 794 668 835 1/2
687 802 724 837 p.
746 793 838 827 in-4.
1552 797 1573 830 2
1620 808 1636 827 »

180 836 267 869 4340
289 836 465 880 Brissot
483 838 492 880 (
504 835 776 881 Jacq.-Pierre
790 838 822 881 ),
843 836 998 871 célèbre
1019 836 1237 882 publiciste
1258 839 1299 872 et
1317 838 1637 881 conventionnel,

292 878 385 913 chef
400 879 451 914 du
472 880 577 924 parti
597 880 643 915 de
663 880 702 915 la
720 880 906 924 Gironde,
928 880 976 915 né
997 882 1086 926 près
1106 881 1152 915 de
1173 881 1371 922 Chartres,
1392 882 1570 927 décapité
1590 894 1637 918 en

294 924 389 958 1793.
411 945 453 949 —
471 923 514 960 L.
547 935 581 959 a.
614 936 643 960 s.
676 925 698 959 à
725 925 819 960 miss
844 925 1003 970 Cappet,
1031 925 1306 971 (américaine)
1321 939 1329 970 ;
1356 926 1489 969 Paris,
1509 929 1530 962 3
1550 938 1638 963 nov.

295 969 425 1011 1786,3
436 979 472 1014 p.
485 969 580 1004 in-4.
590 969 740 1015 Légère
750 969 959 1004 déchirure
972 980 1043 1015 par
1051 970 1089 1005 la
1099 972 1266 1014 rupture
1276 970 1327 1005 du
1337 970 1486 1006 cachet.
1533 974 1576 1007 25
1623 985 1639 1003 »

339 1013 480 1045 Curieuse
495 1015 586 1052 épitre
604 1023 638 1044 en
658 1015 785 1052 français
803 1019 831 1045 et
845 1023 878 1045 en
895 1016 1019 1052 anglais,
1036 1016 1109 1045 dans
1123 1015 1245 1052 laquelle
1263 1015 1281 1045 il
1300 1017 1391 1054 prend
1419 1017 1443 1045 la
1468 1017 1575 1053 qualité
1607 1017 1642 1047 de

299 1052 477 1083 Secrétaire
492 1052 619 1090 qénérul
639 1053 675 1084 de
693 1053 726 1083 la
743 1053 953 1084 Chancellerie
968 1053 1153 1090 d’Orléans,
1170 1058 1194 1084 et
1212 1056 1291 1084 toute
1307 1055 1427 1085 relative
1445 1057 1460 1085 à
1477 1063 1528 1095 son
1550 1064 1640 1095 pam¬

301 1090 387 1129 phlet
404 1100 462 1122 sur
481 1090 524 1122 les
543 1091 696 1128 Quakers.
719 1092 741 1122 11
754 1093 827 1123 aime
841 1094 881 1123 les
900 1093 1044 1130 Quakers,
1060 1097 1085 1123 et
1097 1093 1116 1123 il
1128 1094 1231 1130 espère
1247 1093 1318 1124 faire
1335 1101 1371 1124 un
1391 1100 1500 1132 voyage
1509 1102 1543 1124 en
1556 1096 1641 1125 Amé¬

300 1130 383 1167 rique
401 1139 473 1168 pour
488 1131 530 1161 les
548 1132 658 1162 visiter.
679 1132 747 1162 S’ils
764 1141 796 1162 se
812 1132 982 1162 montraient
1003 1132 1098 1163 moins
1116 1132 1322 1170 complaisants
1336 1140 1408 1171 pour
1424 1134 1448 1162 la
1464 1135 1607 1171 tyrannie,
1626 1135 1644 1164 il

300 1169 482 1201 n'hésiterait
496 1178 548 1208 pas
561 1171 578 1201 à
591 1179 623 1201 se
639 1171 711 1202 faire
727 1172 858 1202 recevoir
875 1172 971 1210 parmi
986 1179 1040 1202 eux
1052 1184 1059 1207 ;
1078 1171 1164 1207 mais,
1184 1179 1259 1210 pour
1273 1173 1345 1208 cela,
1365 1172 1435 1202 Dieu
1454 1180 1470 1202 a
1494 1173 1548 1203 mis
1571 1173 1643 1204 dans

301 1216 355 1241 son
371 1210 435 1240 âme
452 1217 507 1239 une
525 1213 590 1248 trop
610 1210 682 1241 forte
698 1211 832 1241 aversion
852 1219 925 1248 pour
942 1211 968 1241 le
986 1212 1172 1249 despotisme.
1197 1212 1305 1241 Détails
1322 1211 1512 1241 intéressants
1536 1220 1588 1242 sur
1611 1221 1641 1243 sa

299 1248 405 1278 femme
423 1251 452 1279 et
466 1256 514 1280 ses
529 1249 654 1279 enfants.

185 1288 267 1322 4341
296 1288 410 1329 Burr
430 1288 580 1329 (Aaron
595 1287 622 1331 ),
643 1287 952 1332 vice-président
978 1288 1046 1323 des
1074 1287 1315 1323 Etats-Unis.
1336 1307 1366 1312 —
1397 1288 1440 1323 L.
1470 1299 1503 1323 a.
1534 1298 1563 1323 s.
1594 1300 1642 1323 au

296 1330 451 1366 colonel
472 1331 509 1368 8.
531 1331 690 1377 Ogden;
711 1331 949 1376 New-York,
974 1335 1014 1368 14
1032 1343 1092 1368 av.
1117 1334 1212 1375 1801,
1236 1334 1248 1366 1
1273 1343 1308 1378 p.
1331 1332 1423 1367 in-4.
1558 1335 1579 1367 6
1627 1346 1643 1365 »

185 1378 273 1411 4342
299 1377 480 1422 Canova
498 1377 606 1422 (Ant.
620 1378 643 1421 ),
664 1377 824 1412 illustre
845 1378 1040 1413 statuaire
1061 1377 1215 1412 italien.
1237 1397 1278 1402 —
1298 1377 1340 1412 L.
1362 1388 1396 1412 a.
1423 1388 1453 1412 s.
1483 1378 1505 1412 à
1535 1377 1645 1412 Dom.

299 1420 436 1465 Selva;
457 1421 594 1463 Rome,
618 1424 652 1456 11
677 1420 760 1455 déc.
784 1424 880 1460 1816,
905 1425 915 1457 1
939 1433 976 1467 p.
997 1422 1090 1457 in-4.
1562 1424 1583 1456 4
1630 1434 1646 1453 »

187 1467 275 1500 4343
300 1466 487 1510 Capiton
516 1465 805 1510 (Wolfgang),
836 1477 888 1501 un
917 1466 985 1501 des
1016 1466 1105 1520 plus
1140 1465 1337 1501 éminents
1376 1465 1561 1510 disciples
1602 1466 1648 1500 de

298 1509 464 1552 Luther,
485 1510 562 1544 ami
584 1510 631 1544 de
656 1513 786 1545 Bucer
812 1512 853 1545 et
883 1510 1221 1555 d’Œcolampade,
1254 1510 1350 1545 dont
1377 1511 1407 1545 il
1438 1510 1583 1555 épousa
1613 1510 1652 1545 la

298 1565 440 1596 veuve,
456 1554 504 1588 né
520 1565 568 1588 en
587 1554 740 1589 Alsace.
760 1574 802 1579 —
821 1555 906 1590 Let.
928 1566 977 1590 en
999 1554 1211 1596 allemand,
1227 1554 1350 1589 écrite
1366 1565 1415 1589 en
1430 1554 1651 1589 caractères

301 1598 489 1641 romains,
511 1598 585 1643 sig.
607 1599 653 1634 de
678 1600 855 1642 Wolfgang
876 1601 1016 1643 Capiton
1022 1626 1030 1641 ,
1052 1599 1098 1634 de
1119 1601 1243 1633 Martin
1263 1602 1362 1633 Bucer
1382 1601 1423 1633 et
1439 1599 1485 1633 de
1499 1600 1652 1643 Gaspard

301 1644 406 1677 Hédio
410 1669 418 1686 ,
440 1643 549 1687 (vers
573 1644 693 1687 1535),
714 1646 735 1678 3
754 1653 789 1687 p.
814 1646 875 1686 1/2
894 1643 982 1678 in-f.
1003 1645 1205 1687 Magnifique
1221 1645 1321 1687 pièce.
1545 1645 1588 1678 65
1635 1655 1651 1674 »

190 1693 278 1728 4344
302 1692 468 1737 Capoul
487 1692 687 1740 (Victor),
715 1692 870 1727 célèbre
891 1692 1088 1727 chanteur
1108 1691 1154 1727 de
1175 1692 1343 1737 l’Opéra.
1365 1713 1408 1718 —
1427 1692 1469 1727 L.
1504 1704 1538 1727 a.
1572 1703 1603 1727 s.
1632 1693 1655 1727 à

302 1737 354 1771 M.
377 1736 603 1782 d’Hormoy,
626 1736 688 1780 1/2
707 1747 743 1782 p.
765 1737 857 1772 in-8.
1571 1739 1583 1771 1
1612 1739 1655 1772 50

191 1788 278 1823 4345
303 1787 549 1831 Caraccioli
567 1787 576 1831 (
589 1785 743 1822 L.-Ant.
756 1788 787 1830 ),
808 1786 949 1821 fécond
963 1786 1140 1821 écrivain
1162 1786 1213 1820 du
1233 1796 1330 1821 xvm
1334 1793 1346 1808 e
1361 1786 1495 1828 siècle,
1511 1788 1656 1821 auteur

303 1831 371 1866 des
391 1831 588 1866 fameuses
607 1833 729 1865 Lettres
748 1832 793 1865 du
809 1842 893 1875 pape
912 1832 1101 1874 Gaganelli,
1122 1830 1301 1865 Clément
1320 1830 1424 1866 XIV.
1443 1850 1485 1856 —
1506 1830 1547 1865 L.
1569 1841 1603 1865 a.
1624 1841 1655 1865 s.

304 1886 353 1910 au
375 1875 541 1910 libraire
561 1875 751 1911 Maradan
768 1888 776 1918 ;
803 1874 930 1918 Paris,
950 1878 969 1909 7
990 1876 1089 1920 sept.
1120 1877 1203 1909 1790
1213 1902 1222 1917 ,
1242 1877 1263 1911 3
1283 1885 1318 1920 p.
1340 1875 1438 1917 in-4,
1471 1874 1609 1909 cachet
1637 1875 1659 1908 à

303 1930 364 1955 ses
385 1930 526 1954 armes.
1569 1921 1590 1954 3
1637 1931 1653 1950 »

350 1965 369 1995 Il
390 1965 427 1995 lui
449 1972 574 2002 propose
592 1964 648 1995 une
667 1964 720 1995 Vie
737 1964 774 1995 dé
792 1963 961 1998 Franklin,
982 1964 1051 2001 qu’il
1064 1964 1187 2002 regarde
1206 1970 1317 1994 comme
1329 1972 1367 1994 un
1379 1964 1430 1994 des
1447 1966 1565 1994 auteurs
1582 1965 1617 1994 de
1634 1964 1658 1993 la

310 2004 483 2034 Révolution
501 2004 657 2041 française.

195 2048 281 2083 4346
306 2048 483 2081 Cassini
500 2048 555 2081 de
572 2047 726 2091 Thury
745 2047 754 2091 (
768 2046 972 2082 César-Fr.
985 2047 1008 2089 ),
1027 2044 1182 2081 célèbre
1197 2047 1435 2082 astronome,
1457 2045 1661 2080 directeur

305 2091 351 2125 de
373 2091 694 2132 l’Observatoire,
717 2092 862 2126 auteur
898 2090 944 2125 de
982 2091 1020 2126 la
1052 2089 1200 2135 grande
1238 2092 1345 2125 carte
1367 2090 1413 2124 de
1435 2090 1598 2125 France.
1616 2109 1658 2115 —

308 2135 499 2170 Mémoire
520 2137 603 2171 aut.
617 2148 626 2179 ;
647 2138 667 2170 4
685 2145 723 2181 p.
744 2135 836 2170 in-4.
1571 2136 1592 2168 5
1639 2146 1656 2166 »

353 2181 393 2212 Ce
413 2182 551 2211 mémoire
567 2189 581 2210 a
601 2188 675 2218 pour
693 2181 759 2211 titre
780 2180 787 2210 :
804 2180 869 2210 Sur
886 2179 914 2209 le
933 2178 1026 2219 degré
1045 2179 1082 2208 de
1097 2178 1258 2218 précision
1278 2186 1338 2217 que
1354 2178 1362 2208 I
1376 2188 1416 2209 on
1432 2179 1498 2209 doit
1513 2178 1659 2208 attendre

314 2220 368 2250 des
386 2220 597 2250 Instruments
616 2220 652 2248 de
668 2218 914 2249 l'Observatoire
933 2218 972 2250 de
988 2218 1095 2249 Paris.
1113 2235 1150 2239 —
1166 2219 1209 2248 On
1234 2225 1249 2247 a
1273 2218 1344 2256 joint
1370 2218 1387 2247 h
1418 2222 1491 2248 cette
1518 2219 1597 2256 pièce
1622 2226 1657 2248 un

313 2267 381 2296 reçu
400 2260 435 2289 de
454 2259 502 2288 dix
517 2258 609 2296 lignes
627 2261 685 2288 aut.
704 2259 759 2296 sig.

196 2304 282 2340 4347
308 2302 485 2346 Cassini
503 2302 688 2346 (J.-Dom.
703 2302 726 2346 ),
747 2301 808 2336 Gis
828 2301 878 2335 du
900 2300 1126 2346 précédent,
1139 2301 1376 2343 astronome,
1391 2300 1594 2335 directeur
1613 2300 1659 2334 de

308 2346 630 2388 l’Observatoire,
651 2346 937 2380 continuateur
955 2345 1002 2379 de
1023 2345 1062 2379 la
1081 2346 1188 2379 carte
1210 2344 1256 2379 de
1276 2344 1440 2380 France.
1453 2364 1495 2370 —
1508 2345 1551 2380 L.
1574 2356 1606 2379 a.
1628 2356 1657 2380 s.

311 2392 332 2425 à
351 2401 422 2427 son
443 2391 548 2436 père,
572 2392 614 2425 12
626 2389 719 2435 juin
743 2392 838 2432 1777,
859 2392 871 2424 1
896 2400 930 2434 p.
953 2389 1046 2424 in-4.
1068 2391 1233 2424 Curieuse.
1573 2392 1593 2424 3
1641 2401 1657 2421 »

198 2443 285 2478 4348
311 2441 435 2485 Casti
469 2440 621 2485 (J.-B.),
657 2439 812 2475 célèbre
845 2440 958 2484 poète
989 2439 1180 2484 héroïque
1208 2441 1249 2473 et
1279 2438 1473 2484 satirique
1504 2437 1659 2480 italien,

311 2487 458 2520 auteur
486 2484 553 2519 des
584 2486 758 2519 Animaux
778 2486 949 2533 parlants.
970 2503 1013 2509 —
1032 2484 1075 2518 L.
1098 2493 1132 2518 a.
1161 2493 1191 2517 s.
1224 2483 1246 2517 à
1275 2493 1327 2516 un
1357 2483 1459 2527 ami;
1491 2481 1660 2527 (Paris),

314 2533 351 2564 17
373 2528 585 2570 fructidor,
609 2531 620 2562 1
645 2538 680 2572 p.
703 2528 754 2572 pl.
776 2530 867 2562 in-8.
891 2530 986 2562 Rare.
1557 2528 1596 2561 15
1642 2539 1659 2559 »

357 2574 433 2603 Très
450 2573 609 2612 spirituelle
622 2573 726 2610 épitre,
742 2573 829 2602 écrite
844 2573 917 2603 dans
934 2581 967 2602 sa
981 2571 1137 2608 vieillesse,
1157 2572 1279 2609 pendant
1296 2580 1347 2601 son
1362 2572 1460 2609 séjour
1475 2572 1490 2600 â
1510 2571 1607 2607 Paris,
1624 2572 1661 2601 où

317 2613 335 2642 il
352 2615 479 2643 mourut.
