1793 3007
133 179 189 230 n-à
280 182 362 228 %b.

1131 195 1320 230 Octobre
1344 196 1466 230 1869.

559 353 1022 426 REVUE
760 474 830 506 DES
79 556 1520 743 AUTOGRAPHES
264 818 338 863 ES
360 809 598 864 CURIOSITÉS
622 818 668 864 DE
689 818 907 865 L'HISTOIRE
930 820 961 864 &
982 818 1028 865 DE
1049 818 1092 864 LA
1113 818 1347 864 BIOGRAPHIE

478 927 698 960 CHAQUE
720 927 861 960 MOIS,
877 927 1013 956 SOUS
1033 928 1106 956 LA
1120 925 1413 956 DIRECTION
1435 925 1502 953 DE

520 1017 757 1051 GABRIEL
789 1018 1092 1052 GHARAVAY

192 1156 669 1194 ABONNEMENTS:
115 1222 276 1259 \‘Fra&efe’^'Ail'aK
424 1228 469 1262 (12
484 1229 618 1262 Numéros;
667 1228 694 1255 5
711 1228 756 1254 fr.

663 1279 689 1306 4

1026 1161 1343 1189 BUREAUX:

849 1227 917 1261 60,
931 1235 1001 1257 rue
1015 1228 1501 1259 Saint-André-des-Arts,

969 1280 1167 1306 Précédemment
1185 1280 1215 1304 n*
1233 1279 1275 1310 50,
1294 1280 1307 1304 à
1325 1278 1403 1304 Paris.

467 1360 524 1394 UN
564 1352 758 1394 NUMÉRO
792 1371 799 1393 :
839 1359 892 1394 25
917 1360 1146 1394 CENTIMES

121 1438 228 1477 Depuis
243 1437 270 1468 le
285 1438 530 1468 commencement
541 1436 580 1468 du
594 1436 680 1473 mois,
696 1436 738 1468 les
755 1436 885 1468 bureaux
903 1441 953 1468 ont
967 1436 1013 1468 été
1025 1436 1185 1468 transférés
1198 1437 1236 1468 du
1251 1444 1283 1468 n°
1298 1438 1336 1468 50
1349 1444 1385 1468 au
1400 1444 1431 1468 n°
1446 1437 1495 1469 GO.

83 1559 294 1596 Sommaire
315 1572 323 1595 :
351 1561 382 1596 1.
400 1561 618 1594 Dénouement
634 1561 674 1595 de
687 1560 832 1604 l’affaire
845 1561 1034 1596 Chasles.—
1046 1561 1080 1598 2.
1094 1561 1283 1604 Nécrologie
1286 1579 1341 1595 .—
1353 1562 1386 1595 3.
1402 1561 1533 1595 Auto¬

173 1612 368 1655 graphes
387 1613 414 1646 à
430 1611 533 1655 prix
551 1612 773 1655 marqués.
792 1630 835 1636 —
853 1612 886 1647 3.
907 1612 1029 1646 Prime.

335 1748 666 1795 DÉNOUEMENT
694 1756 755 1794 DE
782 1756 1027 1794 L’AFFAIRE
1057 1755 1280 1795 CHASLES.

133 1851 182 1890 Ce
203 1851 444 1890 dénouement
466 1863 488 1889 a
509 1863 551 1889 eu
573 1850 647 1890 lieu
667 1852 712 1890 de
733 1851 768 1889 la
789 1851 950 1890 manière
972 1851 1005 1889 la
1024 1850 1105 1901 plus
1128 1851 1355 1901 inattendue,
1380 1852 1472 1891 dans
1499 1852 1533 1892 la

82 1903 214 1941 séance
246 1901 290 1940 de
327 1901 547 1940 l’Académie
577 1901 640 1940 des
671 1901 841 1941 Sciences
873 1900 919 1940 du
948 1901 996 1940 13
1026 1901 1242 1953 septembre.
1281 1902 1374 1941 Sans
1408 1903 1527 1942 doute.

82 1952 130 1990 M.
157 1952 306 1991 Chasles
324 1964 363 1991 se
384 1953 542 1991 trouvait
565 1952 656 1991 dans
675 1964 723 1990 un
745 1952 860 2002 grand
883 1951 1080 1998 embarras,
1101 1953 1286 1991 vivement
1315 1955 1438 2004 pressé
1468 1966 1532 2005 par

83 2002 129 2041 M.
159 2002 357 2049 Lcverrier,
380 2004 441 2053 qui
464 2003 599 2052 portait
617 2005 638 2041 à
660 2014 718 2042 ses
736 2002 978 2053 autographes
1000 2014 1049 2041 un
1071 2015 1163 2054 coup
1183 2002 1332 2042 terrible
1360 2006 1381 2042 à
1411 2003 1531 2043 l’Aca¬

82 2053 213 2098 démie,
247 2059 283 2092 et
316 2054 463 2092 menacé
496 2052 607 2092 d’une
638 2053 862 2092 déclaration
897 2055 971 2092 très
1008 2059 1107 2092 nette
1143 2053 1188 2091 de
1227 2053 1261 2091 la
1297 2054 1531 2094 commission

82 2103 301 2155 d’expertise
323 2104 366 2142 de
383 2103 580 2152 Florence;
602 2103 707 2150 mais,
729 2106 750 2143 à
771 2103 928 2142 l’ardeur
945 2103 1031 2154 qu’il
1054 2105 1196 2143 mettait
1214 2106 1236 2143 à
1259 2104 1293 2142 la
1312 2104 1461 2144 défense
1486 2106 1531 2144 de

83 2166 124 2193 sa
140 2166 262 2193 cause,
285 2165 460 2205 personne
479 2165 526 2192 ne
543 2154 691 2204 pouvait
711 2154 852 2204 prévoir
870 2165 939 2193 une
958 2154 1118 2193 solution
1139 2155 1169 2193 si
1189 2153 1401 2204 prochaine.
1431 2154 1530 2195 Nous

84 2205 203 2244 allons
229 2206 390 2244 résumer
412 2204 463 2243 les
487 2203 674 2244 dernières
703 2205 898 2255 péripéties
921 2204 965 2244 de
993 2210 1087 2244 cette
1116 2205 1267 2255 étrange
1297 2204 1435 2251 affaire,
1467 2207 1528 2258 qui

86 2256 264 2295 intéresse
283 2266 328 2294 au
349 2256 430 2306 plus
449 2254 536 2294 haut
552 2255 655 2305 point
668 2267 733 2294 nos
760 2254 927 2294 lecteurs.

134 2306 191 2345 On
213 2318 252 2345 se
270 2306 427 2356 rappelle
447 2302 600 2344 l’article
621 2305 665 2345 de
689 2311 792 2344 notre
815 2315 855 2343 n°
877 2304 938 2349 19,
971 2316 1057 2356 paru
1090 2317 1135 2344 en
1157 2305 1347 2346 décembre
1367 2306 1525 2347 dernier.

86 2356 186 2395 Nous
203 2356 340 2396 disions
363 2355 611 2395 franchement
634 2358 654 2395 à
673 2356 721 2395 M.
744 2355 905 2402 Chasles,
927 2366 971 2394 au
991 2356 1114 2407 risque
1134 2356 1179 2395 de
1195 2356 1246 2395 lui
1262 2357 1437 2407 déplaire,
1459 2370 1530 2409 que

84 2418 125 2446 sa
142 2407 341 2458 prétendue
360 2407 551 2446 collection
565 2406 843 2458 d’autographes
869 2406 960 2445 était
984 2409 1186 2457 composée,
1214 2413 1293 2446 tout
1312 2407 1463 2453 entière,
1486 2409 1530 2448 de

86 2457 207 2508 pièces
235 2457 452 2507 fabriquées,
488 2464 524 2496 et
555 2469 643 2496 nous
675 2457 885 2512 l’adjurions
913 2456 958 2496 de
984 2457 1170 2496 consentir
1198 2461 1219 2497 à,
1248 2470 1320 2497 une
1348 2459 1529 2509 expertise

86 2510 260 2548 sérieuse.
282 2507 341 2547 Un
355 2508 418 2547 des
432 2508 514 2547 faits
532 2519 602 2558 que
618 2519 707 2546 nous
728 2507 958 2558 rapportions
976 2507 1145 2546 semblait
1164 2507 1241 2547 être
1254 2508 1436 2548 favorable
1454 2512 1475 2547 h
1489 2521 1530 2548 sa

87 2558 201 2598 thèse.
235 2559 291 2598 En
322 2564 554 2608 parcourant,
575 2560 593 2597 à
628 2559 660 2597 la
688 2557 942 2608 Bibliothèque
971 2559 1156 2598 nationale
1192 2558 1237 2598 de
1275 2558 1461 2601 Florence,
1496 2559 1529 2600 le

87 2610 220 2649 recueil
241 2610 303 2648 des
325 2610 448 2649 lettres
466 2609 707 2659 autographes
731 2609 776 2648 de
795 2609 947 2658 Galilée,
977 2621 1067 2648 nous
1087 2621 1133 2648 en
1155 2609 1279 2648 avions
1307 2611 1431 2649 trouvé
1458 2622 1528 2652 une

88 2660 193 2699 datée
210 2660 257 2699 du
279 2660 301 2698 5
323 2660 517 2699 novembre
538 2659 645 2698 1639.
671 2659 733 2703 Or,
756 2660 807 2698 les
828 2659 1051 2699 adversaires
1070 2659 1114 2698 de
1136 2660 1182 2699 M.
1210 2658 1361 2699 Chasles
1379 2662 1526 2712 préton-
