1802 3007
760 153 803 160 -
833 132 877 170 SI
910 152 954 160 -

131 220 214 254 4031
243 219 430 253 Malstrs
449 218 498 263 (le
518 221 644 254 comte
665 219 745 255 Jos.
766 218 840 263 de),
860 218 1015 254 célèbre
1035 219 1248 264 publiciste
1274 219 1581 264 ultramontain,

244 264 390 297 auteur
409 262 460 297 du
481 263 582 298 livre
602 264 653 298 du
672 267 772 308 Pape.
793 283 836 289 —
865 263 908 297 L.
939 274 973 298 a.
1000 274 1030 299 s.
1062 274 1112 298 au
1133 263 1287 299 colonel
1308 263 1354 299 de
1374 264 1583 310 Rothiers;

244 306 540 353 (Pétersbourg,
561 308 610 343 où
631 308 659 343 il
681 308 780 343 était
800 307 1080 343 ambassadeur
1098 308 1150 343 du
1176 307 1388 352 Piémont),
1416 311 1460 345 23
1478 319 1587 345 nov.-

242 354 263 386 5
283 351 366 386 déc.
388 351 509 397 (1816),
535 354 546 387 1
570 362 605 398 p.
628 353 720 387 in-8.
741 352 845 388 Jolie
865 352 988 397 pièce.
1008 355 1105 388 Rare.
1478 355 1522 388 20
1567 366 1585 386 »

132 396 220 430 4032
243 396 574 436 Marie-Louise,
597 396 850 442 impératrice
870 396 937 431 des
956 396 1157 445 Français,
1177 396 1345 432 seconde
1364 397 1508 432 femme
1539 397 1586 432 de

244 439 447 484 Napoléon
467 441 483 475 I
485 447 512 463 or
517 467 525 475 .
545 441 656 476 Belle
682 440 791 486 pièce
820 440 911 486 sig.,
942 451 1092 475 comme
1129 441 1367 484 protectrice
1388 441 1434 475 de
1471 441 1511 476 la
1530 453 1588 477 so¬

244 482 346 519 ciété
372 484 419 519 de
445 484 484 520 la
511 485 671 521 Charité
703 485 940 521 maternelle
960 498 969 530 ;
991 485 1267 529 Saint-Cloud,
1295 487 1335 522 21
1364 484 1460 531 juil.
1489 487 1586 531 1813,

247 530 258 562 1
283 538 319 572 p.
341 528 428 563 in-f.
1503 532 1543 566 12
1569 543 1585 563 »

133 573 219 607 4033
243 573 367 617 Mars
388 573 439 617 (M
443 573 478 595 lla
481 574 503 618 ),
535 573 574 608 la
604 573 753 619 grande
781 572 1057 616 tragédienne.
1082 592 1125 598 —
1154 573 1197 609 L.
1218 584 1253 609 a.
1273 584 1304 609 s.
1325 574 1348 609 à
1367 584 1444 609 une
1470 575 1590 610 musi¬

245 616 400 660 cienne,
425 619 485 661 1/2
504 628 540 663 p.
561 618 654 653 in-8.
674 620 758 653 Jolie
773 619 862 661 pièce
1503 621 1524 654 4
1571 632 1588 652 »

134 661 223 696 4034
246 662 434 705 Mazzini
454 662 636 707 (Joseph),
658 662 694 697 le
715 661 870 697 célèbre
890 661 1095 707 agitateur
1113 661 1268 697 italien.
1289 682 1331 688 —
1344 662 1455 698 Petit
1475 662 1591 698 billet

245 707 327 740 aut.
348 706 422 751 sig.
445 707 467 740 à
485 707 525 742 C.
537 706 691 757 Rudio;
711 706 902 749 Londres,
918 708 1014 749 1863,
1037 708 1049 740 1
1073 716 1110 751 p.
1130 706 1244 749 in-32,
1257 706 1487 752 enveloppe.
1504 710 1525 742 4
1547 710 1591 743 50

133 750 221 784 4035
245 751 509 795 Meyerbeer
550 751 635 796 (G.),
679 751 839 790 illustre
883 749 1164 795 compositeur.
1203 770 1247 776 —
1275 750 1319 786 L.
1351 761 1386 786 a.
1424 754 1470 795 s.,
1504 754 1516 797 1
1552 761 1589 797 p.

245 793 338 829 in-8.
1504 797 1525 830 4
1572 808 1589 828 »

288 839 562 871 Recommandation
577 848 651 878 pour
672 841 805 878 disposer
825 848 880 871 son
900 841 999 878 piano.
1035 851 1048 865 »
1066 840 1098 870 Je
1116 839 1184 878 joue
1202 841 1346 879 toujours,
1366 840 1454 878 dit-il,
1483 841 1509 871 le
1525 848 1591 871 cou¬

251 879 350 908 vercle
363 879 467 909 fermé.
489 892 502 907 »

134 916 222 950 4036
245 917 466 959 Michaud,
489 917 712 953 l'historien
743 917 811 953 des
842 916 1061 959 Croisades,
1091 917 1265 951 membre
1286 917 1333 951 de
1354 916 1591 952 l’Académie

246 960 455 1009 française.
476 982 517 987 —
535 962 578 997 L.
600 973 634 998 a.
650 973 680 998 s.
697 963 719 997 à
738 962 777 998 la
796 961 1000 997 rédaction
1021 960 1068 995 de
1098 962 1132 996 la
1151 963 1369 1003 Quotidienne
1378 974 1387 1005 ;
1418 963 1456 997 21
1491 963 1590 1007 sept.

250 1006 346 1048 1824,
344 998 355 1009 3
383 1008 404 1041 3
440 1016 475 1051 p.
510 1007 623 1046 in-18.
659 1006 850 1043 Curieuse
888 1004 1015 1051 épître
1052 1015 1121 1040 sur
1157 1007 1196 1041 la
1229 1005 1435 1041 rédaction
1471 1006 1518 1040 de
1549 1017 1591 1041 ce

240 1048 418 1094 journal.
1505 1053 1527 1086 2
1573 1063 1591 1084 »

131 1094 217 1128 4037
242 1094 484 1137 Mirabeau,
505 1094 540 1129 le
561 1094 685 1140 grand
706 1096 881 1130 orateur.
903 1114 945 1119 —
964 1093 1007 1128 L.
1028 1104 1062 1129 a.
1085 1104 1115 1129 s.
1137 1094 1159 1128 à
1177 1104 1247 1130 son
1273 1094 1350 1130 ami
1371 1094 1586 1138 Lieutaud,

250 1138 272 1172 à
293 1138 514 1183 Marseille;
535 1139 640 1183 Pais,
665 1142 699 1174 11
723 1149 827 1174 mars
850 1141 946 1181 1790,
969 1141 981 1173 1
1005 1148 1041 1183 p.
1063 1138 1154 1173 in-4.
1506 1142 1549 1174 25
1574 1152 1591 1171 »

291 1183 421 1214 Relative
441 1185 458 1214 k
485 1192 517 1214 sa
538 1185 655 1215 défense
673 1185 708 1215 de
726 1185 753 1214 la
772 1184 970 1222 municipalité
998 1186 1034 1213 de
1069 1183 1211 1214 Marseille
1236 1185 1336 1214 contre
1354 1183 1450 1214 l'abbé
1474 1183 1592 1223 Maury,

253 1222 325 1253 dans
342 1223 463 1254 l’affaire
483 1224 519 1253 du
538 1224 639 1262 prévôt
651 1224 684 1254 de
703 1226 776 1254 cette
796 1223 874 1253 ville.
896 1223 916 1253 Il
935 1223 1057 1253 termine
1071 1223 1142 1252 ainsi
1158 1231 1166 1253 :
1189 1234 1201 1249 «
1219 1223 1278 1253 Mes
1303 1224 1421 1253 tendres
1449 1223 1562 1253 amitiés
1576 1225 1592 1253 k

251 1262 371 1297 Granct,
391 1270 453 1293 mes
480 1263 629 1293 honneurs
646 1264 662 1293 k
678 1270 751 1293 ceux
772 1263 809 1293 de
836 1270 889 1293 vos
916 1262 1082 1292 estimables
1113 1261 1245 1292 décrétés
1273 1262 1344 1293 dont
1367 1262 1417 1300 j'ai
1441 1262 1594 1293 l'honneur

258 1301 349 1331 d'ôtre
364 1309 488 1332 connus.
509 1314 521 1328 »

135 1339 222 1375 4038
246 1339 361 1384 Molé
380 1339 428 1384 (le
449 1340 574 1375 comte
595 1339 736 1385 M.-L.),
757 1338 912 1375 célèbre
927 1338 1110 1374 ministre
1122 1338 1168 1374 de
1188 1339 1529 1387 Louis-Philippe,
1545 1341 1591 1377 de

247 1383 482 1419 l’Académie
503 1384 711 1432 française.
732 1405 775 1410 —
795 1384 838 1419 L.
860 1395 894 1419 a.
916 1395 961 1427 s.,
984 1385 1079 1426 1834,
1104 1386 1164 1427 1/2
1183 1394 1220 1429 p.
1242 1385 1334 1420 in-8.
1505 1388 1516 1420 1
1545 1388 1590 1422 50

136 1429 223 1463 4039
247 1429 421 1479 Monge,
454 1422 612 1465 illustré
639 1427 977 1471 mathématicien,
1015 1428 1200 1463 créateur
1230 1428 1276 1463 de
1304 1429 1342 1463 la
1373 1429 1591 1474 géométrie

247 1472 501 1518 descriptive,
533 1473 581 1508 né
613 1473 636 1507 à
662 1474 836 1509 Beàune.
868 1492 904 1497 —
932 1472 971 1507 L.
1002 1483 1036 1507 a.
1064 1483 1095 1507 s.
1111 1485 1120 1517 ;
1141 1472 1268 1515 Paris,
1292 1475 1331 1508 19
1353 1472 1465 1519 janv.
1495 1477 1591 1518 1812,

249 1519 261 1551 1
287 1518 425 1562 p.in-4.
444 1519 527 1552 Belle
535 1519 639 1562 pièce.
1505 1521 1588 1554 14»

135 1563 223 1597 4040
247 1563 448 1606 Monnier
467 1562 638 1606 (Henry),
659 1561 847 1607 spirituel
867 1561 1007 1596 artiste
1028 1562 1068 1595 et
1099 1560 1289 1603 écrivain,
1321 1562 1506 1597 créateur
1539 1563 1591 1598 du

246 1607 338 1650 type
360 1606 407 1641 de
426 1609 473 1641 M.
493 1608 722 1641 Pmdhomme.
742 1626 785 1631 —
804 1606 847 1641 L.
868 1616 902 1640 a.
923 1615 954 1640 s.
975 1605 999 1639 à
1016 1605 1069 1640 M.
1091 1605 1275 1651 Campan,
1287 1605 1381 1649 1833,
1407 1609 1417 1641 1
1436 1617 1472 1652 p.
1494 1607 1591 1651 in-4,

248 1660 342 1685 avec
362 1661 415 1685 un
436 1650 731 1695 dessin-charge
752 1651 774 1685 à
793 1650 832 1685 la
850 1650 998 1695 plume.
1504 1654 1525 1687 2
1572 1664 1588 1684 »

138 1695 218 1729 4041
248 1695 432 1739 Montijo
452 1695 503 1739 (la
522 1697 712 1730 comtesse
733 1694 806 1739 de),
827 1694 933 1729 mère
954 1693 1000 1728 de
1029 1693 1311 1739 l’impératrice
1337 1694 1529 1739 Eugénie.
1550 1716 1592 1721 —

247 1759 288 1764 —
306 1739 350 1774 L.
371 1750 405 1774 a.
427 1750 471 1781 s.,
491 1749 539 1774 en
559 1739 744 1786 français;
766 1738 974 1783 (Biarritz),
998 1740 1038 1773 19
1055 1748 1145 1773 nov.
1171 1739 1295 1783 (1854),
1314 1741 1336 1774 3
1354 1749 1390 1784 p.
1415 1741 1475 1783 1/4
1494 1740 1592 1784 in-8,

248 1783 463 1834 enveloppe
483 1785 523 1819 et
541 1783 692 1820 cachet.
712 1783 1039 1818 Portrait-carte.
1506 1787 1528 1818 6
1575 1797 1591 1816 »

297 1830 372 1859 Relie
387 1831 415 1859 et
428 1830 615 1859 intéressante
633 1829 735 1868 épître.
760 1830 814 1859 Les
832 1829 942 1859 Russes
956 1829 990 1859 de
1003 1827 1185 1865 Sébastopol,
1204 1831 1255 1857 ont
1272 1827 1317 1858 élé
1335 1829 1508 1865 repoussées
1523 1837 1594 1860 avec

256 1875 311 1898 une
334 1870 414 1905 perte
432 1868 468 1899 de
485 1868 547 1898 huit
573 1868 650 1899 mille
678 1870 819 1899 hommes.
854 1868 1040 1905 L’empereur
1067 1867 1102 1897 de
1121 1866 1226 1897 Russie
1242 1868 1311 1897 veut
1327 1869 1424 1897 entrer
1441 1875 1476 1898 en
1494 1869 1578 1899 confé

256 1914 342 1938 rcuce
360 1915 431 1937 avec
460 1907 618 1937 l'Autriche
639 1916 691 1938 sur
705 1907 748 1938 les
775 1909 785 1935 t
803 1906 928 1937 articles.
948 1917 960 1932 «
978 1906 1047 1943 Moi,
1075 1907 1104 1944 je
1122 1905 1263 1935 voudrais
1282 1905 1359 1939 bien,
1387 1906 1506 1944 dit-elle,
1526 1908 1591 1945 qu'k

255 1946 281 1976 la
303 1945 342 1976 fin
362 1947 379 1976 il
398 1954 429 1976 se
449 1946 605 1984 persuadât
622 1953 678 1984 que
696 1947 722 1976 la
741 1947 811 1976 lutte
832 1949 931 1975 contre
950 1946 975 1975 la
1002 1945 1113 1975 France
1141 1948 1169 1975 et
1185 1944 1378 1983 l’Angleterre
1396 1945 1477 1977 unies
1494 1947 1533 1976 lui
1551 1950 1594 1977 est

256 1984 434 2024 impossible.
451 1997 464 2012 »
484 1986 636 2015 Nouvelles
649 1986 685 2015 de
703 1994 735 2015 sa
752 1985 809 2016 fille
826 1983 1042 2021 l'Impératrice.

140 2025 227 2061 4042
250 2025 432 2067 Moreau
451 2023 534 2068 (V.),
556 2023 715 2059 illustre
737 2022 900 2069 général
921 2022 967 2057 d?
989 2022 1028 2056 la
1046 2021 1312 2067 République.
1334 2041 1376 2047 —
1394 2022 1438 2058 L.
1459 2032 1493 2058 a.
1519 2034 1550 2059 a.
1572 2024 1595 2059 à

250 2068 302 2103 M.
322 2067 506 2104 Jackson.
527 2067 763 2109 Morisville,
777 2071 798 2103 2
812 2067 922 2112 janv.
946 2069 1043 2110 1812,
1068 2070 1079 2101 1
1104 2066 1252 2111 p.in-4.
1273 2068 1361 2101 Belle
1371 2069 1473 2111 pièce.
1506 2070 1527 2102 6
1575 2081 1592 2100 »

140 2114 228 2149 4043
251 2113 423 2156 Musset
442 2111 529 2156 (Alf.
552 2111 624 2155 de),
646 2112 682 2146 le
711 2112 866 2147 célèbre
892 2112 1018 2157 poète,
1041 2110 1087 2145 de
1120 2110 1356 2145 l’Académie
1384 2111 1593 2159 française.

250 2176 292 2182 —
311 2157 354 2191 L.
375 2167 410 2191 a.
431 2166 460 2191 s.
474 2156 495 2190 à
509 2156 547 2191 S.
567 2157 611 2190 A.
633 2156 783 2202 Royale
803 2156 851 2201 (le
872 2156 947 2191 duc
967 2155 1196 2199 d’Orléans).
1217 2155 1344 2198 Paris,
1368 2157 1407 2190 16
1418 2155 1592 2199 octobre,

255 2204 267 2236 1
291 2212 328 2246 p.
350 2200 436 2235 in-f.
457 2201 544 2235 Belle
556 2202 659 2244 pièce.
1511 2202 1551 2236 15
1576 2213 1592 2233 »

298 2247 318 2276 11
337 2246 476 2276 demande
493 2253 548 2276 une
564 2245 701 2276 audience
717 2253 790 2283 pour
808 2245 964 2276 remercier
976 2245 1007 2276 8.
1024 2245 1138 2276 Altesse
1156 2244 1207 2275 des
1220 2244 1323 2276 bontés
1342 2244 1445 2282 qu'elle
1459 2254 1474 2275 a
1491 2246 1595 2284 daigné

260 2285 340 2316 avoir
354 2293 428 2323 pour
446 2286 493 2314 lui

143 2326 229 2361 4044
253 2324 479 2368 Napoléon
496 2323 569 2365 III,
596 2332 807 2368 empereur
826 2322 893 2358 des
914 2322 1115 2370 Français.
1136 2341 1178 2347 —
1196 2322 1313 2357 Pièce
1334 2321 1424 2367 sig.,
1445 2332 1539 2357 avec
1557 2323 1594 2357 le

253 2372 336 2404 mot
354 2370 515 2412 approuvé
519 2394 527 2410 ,
548 2368 699 2412 autog.,
718 2369 762 2403 25
780 2366 863 2402 déc.
887 2369 982 2410 1850,
1008 2359 1074 2410 3°/4
1093 2366 1139 2401 de
1160 2377 1196 2411 p.
1218 2366 1311 2401 in-4.
1334 2366 1594 2402 Nomination

254 2413 351 2449 dans
371 2413 410 2447 la
427 2411 578 2457 Légion
598 2411 832 2447 d’honneur.
1488 2413 1528 2446 15
1576 2424 1593 2444 »

143 2459 231 2493 4045
253 2457 477 2500 Nesmond
506 2455 641 2500 (Henri
667 2455 740 2504 de),
767 2455 915 2501 évêque
944 2454 1095 2500 d’Alby,
1128 2455 1218 2500 puis
1244 2455 1401 2490 archev.
1427 2455 1474 2489 de
1494 2455 1596 2490 Tou¬

254 2502 379 2546 louse,
399 2500 527 2545 prélat
557 2499 713 2535 célèbre
745 2510 816 2543 par
839 2510 882 2535 sa
907 2499 1154 2534 modération
1180 2510 1321 2535 envers
1353 2499 1409 2534 les
1436 2499 1594 2535 Protes¬

254 2548 375 2588 tants,
396 2545 492 2580 dont
517 2543 546 2578 il
574 2546 640 2579 sut
670 2555 710 2580 se
742 2543 842 2579 faire
868 2544 1005 2587 aimer,
1032 2553 1263 2579 successeur
1288 2544 1334 2579 de
1363 2543 1550 2578 Fléchier
1574 2545 1596 2579 à

255 2590 400 2626 l’Acad.
417 2590 556 2631 franc.,
571 2588 791 2633 originaire
806 2589 853 2624 de
873 2588 1159 2633 l’Angoumois.
1173 2608 1216 2614 —
1228 2589 1272 2624 L.
1288 2599 1322 2624 a.
1338 2598 1367 2623 s.
1383 2588 1405 2622 à
1418 2587 1594 2634 l’évêque

255 2634 385 2669 d’Alet
405 2646 414 2678 ;
435 2632 538 2675 Albi,
561 2634 600 2667 19
619 2631 726 2676 août,
746 2635 767 2668 3
787 2643 823 2678 p.
845 2632 937 2669 in-4.
959 2634 1050 2668 Belle
1063 2633 1166 2677 pièce.
1490 2634 1531 2667 12
1577 2644 1593 2664 »
