1793 3007
744 204 786 211 -
815 184 838 222 9
867 203 909 211 -

98 281 232 324 marié,
252 291 295 317 sa
314 281 456 316 femme
476 284 535 317 est
555 285 680 318 morte
693 295 701 327 ;
724 283 821 318 mais
840 293 883 318 sa
901 283 995 327 tille,
1021 285 1088 329 qui
1117 284 1201 319 doit
1230 283 1340 319 avoir
1370 284 1544 330 dix-sept

97 337 146 361 ou
183 326 363 362 dix-huit
389 337 471 371 ans,
497 328 697 371 travaille,
725 328 758 363 si
784 328 826 373 je
858 329 940 364 suis
971 328 1062 364 bien
1093 329 1314 374 renseigné,
1347 329 1436 364 chez
1469 341 1544 365 une

98 371 291 407 fleuriste.

141 416 266 451 Lucas
297 417 358 451 est
386 427 439 451 un
469 417 570 462 petit
599 417 753 452 homme
785 417 965 461 olivâtre,
997 419 1129 464 crépu,
1161 418 1366 453 marchant
1395 419 1434 454 la
1462 419 1543 454 tête

98 460 266 496 courbée
287 463 327 496 et
346 461 382 496 le
402 472 469 506 pas
488 462 636 507 rapide.
658 462 726 497 Ses
745 462 892 497 allures
916 462 1066 499 étaient
1089 464 1135 498 de
1160 465 1250 499 tout
1278 465 1404 509 temps
1441 474 1544 499 assez

98 506 283 552 étranges
293 516 394 551 pour
412 517 485 551 que
506 507 643 551 depuis
658 507 855 552 plusieurs
869 509 1013 543 années
1024 507 1111 554 déjà
1125 508 1153 543 il
1168 508 1225 543 ait
1238 508 1299 544 été
1313 509 1466 554 signalé
1477 519 1547 554 par

99 551 155 586 les
175 551 374 596 employés
406 553 472 587 des
494 552 783 603 bibliothèques
806 563 954 588 comme
973 553 1126 589 homme
1147 553 1169 587 à
1186 553 1417 598 surveiller;
1447 553 1544 589 mais

99 596 186 630 rien
212 606 260 631 ne
281 596 443 640 pouvait
463 597 562 633 faire
583 597 741 642 prévoir
765 598 787 633 à
810 598 962 643 quelles
982 598 1171 634 hauteurs
1191 598 1219 633 il
1244 599 1396 634 saurait
1415 598 1547 633 élever

100 641 137 676 la
156 641 453 686 mystification.

143 686 200 720 On
221 686 256 721 le
277 685 430 731 signale
451 686 608 721 d’abord
630 687 650 721 à
674 687 787 723 Paris
815 697 917 723 assez
946 688 1218 731 malheureux,
1249 688 1473 733 s’occupant
1499 688 1546 723 de

97 730 329 766 recherches
358 730 677 777 généalogiques.
706 732 738 767 Il
768 742 807 768 se
838 734 1016 769 trouvait
1046 733 1148 768 alors
1178 743 1226 767 en
1257 734 1417 783 rapport
1454 743 1545 767 avec

102 775 301 821 beaucoup
321 776 367 811 de
388 776 572 812 familles.
593 777 625 812 Il
644 777 818 813 recevait
836 778 903 813 des
922 788 1087 814 sommes
1107 777 1187 813 fort
1216 777 1418 822 modiques
1449 788 1547 823 pour

100 821 189 866 prix
209 821 255 855 de
276 831 336 857 ses
373 823 542 857 travaux
572 824 612 857 et
648 822 694 857 de
731 832 791 858 ses
816 822 1085 863 découvertes.
1123 821 1548 858 Vraisemblablement

100 866 204 901 alors
225 866 254 901 il
274 866 423 911 copiait
441 869 481 901 et
511 877 559 900 ne
579 867 791 919 pastichait
808 867 932 913 point.

145 911 283 950 Quand
311 911 370 946 lui
394 911 483 946 vint
510 910 624 946 l’idee
653 912 840 965 d’élargir
869 912 906 947 le
935 911 1061 947 cercle
1090 911 1135 946 de
1167 921 1226 947 ses
1257 912 1521 957 spéculations
1535 912 1550 946 ?

100 955 172 990 Les
192 956 536 1001 renseignements
556 967 617 991 me
638 957 724 992 font
743 957 879 992 defaut
899 956 964 1000 ici,
997 955 1094 992 mais
1124 967 1174 991 on
1203 962 1309 1002 peut,
1342 967 1430 992 sans
1460 959 1549 1002 trop

100 1000 505 1049 d’invraisemblance,supposer
721 1002 813 1047 qu’il
828 1003 888 1037 est
902 1001 978 1037 allé
992 1002 1155 1036 trouver
1166 1001 1217 1037 M.
1231 1001 1378 1039 Michel
1392 1001 1549 1037 Chasles

100 1055 249 1080 comme
270 1056 342 1092 par
366 1046 506 1082 hasard
535 1067 576 1071 —
604 1057 753 1082 comme
783 1046 1040 1092 compatriote
1071 1046 1285 1091 peut-être,
1309 1047 1365 1082 les
1392 1047 1551 1082 Chasles

100 1092 190 1125 sont
208 1091 449 1137 originaires
469 1091 520 1127 du
542 1102 635 1137 pays
661 1092 863 1127 chartrain
885 1112 927 1117 —
947 1101 1047 1136 pour
1070 1091 1127 1126 lui
1152 1101 1339 1137 proposer
1362 1092 1551 1137 quelques

103 1136 370 1182 autographes
390 1136 685 1182 authentiques,
707 1137 818 1188 qu’on
842 1148 863 1172 a
878 1136 1007 1179 causé,
1023 1146 1097 1191 que
1111 1136 1235 1172 Lucas
1250 1148 1271 1171 a
1283 1147 1334 1172 vu
1350 1147 1426 1171 une
1442 1136 1550 1182 proie

103 1180 219 1215 facile
240 1183 280 1216 et
300 1181 532 1217 fructueuse
554 1181 576 1216 à
595 1182 804 1227 exploiter,
825 1183 865 1217 et
885 1181 980 1227 qu’il
1001 1180 1062 1216 n’a
1081 1181 1169 1236 plus
1188 1181 1328 1217 hésité.

150 1225 219 1261 Dés
239 1226 332 1269 lors,
353 1226 392 1261 la
410 1227 473 1261 vie
505 1226 551 1261 de
583 1226 786 1261 l’archiviste
810 1228 1028 1271 paléographe
1059 1225 1100 1269 (il
1129 1236 1168 1261 se
1200 1226 1376 1269 donnait,
1408 1236 1497 1261 sans
1526 1236 1551 1271 y

102 1270 213 1304 avoir
233 1281 363 1306 aucun
383 1271 501 1314 droit,
517 1282 558 1307 ce
578 1271 675 1307 titre
696 1272 765 1317 qui
784 1282 831 1306 ne
851 1273 946 1317 peut
965 1271 1048 1307 être
1069 1270 1179 1316 porté
1200 1282 1273 1317 que
1294 1281 1364 1317 par
1382 1270 1551 1316 diplôme

102 1314 148 1349 de
170 1315 313 1351 l’Ecole
334 1316 402 1352 des
422 1316 602 1361 chartes),
625 1317 747 1362 prend
769 1327 820 1352 un
841 1317 973 1362 aspect
992 1326 1185 1350 nouveau.

146 1359 178 1395 Il
198 1361 391 1397 s’installe
406 1361 501 1397 dans
517 1373 570 1397 un
594 1361 775 1408 quartier
799 1361 971 1408 élégant,
986 1372 1036 1396 va
1049 1360 1239 1407 déjeuner
1253 1371 1301 1396 au
1317 1361 1400 1395 café
1413 1360 1553 1402 Riche,

105 1406 226 1450 prend
249 1406 316 1443 des
335 1408 524 1447 voitures,
547 1418 656 1458 passe
677 1407 744 1442 des
763 1406 992 1453 après-midi
1014 1407 1036 1441 à
1060 1406 1097 1441 la
1126 1406 1401 1451 Bibliothèque
1433 1405 1554 1451 impé¬

104 1450 216 1494 riale,
239 1463 287 1486 au
309 1452 449 1487 milieu
469 1452 536 1487 des
556 1452 730 1487 in-folio.
757 1453 787 1487 Il
819 1451 1047 1487 demandait
1074 1460 1239 1496 presque
1271 1451 1558 1486 constamment

105 1495 161 1529 les
181 1497 321 1542 quinze
340 1497 519 1533 volumes
539 1497 605 1533 des
625 1507 780 1533 œuvres
799 1497 845 1532 de
865 1496 1036 1541 Galilée;
1058 1496 1145 1541 puis
1165 1496 1201 1531 le
1221 1496 1314 1538 soir,
1335 1496 1364 1530 si
1388 1506 1456 1530 nos
1471 1505 1556 1530 ren¬

104 1540 374 1586 seignements
404 1544 493 1578 sont
511 1543 657 1585 exacts,
679 1542 707 1577 il
728 1542 842 1578 allait
861 1541 1070 1578 travailler
1089 1541 1179 1576 chez
1199 1551 1274 1575 une
1294 1540 1417 1586 petite
1446 1540 1556 1575 dame

105 1584 156 1619 du
178 1586 360 1631 quartier
379 1586 703 1632 Saint-Georges.

155 1647 204 1686 Le
226 1649 368 1698 Figaro
388 1648 535 1687 intitule
554 1661 619 1688 son
641 1649 769 1687 article
794 1649 799 1686 :
823 1649 877 1686 M.
904 1648 1012 1686 Libri
1035 1654 1086 1685 est
1110 1648 1293 1685 innocent.
1312 1646 1410 1685 Telle
1435 1658 1457 1684 a
1476 1651 1558 1683 tou¬

102 1698 203 1748 jours
219 1700 277 1738 été
298 1706 403 1738 notre
423 1699 641 1738 conviction.
672 1699 738 1738 Les
765 1698 893 1737 débats
920 1697 1142 1737 l’établiront
1163 1697 1271 1736 d’une
1299 1697 1459 1736 manière
1487 1707 1561 1734 cer¬

108 1749 218 1794 taine,
239 1756 275 1788 et
295 1762 436 1789 comme
454 1750 478 1788 il
504 1761 585 1789 sera
601 1762 759 1789 reconnu
780 1760 849 1800 que
871 1749 905 1787 la
923 1760 1062 1787 somme
1076 1747 1275 1787 déboursée
1287 1759 1308 1786 a
1324 1749 1381 1786 été
1395 1746 1559 1785 relative¬

109 1807 208 1838 ment
226 1801 391 1849 minime,
413 1813 458 1839 on
477 1812 522 1851 ei\
542 1801 713 1839 conclura
737 1812 807 1850 que
827 1799 875 1839 M.
899 1799 992 1837 Libri
1013 1799 1169 1837 n’aurait
1188 1811 1252 1849 pas
1271 1798 1379 1837 voulu
1395 1810 1433 1836 se
1453 1798 1561 1835 livrer

107 1851 127 1886 à
146 1857 202 1889 cet
223 1851 399 1890 immense
418 1850 546 1890 travail
568 1863 659 1901 pour
683 1851 713 1889 si
731 1863 798 1901 peu
816 1851 860 1888 de
879 1850 998 1888 chose.

148 1918 233 1950 P.-S.
252 1935 289 1941 —
307 1919 346 1951 M.
362 1919 439 1949 Libri
453 1920 527 1949 vient
548 1920 583 1950 de
604 1920 714 1950 mourir
734 1920 749 1950 ii
765 1920 910 1949 Florence.
930 1935 967 1940 —
987 1917 1026 1948 Le
1053 1917 1173 1957 Fiqaro
1192 1917 1230 1948 du
1248 1917 1266 1947 6
1281 1916 1398 1948 octobre
1427 1915 1558 1953 l’accuse,

107 1965 217 1997 comme
236 1959 376 1997 pendant
393 1962 414 1989 à
432 1958 571 1998 l'affaire
590 1958 729 1993 Chasles,
754 1958 865 1989 d’avoir
893 1957 1025 1995 fabriqué
1044 1957 1086 1988 les
1104 1957 1272 1988 documents
1290 1955 1402 1995 publiés
1425 1962 1478 1994 par
1510 1955 1557 1989 lui,

107 2005 141 2028 en
164 1998 250 2034 1812,
269 2006 321 2028 sur
333 1999 358 2028 la
377 1999 511 2036 jeunesse
529 1999 564 2029 de
583 1999 728 2037 Napoléon
749 1999 759 2028 I
762 2004 788 2018 er
792 2023 797 2028 .
821 1999 895 2028 Dans
921 1998 946 2028 le
963 1997 1102 2036 prochain
1118 1996 1251 2029 numéro,
1275 2004 1348 2027 nous
1373 1996 1471 2027 ferons
1491 2003 1557 2025 con¬

107 2038 197 2068 naître
212 2037 344 2077 l’origine
359 2037 394 2069 de
412 2046 460 2069 ces
476 2039 654 2075 documents,
675 2037 793 2074 ignorée
808 2046 875 2068 sans
892 2038 977 2068 doute
995 2037 1030 2067 de
1049 2036 1170 2067 l’auteur
1188 2037 1223 2066 de
1240 2035 1370 2067 l’article.

647 2118 1022 2165 NÉCROLOGIE.

162 2195 208 2233 Le
240 2194 286 2232 29
312 2193 401 2232 avril
428 2193 583 2237 dernier,
620 2193 669 2231 les
696 2199 879 2232 amateurs
905 2191 1183 2242 d’autographes
1215 2191 1403 2241 perdaient
1433 2203 1481 2229 un
1514 2190 1558 2229 de

111 2246 205 2285 leurs
221 2246 303 2296 plus
321 2244 495 2283 aimables
514 2244 709 2288 confrères,
727 2244 773 2282 M.
799 2242 1300 2293 Auguste-Pierre-François
1326 2240 1476 2287 Guérin,
1495 2242 1557 2291 qui

108 2296 198 2335 était
219 2298 264 2334 né
281 2299 302 2334 à
322 2296 433 2338 Paris,
457 2306 503 2333 en
518 2294 723 2345 septembre
744 2293 854 2335 1801.
878 2295 991 2345 Après
1013 2293 1114 2332 avoir
1137 2293 1203 2331 fait
1218 2293 1262 2332 de
1282 2292 1420 2331 bonnes
1432 2290 1558 2331 études

109 2359 151 2386 au
175 2347 314 2397 collège
335 2345 445 2385 Henri
466 2345 527 2394 IV,
553 2346 576 2383 il
599 2356 704 2396 passa
727 2345 907 2394 plusieurs
926 2345 1062 2382 années
1084 2344 1175 2383 dans
1207 2344 1239 2382 le
1271 2343 1440 2391 notariat,
1475 2342 1557 2393 puis

108 2405 210 2436 entra
228 2397 319 2436 dans
353 2398 386 2435 la
407 2395 579 2436 librairie.
614 2396 639 2434 Il
672 2396 811 2446 dirigea
843 2395 1159 2437 successivement,
1195 2400 1230 2433 et
1262 2405 1347 2432 avec
1378 2405 1449 2431 une
1477 2404 1557 2431 rare

110 2447 355 2497 intelligence,
380 2448 430 2486 les
450 2446 627 2486 librairies
651 2446 811 2489 Pichard,
835 2445 963 2489 Fume,
987 2445 1104 2490 Bixio,
1140 2451 1188 2488 et,
1219 2456 1263 2484 en
1294 2443 1440 2483 dernier
1471 2444 1554 2491 lieu,

109 2500 198 2537 celle
217 2499 260 2536 de
279 2497 368 2537 MM.
392 2498 499 2536 Cosse
518 2503 555 2536 et
577 2496 752 2538 Marchai,
770 2498 817 2535 où
834 2508 874 2534 sa
894 2501 988 2535 mort
1003 2508 1024 2534 a
1041 2495 1147 2534 laissé
1164 2496 1213 2534 les
1229 2496 1307 2545 plus
1321 2494 1387 2532 vifs
1402 2499 1555 2543 regrets.

161 2549 207 2588 M.
233 2549 370 2587 Guérin
395 2548 551 2598 joignait
576 2550 598 2586 à
632 2559 701 2586 une
729 2546 887 2585 douceur
920 2546 1229 2589 communicative,
1265 2549 1284 2583 à
1322 2555 1394 2584 une,
1421 2544 1558 2594 grande

109 2599 384 2648 bienveillance,
396 2611 442 2637 un
456 2598 647 2637 charmant
660 2598 773 2637 talent
787 2597 964 2636 d’artiste.
982 2597 1049 2636 Les
1063 2596 1234 2648 portraits
1247 2595 1335 2645 qu'il
1352 2607 1397 2633 ne
1409 2594 1556 2645 pouvait

110 2661 148 2689 se
169 2661 336 2699 procurer
359 2661 449 2700 pour
467 2649 626 2687 illustrer
644 2658 684 2686 sa
703 2648 893 2686 collection
919 2646 1209 2698 d’autographes,
1242 2646 1263 2683 il
1298 2645 1349 2683 les
1382 2644 1557 2683 dessinait
