1793 3007
729 191 772 229 -
802 191 823 229 8
853 212 897 219 -

629 339 767 377 FAITS
797 339 986 377 DIVERS.

134 459 180 498 Le
199 459 246 496 16
268 459 475 503 novembre,
511 459 558 498 M.
594 459 746 497 Wilfrid
777 459 821 498 de
850 459 1038 498 Fonveille
1070 472 1091 497 a
1127 460 1204 502 fait,
1241 458 1438 498 boulevard
1481 459 1543 498 des

80 509 297 557 Capucines,
324 521 394 547 une
418 510 632 548 conférence
653 521 715 547 sur
741 510 789 547 les
807 509 1052 559 autographes
1071 509 1116 548 de
1137 509 1185 548 M.
1211 508 1375 548 Chasles.

132 559 180 597 La
198 571 316 597 masse
336 559 379 597 de
396 571 456 597 ces
475 559 721 608 autographes
742 560 840 597 avait
858 561 915 598 été
930 561 1169 610 transportée,
1189 561 1209 597 à
1222 560 1254 597 la
1272 558 1320 597 fin
1337 558 1537 601 d’octobre,

82 611 103 646 à
125 609 158 646 la
183 609 438 659 Bibliothèque
463 609 665 660 impériale,
690 621 778 649 pour
799 609 877 648 être
896 611 1055 648 soumise
1076 614 1096 648 à
1117 610 1293 648 l’examen
1315 609 1377 648 des
1396 621 1540 648 conser¬

83 665 231 698 vateurs
266 659 313 698 de
350 666 381 697 la
418 666 557 698 section
591 660 655 698 des
687 660 907 698 manuscrits
962 660 1087 702 Lucas,
1125 660 1158 698 le
1195 658 1383 700 faussaire,
1425 671 1446 697 a
1486 661 1543 698 été

84 709 267 759 plusieurs
295 710 362 747 fois
393 712 523 747 amené
553 712 573 747 à
610 711 641 747 la
673 709 928 760 Bibliothèque
962 722 1051 759 pour
1088 709 1152 748 des
1195 710 1460 748 constatations
1506 716 1543 748 et

83 759 146 797 des
165 760 419 809 explications.
444 760 541 797 Nous
566 772 724 809 pensons
743 772 814 810 que
842 761 892 799 les
918 760 1213 798 bibliothécaires
1242 759 1394 810 chargés
1429 759 1474 798 de
1505 772 1545 798 ce

85 810 213 847 travail
237 810 357 848 feront
381 822 428 848 un
459 816 609 859 rapport
629 821 693 848 sur
713 816 770 848 cet
788 821 889 849 amas
912 811 958 849 de
983 810 1199 848 documents
1228 809 1481 859 fantastiques,
1509 816 1545 848 et

83 871 154 909 que
178 860 209 898 le
230 860 352 909 public
372 871 415 898 en
437 872 525 898 aura
541 860 819 898 connaissance.

135 942 179 948 —
210 921 256 959 M.
289 921 345 959 Fr.
378 921 509 965 Garde,
534 927 637 959 notre
665 920 932 960 collaborateur
965 933 1008 959 au
1025 921 1169 971 journal
1198 920 1478 969 l’Imprimerie,
1507 933 1545 959 se

83 970 197 1009 défait
217 971 261 1009 de
281 983 321 1009 sa
342 972 531 1021 précieuse
547 971 795 1020 bibliothèque
815 971 859 1010 de
878 973 987 1010 livres
1002 971 1175 1015 illustrés,
1191 971 1383 1009 collection
1407 971 1545 1021 unique

84 1020 175 1059 dont
196 1033 286 1059 nous
307 1033 420 1060 avons
443 1022 545 1072 parlé
560 1022 651 1060 dans
670 1023 765 1059 cette
788 1023 916 1059 Revue.
941 1021 1028 1060 c’est
1057 1022 1106 1061 M.
1134 1020 1545 1060 Bachelin-Dellorenne

85 1072 145 1120 qui
171 1078 226 1109 est
255 1071 389 1121 chargé
427 1072 471 1110 de
501 1071 640 1121 diriger
673 1072 707 1110 la
740 1077 858 1114 vente,
893 1072 954 1122 qui
978 1083 1068 1110 aura
1102 1072 1172 1110 lieu
1204 1071 1295 1111 salle
1327 1071 1479 1120 Drouot,
1513 1072 1545 1110 le

85 1120 131 1159 13
151 1121 346 1160 décembre
366 1128 398 1160 et
423 1122 474 1161 les
491 1122 575 1172 cinq
595 1122 696 1173 jours
714 1122 894 1161 suivants.

267 1345 667 1411 LETTRES
715 1345 1371 1411 AUTOGRAPHES

552 1479 588 1504 A
615 1481 765 1506 PRIX
794 1471 1076 1510 MARQUÉS

215 1572 275 1608 En
337 1576 453 1608 vente
503 1573 594 1609 chez
646 1573 826 1609 Gabriel
875 1572 1180 1607 GHARAVAY
1194 1598 1201 1613 ,
1250 1575 1413 1617 expert,

487 1662 557 1687 rue
583 1650 1068 1692 Saint-André-des-Arts,
1094 1653 1149 1691 60,

646 1735 881 1766 Précédemment
897 1742 929 1765 n°
946 1734 994 1764 30.

139 1860 149 1893 1
178 1858 441 1901 Aguesseau
461 1856 586 1900 (H.-F.
609 1856 670 1900 d’),
692 1856 850 1891 illustre
872 1855 1100 1890 chancelier
1124 1854 1170 1890 de
1195 1854 1358 1890 France.
1380 1875 1422 1881 —
1442 1855 1484 1891 L.
1505 1867 1551 1899 s.,

182 1904 279 1943 1740,
304 1904 313 1936 1
338 1912 375 1947 p.
396 1900 488 1937 in-f.
1469 1902 1480 1935 1
1532 1914 1549 1933 »

134 1954 156 1987 2
179 1952 443 1996 Aguesseau
462 1950 817 1996 (H.-Cardin-J.-B.
839 1950 899 1996 d'),
920 1949 1216 1995 philanthrope,
1237 1949 1283 1984 de
1310 1950 1456 1985 l’Acad.
1489 1951 1553 1994 fr.,

181 1996 368 2041 petit-fils
389 1996 440 2030 du
462 1995 702 2038 chancelier,
725 1996 771 2030 né
791 1996 813 2030 à
832 1996 1000 2031 Fresnes
1014 1994 1503 2040 (Seine-et-Marne).—L.
1519 2007 1553 2031 a.

181 2051 231 2082 s.;
253 2040 436 2083 Fresnes,
460 2043 557 2083 1822,
581 2042 592 2074 1
616 2050 652 2085 p.
675 2040 770 2075 in-4.
1467 2042 1488 2076 3
1535 2053 1552 2072 »

137 2095 159 2127 3
181 2091 470 2140 Aigrefeuille
507 2090 555 2134 (le
593 2090 769 2135 marquis
807 2090 867 2135 d'),
905 2090 1065 2124 fameux
1099 2090 1365 2134 gastronome,
1408 2091 1554 2135 auquel

183 2135 346 2170 Grimod
368 2136 415 2170 de
436 2136 476 2170 la
493 2134 695 2179 Reynière
715 2134 832 2169 dédia
850 2135 919 2170 son
938 2135 1125 2169 Almanach
1143 2135 1198 2168 des
1217 2135 1440 2175 Gourmands,
1460 2134 1508 2169 né
1533 2135 1556 2169 à

184 2180 457 2225 Montpellier.
482 2200 525 2205 —
552 2182 595 2215 L.
617 2191 651 2214 a.
681 2190 711 2215 s.
744 2190 792 2214 au
828 2179 948 2214 baron
981 2178 1027 2213 de
1058 2178 1261 2222 Gerando;
1293 2179 1422 2222 Paris,
1458 2182 1554 2221 1806,

187 2227 197 2260 1
211 2227 248 2268 /2
266 2235 302 2270 p.
324 2224 421 2260 in-4.
1468 2226 1489 2259 3
1537 2236 1553 2255 »

140 2277 160 2310 4
184 2275 410 2320 Aiguillon
429 2274 630 2320 (Armand,
653 2274 728 2309 duc
748 2274 807 2318 d’),
837 2274 997 2308 fameux
1028 2272 1211 2308 ministre
1243 2272 1289 2308 de
1320 2273 1440 2309 Louis
1471 2273 1556 2316 XV,

185 2319 369 2354 créature
391 2320 437 2354 de
459 2320 494 2354 la
518 2320 578 2354 Du
599 2320 739 2364 Barry.
761 2338 801 2344 —
821 2318 864 2353 L.
884 2329 929 2361 s.,
953 2320 1050 2360 1763,
1075 2320 1085 2352 1
1110 2328 1146 2363 p.
1168 2318 1256 2353 in-f.
1475 2320 1487 2352 1
1515 2320 1558 2353 50

139 2372 161 2406 5
184 2370 424 2414 Allamand
444 2369 737 2414 (J.-Nic.-Séb.),
751 2370 890 2404 savant
903 2368 1142 2403 naturaliste
1157 2370 1197 2403 et
1211 2367 1417 2413 physicien
1432 2368 1557 2403 suisse

186 2414 253 2449 ui
291 2415 481 2460 expliqua
511 2414 547 2449 le
580 2414 754 2466 premier
785 2413 821 2448 le
853 2413 1096 2458 phénomène
1127 2412 1174 2447 de
1207 2417 1245 2447 la
1278 2412 1471 2448 bouteille
1509 2412 1555 2447 de

185 2458 329 2504 ieyde.
350 2480 392 2485 —
411 2458 455 2495 L.
477 2470 511 2494 a.
533 2470 562 2494 s.
585 2470 605 2493 a
625 2459 677 2494 M.
700 2458 851 2501 Grand;
873 2457 1018 2502 Leyde,
1043 2459 1139 2500 1777,
1159 2460 1181 2492 2
1199 2468 1234 2502 p.
1256 2457 1351 2492 in-4,
1472 2459 1492 2491 4
1540 2469 1556 2488 »

143 2509 164 2545 6
189 2510 353 2552 Allioni
373 2509 526 2553 (Carlo),
549 2508 673 2554 grand
695 2507 892 2543 botaniste
913 2507 1162 2554 piémontais,
1185 2507 1262 2542 ami
1292 2506 1337 2541 de
1365 2506 1491 2542 Linné
1519 2508 1559 2541 et

188 2554 235 2588 de
261 2554 412 2590 Haller.
433 2574 475 2580 —
500 2554 543 2589 L.
574 2565 607 2589 a.
638 2564 683 2597 s.,
715 2564 764 2591 en
793 2552 977 2601 français,
1007 2552 1029 2587 à
1055 2552 1094 2587 M
1099 2559 1136 2574 me
1155 2551 1338 2594 Tilliard,
1371 2551 1557 2588 libraire:

186 2599 327 2642 Turin,
350 2601 447 2642 1788,
470 2602 481 2634 1
507 2609 543 2644 p.
565 2599 656 2634 in-4.
677 2601 774 2634 Rare.
1470 2597 1492 2631 5
1539 2609 1555 2627 »

231 2645 361 2677 Relative
373 2646 389 2675 il
406 2645 432 2675 la
448 2644 546 2675 Flora
563 2644 806 2683 pedemontaua,
826 2651 878 2674 son
899 2642 1040 2682 principal
1058 2650 1195 2681 ouvrage.
