<?xml version="1.0" encoding="UTF-8" standalone="yes"?>
<PcGts xmlns="http://schema.primaresearch.org/PAGE/gts/pagecontent/2013-07-15" xmlns:xsi="http://www.w3.org/2001/XMLSchema-instance" xsi:schemaLocation="http://schema.primaresearch.org/PAGE/gts/pagecontent/2013-07-15 http://schema.primaresearch.org/PAGE/gts/pagecontent/2013-07-15/pagecontent.xsd">
    <Metadata>
        <Creator></Creator>
        <Created>2018-04-27T11:50:21.199+02:00</Created>
        <LastChange>2018-09-28T18:32:59.873+02:00</LastChange>
        <Comments>
                Measurement unit: pixel
                PrimaryLanguage: English
                Language: FrenchStandard
                Producer: ABBYY FineReader Engine 11</Comments>
        <TranskribusMetadata docId="164153" pageId="6045707" pageNr="51" tsid="10277800" status="DONE" userId="10612" imgUrl="https://files.transkribus.eu/Get?id=NOJNJHAFRGFVQTYZYIVIXFMS&amp;fileType=view" xmlUrl="https://files.transkribus.eu/Get?id=MLJKDIEDCFYNCORWFZPFWUIW" imageId="1316109"/>
    </Metadata>
    <Page imageFilename="2-REV DES AUTO 1868-69 OCR-51.png" imageWidth="1793" imageHeight="3007">
        <PrintSpace>
            <Coords points="127,191 1627,191 1627,2730 127,2730"/>
        </PrintSpace>
        <ReadingOrder>
            <OrderedGroup id="ro_1604139613077" caption="Regions reading order">
                <RegionRefIndexed index="0" regionRef="r_1_1"/>
                <RegionRefIndexed index="1" regionRef="r_2_1"/>
                <RegionRefIndexed index="2" regionRef="r_2_2"/>
                <RegionRefIndexed index="3" regionRef="r_2_3"/>
                <RegionRefIndexed index="4" regionRef="r_2_4"/>
                <RegionRefIndexed index="5" regionRef="r_2_5"/>
                <RegionRefIndexed index="6" regionRef="r_2_6"/>
                <RegionRefIndexed index="7" regionRef="r_2_7"/>
                <RegionRefIndexed index="8" regionRef="r_2_8"/>
                <RegionRefIndexed index="9" regionRef="r_2_9"/>
                <RegionRefIndexed index="10" regionRef="r_2_10"/>
                <RegionRefIndexed index="11" regionRef="r_2_11"/>
                <RegionRefIndexed index="12" regionRef="r_2_12"/>
                <RegionRefIndexed index="13" regionRef="r_2_13"/>
                <RegionRefIndexed index="14" regionRef="r_2_14"/>
                <RegionRefIndexed index="15" regionRef="r_2_15"/>
                <RegionRefIndexed index="16" regionRef="r_2_16"/>
                <RegionRefIndexed index="17" regionRef="r_2_17"/>
                <RegionRefIndexed index="18" regionRef="r_2_18"/>
                <RegionRefIndexed index="19" regionRef="r_2_19"/>
                <RegionRefIndexed index="20" regionRef="r_2_20"/>
                <RegionRefIndexed index="21" regionRef="r_2_21"/>
                <RegionRefIndexed index="22" regionRef="r_2_22"/>
                <RegionRefIndexed index="23" regionRef="r_2_23"/>
                <RegionRefIndexed index="24" regionRef="r_2_24"/>
                <RegionRefIndexed index="25" regionRef="r_2_25"/>
                <RegionRefIndexed index="26" regionRef="r_2_26"/>
                <RegionRefIndexed index="27" regionRef="r_2_27"/>
                <RegionRefIndexed index="28" regionRef="r_2_28"/>
            </OrderedGroup>
        </ReadingOrder>
        <TextRegion type="paragraph" id="r_1_1" custom="readingOrder {index:0;}">
            <Coords points="756,192 952,192 952,232 756,232"/>
            <TextLine id="tl_1" primaryLanguage="English" custom="readingOrder {index:0;}">
                <Coords points="757,193 951,193 951,231 757,231"/>
                <Baseline points="757,231 951,231"/>
                <Word id="w_w1aab1b1b2b1b1ab1" language="English" custom="readingOrder {index:0;}">
                    <Coords points="757,194 804,194 804,231 757,231"/>
                    <TextEquiv>
                        <Unicode>—</Unicode>
                    </TextEquiv>
                    <TextStyle fontFamily="Times New Roman" fontSize="10.0"/>
                </Word>
                <Word id="w_w1aab1b1b2b1b1b1b1" language="English" custom="readingOrder {index:1;}">
                    <Coords points="836,193 874,193 874,231 836,231"/>
                    <TextEquiv>
                        <Unicode>11</Unicode>
                    </TextEquiv>
                    <TextStyle fontFamily="Times New Roman" fontSize="10.0" bold="true"/>
                </Word>
                <Word id="w_w1aab1b1b2b1b1b2b3" language="English" custom="readingOrder {index:2;}">
                    <Coords points="908,215 951,215 951,221 908,221"/>
                    <TextEquiv>
                        <Unicode>-</Unicode>
                    </TextEquiv>
                    <TextStyle fontFamily="Times New Roman" fontSize="10.0"/>
                </Word>
                <TextEquiv>
                    <Unicode>- 11 -</Unicode>
                </TextEquiv>
            </TextLine>
            <TextEquiv>
                <Unicode>- 11 -</Unicode>
            </TextEquiv>
        </TextRegion>
        <TextRegion type="paragraph" id="r_2_1" custom="readingOrder {index:1;}">
            <Coords points="127,289 1587,289 1587,341 127,341"/>
            <TextLine id="tl_2" primaryLanguage="English" custom="readingOrder {index:0;}">
                <Coords points="128,290 1586,290 1586,340 128,340"/>
                <Baseline points="128,327 1586,327"/>
                <Word id="w_w1aab1b3b2b1b1ab1" language="English" custom="readingOrder {index:0;}">
                    <Coords points="128,291 215,291 215,325 128,325"/>
                    <TextEquiv>
                        <Unicode>4150</Unicode>
                    </TextEquiv>
                    <TextStyle fontFamily="Times New Roman" fontSize="9.5"/>
                </Word>
                <Word id="w_w1aab1b3b2b1b1b1b1" language="English" custom="readingOrder {index:1;}">
                    <Coords points="240,291 493,291 493,335 240,335"/>
                    <TextEquiv>
                        <Unicode>Calamatta</Unicode>
                    </TextEquiv>
                    <TextStyle fontFamily="Times New Roman" fontSize="9.0" bold="true"/>
                </Word>
                <Word id="w_w1aab1b3b2b1b1b2b1" language="English" custom="readingOrder {index:2;}">
                    <Coords points="512,290 669,290 669,336 512,336"/>
                    <TextEquiv>
                        <Unicode>(Luigi),</Unicode>
                    </TextEquiv>
                    <TextStyle fontFamily="Times New Roman" fontSize="9.5"/>
                </Word>
                <Word id="w_w1aab1b3b2b1b1b2c19" language="English" custom="readingOrder {index:3;}">
                    <Coords points="691,301 867,301 867,340 691,340"/>
                    <TextEquiv>
                        <Unicode>graveur</Unicode>
                    </TextEquiv>
                    <TextStyle fontFamily="Times New Roman" fontSize="9.5"/>
                </Word>
                <Word id="w_w1aab1b3b2b1b1b2c35" language="English" custom="readingOrder {index:4;}">
                    <Coords points="888,291 1043,291 1043,331 888,331"/>
                    <TextEquiv>
                        <Unicode>italien,</Unicode>
                    </TextEquiv>
                    <TextStyle fontFamily="Times New Roman" fontSize="9.5"/>
                </Word>
                <Word id="w_w1aab1b3b2b1b1b2c53" language="English" custom="readingOrder {index:5;}">
                    <Coords points="1065,293 1219,293 1219,328 1065,328"/>
                    <TextEquiv>
                        <Unicode>célèbre</Unicode>
                    </TextEquiv>
                    <TextStyle fontFamily="Times New Roman" fontSize="9.5"/>
                </Word>
                <Word id="w_w1aab1b3b2b1b1b2c69" language="English" custom="readingOrder {index:6;}">
                    <Coords points="1240,304 1311,304 1311,338 1240,338"/>
                    <TextEquiv>
                        <Unicode>par</Unicode>
                    </TextEquiv>
                    <TextStyle fontFamily="Times New Roman" fontSize="9.5"/>
                </Word>
                <Word id="w_w1aab1b3b2b1b1b2c77" language="English" custom="readingOrder {index:7;}">
                    <Coords points="1330,295 1368,295 1368,330 1330,330"/>
                    <TextEquiv>
                        <Unicode>la</Unicode>
                    </TextEquiv>
                    <TextStyle fontFamily="Times New Roman" fontSize="9.5"/>
                </Word>
                <Word id="w_w1aab1b3b2b1b1b2c83" language="English" custom="readingOrder {index:8;}">
                    <Coords points="1385,296 1525,296 1525,331 1385,331"/>
                    <TextEquiv>
                        <Unicode>finesse</Unicode>
                    </TextEquiv>
                    <TextStyle fontFamily="Times New Roman" fontSize="9.5"/>
                </Word>
                <Word id="w_w1aab1b3b2b1b1b2c99" language="English" custom="readingOrder {index:9;}">
                    <Coords points="1545,299 1586,299 1586,332 1545,332"/>
                    <TextEquiv>
                        <Unicode>et</Unicode>
                    </TextEquiv>
                    <TextStyle fontFamily="Times New Roman" fontSize="9.5"/>
                </Word>
                <TextEquiv>
                    <Unicode>4150 Calamatta (Luigi), graveur italien, célèbre par la finesse et</Unicode>
                </TextEquiv>
            </TextLine>
            <TextEquiv>
                <Unicode>4150 Calamatta (Luigi), graveur italien, célèbre par la finesse et</Unicode>
            </TextEquiv>
        </TextRegion>
        <TextRegion type="paragraph" id="r_2_2" custom="readingOrder {index:2;}">
            <Coords points="238,333 1586,333 1586,425 238,425"/>
            <TextLine id="tl_3" primaryLanguage="English" custom="readingOrder {index:0;}">
                <Coords points="239,334 1585,334 1585,382 239,382"/>
                <Baseline points="239,371 1585,371"/>
                <Word id="w_w1aab1b3b2b3b1ab1" language="English" custom="readingOrder {index:0;}">
                    <Coords points="239,334 278,334 278,368 239,368"/>
                    <TextEquiv>
                        <Unicode>la</Unicode>
                    </TextEquiv>
                    <TextStyle fontFamily="Times New Roman" fontSize="9.5"/>
                </Word>
                <Word id="w_w1aab1b3b2b3b1ab7" language="English" custom="readingOrder {index:1;}">
                    <Coords points="298,336 436,336 436,379 298,379"/>
                    <TextEquiv>
                        <Unicode>pureté</Unicode>
                    </TextEquiv>
                    <TextStyle fontFamily="Times New Roman" fontSize="9.5"/>
                </Word>
                <Word id="w_w1aab1b3b2b3b1ac21" language="English" custom="readingOrder {index:2;}">
                    <Coords points="456,335 502,335 502,369 456,369"/>
                    <TextEquiv>
                        <Unicode>de</Unicode>
                    </TextEquiv>
                    <TextStyle fontFamily="Times New Roman" fontSize="9.5"/>
                </Word>
                <Word id="w_w1aab1b3b2b3b1ac27" language="English" custom="readingOrder {index:3;}">
                    <Coords points="529,345 598,345 598,370 529,370"/>
                    <TextEquiv>
                        <Unicode>son</Unicode>
                    </TextEquiv>
                    <TextStyle fontFamily="Times New Roman" fontSize="9.5"/>
                </Word>
                <Word id="w_w1aab1b3b2b3b1ac35" language="English" custom="readingOrder {index:4;}">
                    <Coords points="626,335 759,335 759,369 626,369"/>
                    <TextEquiv>
                        <Unicode>burin.</Unicode>
                    </TextEquiv>
                    <TextStyle fontFamily="Times New Roman" fontSize="9.5"/>
                </Word>
                <Word id="w_w1aab1b3b2b3b1ac49" language="English" custom="readingOrder {index:5;}">
                    <Coords points="779,353 816,353 816,359 779,359"/>
                    <TextEquiv>
                        <Unicode>—</Unicode>
                    </TextEquiv>
                    <TextStyle fontFamily="Times New Roman" fontSize="9.5"/>
                </Word>
                <Word id="w_w1aab1b3b2b3b1ac53" language="English" custom="readingOrder {index:6;}">
                    <Coords points="836,335 879,335 879,370 836,370"/>
                    <TextEquiv>
                        <Unicode>L.</Unicode>
                    </TextEquiv>
                    <TextStyle fontFamily="Times New Roman" fontSize="9.5"/>
                </Word>
                <Word id="w_w1aab1b3b2b3b1ac59" language="English" custom="readingOrder {index:7;}">
                    <Coords points="902,347 936,347 936,371 902,371"/>
                    <TextEquiv>
                        <Unicode>a.</Unicode>
                    </TextEquiv>
                    <TextStyle fontFamily="Times New Roman" fontSize="9.5"/>
                </Word>
                <Word id="w_w1aab1b3b2b3b1ac65" language="English" custom="readingOrder {index:8;}">
                    <Coords points="958,347 1003,347 1003,379 958,379"/>
                    <TextEquiv>
                        <Unicode>s.,</Unicode>
                    </TextEquiv>
                    <TextStyle fontFamily="Times New Roman" fontSize="9.5"/>
                </Word>
                <Word id="w_w1aab1b3b2b3b1ac73" language="English" custom="readingOrder {index:9;}">
                    <Coords points="1025,347 1072,347 1072,371 1025,371"/>
                    <TextEquiv>
                        <Unicode>en</Unicode>
                    </TextEquiv>
                    <TextStyle fontFamily="Times New Roman" fontSize="9.5"/>
                </Word>
                <Word id="w_w1aab1b3b2b3b1ac79" language="English" custom="readingOrder {index:10;}">
                    <Coords points="1094,337 1254,337 1254,381 1094,381"/>
                    <TextEquiv>
                        <Unicode>italien;</Unicode>
                    </TextEquiv>
                    <TextStyle fontFamily="Times New Roman" fontSize="9.5"/>
                </Word>
                <Word id="w_w1aab1b3b2b3b1ac97" language="English" custom="readingOrder {index:11;}">
                    <Coords points="1277,338 1413,338 1413,382 1277,382"/>
                    <TextEquiv>
                        <Unicode>Milan,</Unicode>
                    </TextEquiv>
                    <TextStyle fontFamily="Times New Roman" fontSize="9.5"/>
                </Word>
                <Word id="w_w1aab1b3b2b3b1ad111" language="English" custom="readingOrder {index:12;}">
                    <Coords points="1439,343 1477,343 1477,375 1439,375"/>
                    <TextEquiv>
                        <Unicode>19</Unicode>
                    </TextEquiv>
                    <TextStyle fontFamily="Times New Roman" fontSize="9.5"/>
                </Word>
                <Word id="w_w1aab1b3b2b3b1ad117" language="English" custom="readingOrder {index:13;}">
                    <Coords points="1496,351 1585,351 1585,376 1496,376"/>
                    <TextEquiv>
                        <Unicode>nov.</Unicode>
                    </TextEquiv>
                    <TextStyle fontFamily="Times New Roman" fontSize="9.5"/>
                </Word>
                <TextEquiv>
                    <Unicode>la pureté de son burin. — L. a. s., en italien; Milan, 19 nov.</Unicode>
                </TextEquiv>
                <TextStyle fontFamily="Times New Roman" fontSize="9.5"/>
            </TextLine>
            <TextLine id="tl_4" primaryLanguage="English" custom="readingOrder {index:1;}">
                <Coords points="242,379 1584,379 1584,424 242,424"/>
                <Baseline points="242,413 1584,413"/>
                <Word id="w_w1aab1b3b2b3b3ab1" language="English" custom="readingOrder {index:0;}">
                    <Coords points="242,380 338,380 338,422 242,422"/>
                    <TextEquiv>
                        <Unicode>1864,</Unicode>
                    </TextEquiv>
                    <TextStyle fontFamily="Times New Roman" fontSize="9.5"/>
                </Word>
                <Word id="w_w1aab1b3b2b3b3ac13" language="English" custom="readingOrder {index:1;}">
                    <Coords points="358,382 379,382 379,414 358,414"/>
                    <TextEquiv>
                        <Unicode>2</Unicode>
                    </TextEquiv>
                    <TextStyle fontFamily="Times New Roman" fontSize="9.5"/>
                </Word>
                <Word id="w_w1aab1b3b2b3b3ac17" language="English" custom="readingOrder {index:2;}">
                    <Coords points="398,390 433,390 433,424 398,424"/>
                    <TextEquiv>
                        <Unicode>p.</Unicode>
                    </TextEquiv>
                    <TextStyle fontFamily="Times New Roman" fontSize="9.5"/>
                </Word>
                <Word id="w_w1aab1b3b2b3b3ac23" language="English" custom="readingOrder {index:3;}">
                    <Coords points="456,379 548,379 548,414 456,414"/>
                    <TextEquiv>
                        <Unicode>in-8.</Unicode>
                    </TextEquiv>
                    <TextStyle fontFamily="Times New Roman" fontSize="9.5"/>
                </Word>
                <Word id="w_w1aab1b3b2b3b3b1b1" language="English" custom="readingOrder {index:4;}">
                    <Coords points="569,381 656,381 656,414 569,414"/>
                    <TextEquiv>
                        <Unicode>Belle</Unicode>
                    </TextEquiv>
                    <TextStyle fontFamily="Times New Roman" fontSize="9.5" italic="true"/>
                </Word>
                <Word id="w_w1aab1b3b2b3b3b1c13" language="English" custom="readingOrder {index:5;}">
                    <Coords points="669,381 775,381 775,424 669,424"/>
                    <TextEquiv>
                        <Unicode>pièce.</Unicode>
                    </TextEquiv>
                    <TextStyle fontFamily="Times New Roman" fontSize="9.5" italic="true"/>
                </Word>
                <Word id="w_w1aab1b3b2b3b3b3b1" language="English" custom="readingOrder {index:6;}">
                    <Coords points="1499,387 1521,387 1521,419 1499,419"/>
                    <TextEquiv>
                        <Unicode>5</Unicode>
                    </TextEquiv>
                    <TextStyle fontFamily="Times New Roman" fontSize="9.5"/>
                </Word>
                <Word id="w_w1aab1b3b2b3b3b3b5" language="English" custom="readingOrder {index:7;}">
                    <Coords points="1567,398 1584,398 1584,417 1567,417"/>
                    <TextEquiv>
                        <Unicode>»</Unicode>
                    </TextEquiv>
                    <TextStyle fontFamily="Times New Roman" fontSize="9.5"/>
                </Word>
                <TextEquiv>
                    <Unicode>1864, 2 p. in-8. Belle pièce. 5 »</Unicode>
                </TextEquiv>
            </TextLine>
            <TextEquiv>
                <Unicode>la pureté de son burin. — L. a. s., en italien; Milan, 19 nov.
1864, 2 p. in-8. Belle pièce. 5 »</Unicode>
            </TextEquiv>
        </TextRegion>
        <TextRegion type="paragraph" id="r_2_3" custom="readingOrder {index:3;}">
            <Coords points="282,421 1497,421 1497,467 282,467"/>
            <TextLine id="tl_5" primaryLanguage="English" custom="readingOrder {index:0;}">
                <Coords points="283,422 1496,422 1496,466 283,466"/>
                <Baseline points="283,455 1496,455"/>
                <Word id="w_w1aab1b3b2b5b1ab1" language="English" custom="readingOrder {index:0;}">
                    <Coords points="283,422 413,422 413,454 283,454"/>
                    <TextEquiv>
                        <Unicode>Relative</Unicode>
                    </TextEquiv>
                    <TextStyle fontFamily="Times New Roman" fontSize="7.0"/>
                </Word>
                <Word id="w_w1aab1b3b2b5b1ac19" language="English" custom="readingOrder {index:1;}">
                    <Coords points="429,425 444,425 444,454 429,454"/>
                    <TextEquiv>
                        <Unicode>ii</Unicode>
                    </TextEquiv>
                    <TextStyle fontFamily="Times New Roman" fontSize="7.0"/>
                </Word>
                <Word id="w_w1aab1b3b2b5b1ac25" language="English" custom="readingOrder {index:2;}">
                    <Coords points="458,433 495,433 495,454 458,454"/>
                    <TextEquiv>
                        <Unicode>un</Unicode>
                    </TextEquiv>
                    <TextStyle fontFamily="Times New Roman" fontSize="7.0"/>
                </Word>
                <Word id="w_w1aab1b3b2b5b1ac31" language="English" custom="readingOrder {index:3;}">
                    <Coords points="513,424 641,424 641,462 513,462"/>
                    <TextEquiv>
                        <Unicode>échange</Unicode>
                    </TextEquiv>
                    <TextStyle fontFamily="Times New Roman" fontSize="7.0"/>
                </Word>
                <Word id="w_w1aab1b3b2b5b1ac47" language="English" custom="readingOrder {index:4;}">
                    <Coords points="656,425 691,425 691,455 656,455"/>
                    <TextEquiv>
                        <Unicode>de</Unicode>
                    </TextEquiv>
                    <TextStyle fontFamily="Times New Roman" fontSize="7.0"/>
                </Word>
                <Word id="w_w1aab1b3b2b5b1ac53" language="English" custom="readingOrder {index:5;}">
                    <Coords points="706,432 755,432 755,455 706,455"/>
                    <TextEquiv>
                        <Unicode>ses</Unicode>
                    </TextEquiv>
                    <TextStyle fontFamily="Times New Roman" fontSize="7.0"/>
                </Word>
                <Word id="w_w1aab1b3b2b5b1ac61" language="English" custom="readingOrder {index:6;}">
                    <Coords points="770,432 912,432 912,461 770,461"/>
                    <TextEquiv>
                        <Unicode>gravures</Unicode>
                    </TextEquiv>
                    <TextStyle fontFamily="Times New Roman" fontSize="7.0"/>
                </Word>
                <Word id="w_w1aab1b3b2b5b1ac79" language="English" custom="readingOrder {index:7;}">
                    <Coords points="927,429 1027,429 1027,455 927,455"/>
                    <TextEquiv>
                        <Unicode>contre</Unicode>
                    </TextEquiv>
                    <TextStyle fontFamily="Times New Roman" fontSize="7.0"/>
                </Word>
                <Word id="w_w1aab1b3b2b5b1ac93" language="English" custom="readingOrder {index:8;}">
                    <Coords points="1045,433 1082,433 1082,456 1045,456"/>
                    <TextEquiv>
                        <Unicode>un</Unicode>
                    </TextEquiv>
                    <TextStyle fontFamily="Times New Roman" fontSize="7.0"/>
                </Word>
                <Word id="w_w1aab1b3b2b5b1ac99" language="English" custom="readingOrder {index:9;}">
                    <Coords points="1098,426 1210,426 1210,457 1098,457"/>
                    <TextEquiv>
                        <Unicode>tableau</Unicode>
                    </TextEquiv>
                    <TextStyle fontFamily="Times New Roman" fontSize="7.0"/>
                </Word>
                <Word id="w_w1aab1b3b2b5b1ad115" language="English" custom="readingOrder {index:10;}">
                    <Coords points="1230,430 1258,430 1258,457 1230,457"/>
                    <TextEquiv>
                        <Unicode>et</Unicode>
                    </TextEquiv>
                    <TextStyle fontFamily="Times New Roman" fontSize="7.0"/>
                </Word>
                <Word id="w_w1aab1b3b2b5b1ad121" language="English" custom="readingOrder {index:11;}">
                    <Coords points="1272,427 1324,427 1324,457 1272,457"/>
                    <TextEquiv>
                        <Unicode>des</Unicode>
                    </TextEquiv>
                    <TextStyle fontFamily="Times New Roman" fontSize="7.0"/>
                </Word>
                <Word id="w_w1aab1b3b2b5b1ad129" language="English" custom="readingOrder {index:12;}">
                    <Coords points="1341,430 1496,430 1496,466 1341,466"/>
                    <TextEquiv>
                        <Unicode>estampes.</Unicode>
                    </TextEquiv>
                    <TextStyle fontFamily="Times New Roman" fontSize="7.0"/>
                </Word>
                <TextEquiv>
                    <Unicode>Relative à un échange de ses gravures contre un tableau et des estampes.</Unicode>
                </TextEquiv>
                <TextStyle fontFamily="Times New Roman" fontSize="7.0"/>
            </TextLine>
            <TextEquiv>
                <Unicode>Relative à un échange de ses gravures contre un tableau et des estampes.</Unicode>
            </TextEquiv>
        </TextRegion>
        <TextRegion type="paragraph" id="r_2_4" custom="readingOrder {index:4;}">
            <Coords points="127,466 1588,466 1588,513 127,513"/>
            <TextLine id="tl_6" primaryLanguage="English" custom="readingOrder {index:0;}">
                <Coords points="128,467 1587,467 1587,512 128,512"/>
                <Baseline points="128,504 1587,504"/>
                <Word id="w_w1aab1b3b2b7b1ab1" language="English" custom="readingOrder {index:0;}">
                    <Coords points="128,467 210,467 210,501 128,501"/>
                    <TextEquiv>
                        <Unicode>4151</Unicode>
                    </TextEquiv>
                    <TextStyle fontFamily="Times New Roman" fontSize="9.5"/>
                </Word>
                <Word id="w_w1aab1b3b2b7b1b1b1" language="English" custom="readingOrder {index:1;}">
                    <Coords points="240,467 440,467 440,511 240,511"/>
                    <TextEquiv>
                        <Unicode>Campan</Unicode>
                    </TextEquiv>
                    <TextStyle fontFamily="Times New Roman" fontSize="9.0" bold="true"/>
                </Word>
                <Word id="w_w1aab1b3b2b7b1b2b1" language="English" custom="readingOrder {index:2;}">
                    <Coords points="459,468 509,468 509,511 459,511"/>
                    <TextEquiv>
                        <Unicode>(M</Unicode>
                    </TextEquiv>
                    <TextStyle fontFamily="Times New Roman" fontSize="9.5"/>
                </Word>
                <Word id="w_w1aab1b3b2b7b1b3b1" language="English" custom="readingOrder {index:3;}">
                    <Coords points="514,474 551,474 551,490 514,490"/>
                    <TextEquiv>
                        <Unicode>m0</Unicode>
                    </TextEquiv>
                    <TextStyle fontFamily="Times New Roman" fontSize="9.5" superscript="true"/>
                </Word>
                <Word id="w_w1aab1b3b2b7b1b4b1" language="English" custom="readingOrder {index:4;}">
                    <Coords points="554,469 577,469 577,512 554,512"/>
                    <TextEquiv>
                        <Unicode>),</Unicode>
                    </TextEquiv>
                    <TextStyle fontFamily="Times New Roman" fontSize="9.5"/>
                </Word>
                <Word id="w_w1aab1b3b2b7b1b4b7" language="English" custom="readingOrder {index:5;}">
                    <Coords points="600,467 745,467 745,503 600,503"/>
                    <TextEquiv>
                        <Unicode>auteur</Unicode>
                    </TextEquiv>
                    <TextStyle fontFamily="Times New Roman" fontSize="9.5"/>
                </Word>
                <Word id="w_w1aab1b3b2b7b1b4c21" language="English" custom="readingOrder {index:6;}">
                    <Coords points="765,467 812,467 812,502 765,502"/>
                    <TextEquiv>
                        <Unicode>de</Unicode>
                    </TextEquiv>
                    <TextStyle fontFamily="Times New Roman" fontSize="9.5"/>
                </Word>
                <Word id="w_w1aab1b3b2b7b1b5b1" language="English" custom="readingOrder {index:7;}">
                    <Coords points="831,470 1000,470 1000,504 831,504"/>
                    <TextEquiv>
                        <Unicode>Mémoires</Unicode>
                    </TextEquiv>
                    <TextStyle fontFamily="Times New Roman" fontSize="9.5" italic="true"/>
                </Word>
                <Word id="w_w1aab1b3b2b7b1b5c19" language="English" custom="readingOrder {index:8;}">
                    <Coords points="1019,480 1075,480 1075,503 1019,503"/>
                    <TextEquiv>
                        <Unicode>sur</Unicode>
                    </TextEquiv>
                    <TextStyle fontFamily="Times New Roman" fontSize="9.5" italic="true"/>
                </Word>
                <Word id="w_w1aab1b3b2b7b1b5c27" language="English" custom="readingOrder {index:9;}">
                    <Coords points="1092,471 1421,471 1421,507 1092,507"/>
                    <TextEquiv>
                        <Unicode>Marie-Antoinette.</Unicode>
                    </TextEquiv>
                    <TextStyle fontFamily="Times New Roman" fontSize="9.5" italic="true"/>
                </Word>
                <Word id="w_w1aab1b3b2b7b1b7b1" language="English" custom="readingOrder {index:10;}">
                    <Coords points="1438,489 1473,489 1473,495 1438,495"/>
                    <TextEquiv>
                        <Unicode>—</Unicode>
                    </TextEquiv>
                    <TextStyle fontFamily="Times New Roman" fontSize="9.5"/>
                </Word>
                <Word id="w_w1aab1b3b2b7b1b7b5" language="English" custom="readingOrder {index:11;}">
                    <Coords points="1488,472 1531,472 1531,507 1488,507"/>
                    <TextEquiv>
                        <Unicode>L.</Unicode>
                    </TextEquiv>
                    <TextStyle fontFamily="Times New Roman" fontSize="9.5"/>
                </Word>
                <Word id="w_w1aab1b3b2b7b1b7c11" language="English" custom="readingOrder {index:12;}">
                    <Coords points="1552,484 1587,484 1587,507 1552,507"/>
                    <TextEquiv>
                        <Unicode>a.</Unicode>
                    </TextEquiv>
                    <TextStyle fontFamily="Times New Roman" fontSize="9.5"/>
                </Word>
                <TextEquiv>
                    <Unicode>4151 Campan (Mme), auteur de Mémoires sur Marie-Antoinette. — L. a.</Unicode>
                </TextEquiv>
            </TextLine>
            <TextEquiv>
                <Unicode>4151 Campan (Mme), auteur de Mémoires sur Marie-Antoinette. — L. a.</Unicode>
            </TextEquiv>
        </TextRegion>
        <TextRegion type="paragraph" id="r_2_5" custom="readingOrder {index:5;}">
            <Coords points="238,510 1586,510 1586,559 238,559"/>
            <TextLine id="tl_7" primaryLanguage="English" custom="readingOrder {index:0;}">
                <Coords points="239,511 1585,511 1585,558 239,558"/>
                <Baseline points="239,547 1585,547"/>
                <Word id="w_w1aab1b3b2b9b1ab1" language="English" custom="readingOrder {index:0;}">
                    <Coords points="239,521 269,521 269,545 239,545"/>
                    <TextEquiv>
                        <Unicode>s.</Unicode>
                    </TextEquiv>
                    <TextStyle fontFamily="Times New Roman" fontSize="9.5"/>
                </Word>
                <Word id="w_w1aab1b3b2b9b1ab7" language="English" custom="readingOrder {index:1;}">
                    <Coords points="284,523 292,523 292,555 284,555"/>
                    <TextEquiv>
                        <Unicode>;</Unicode>
                    </TextEquiv>
                    <TextStyle fontFamily="Times New Roman" fontSize="9.5"/>
                </Word>
                <Word id="w_w1aab1b3b2b9b1ac11" language="English" custom="readingOrder {index:2;}">
                    <Coords points="315,511 486,511 486,554 315,554"/>
                    <TextEquiv>
                        <Unicode>Ecouen,</Unicode>
                    </TextEquiv>
                    <TextStyle fontFamily="Times New Roman" fontSize="9.5"/>
                </Word>
                <Word id="w_w1aab1b3b2b9b1ac27" language="English" custom="readingOrder {index:3;}">
                    <Coords points="511,513 608,513 608,556 511,556"/>
                    <TextEquiv>
                        <Unicode>1810,</Unicode>
                    </TextEquiv>
                    <TextStyle fontFamily="Times New Roman" fontSize="9.5"/>
                </Word>
                <Word id="w_w1aab1b3b2b9b1ac39" language="English" custom="readingOrder {index:4;}">
                    <Coords points="632,515 643,515 643,547 632,547"/>
                    <TextEquiv>
                        <Unicode>1</Unicode>
                    </TextEquiv>
                    <TextStyle fontFamily="Times New Roman" fontSize="9.5"/>
                </Word>
                <Word id="w_w1aab1b3b2b9b1ac43" language="English" custom="readingOrder {index:5;}">
                    <Coords points="668,522 705,522 705,558 668,558"/>
                    <TextEquiv>
                        <Unicode>p.</Unicode>
                    </TextEquiv>
                    <TextStyle fontFamily="Times New Roman" fontSize="9.5"/>
                </Word>
                <Word id="w_w1aab1b3b2b9b1ac49" language="English" custom="readingOrder {index:6;}">
                    <Coords points="727,512 814,512 814,547 727,547"/>
                    <TextEquiv>
                        <Unicode>in-f.</Unicode>
                    </TextEquiv>
                    <TextStyle fontFamily="Times New Roman" fontSize="9.5"/>
                </Word>
                <Word id="w_w1aab1b3b2b9b1ac61" language="English" custom="readingOrder {index:7;}">
                    <Coords points="1501,519 1522,519 1522,551 1501,551"/>
                    <TextEquiv>
                        <Unicode>2</Unicode>
                    </TextEquiv>
                    <TextStyle fontFamily="Times New Roman" fontSize="9.5"/>
                </Word>
                <Word id="w_w1aab1b3b2b9b1ac65" language="English" custom="readingOrder {index:8;}">
                    <Coords points="1568,529 1585,529 1585,549 1568,549"/>
                    <TextEquiv>
                        <Unicode>»</Unicode>
                    </TextEquiv>
                    <TextStyle fontFamily="Times New Roman" fontSize="9.5"/>
                </Word>
                <TextEquiv>
                    <Unicode>s. ; Ecouen, 1810, 1 p. in-f. 2 »</Unicode>
                </TextEquiv>
                <TextStyle fontFamily="Times New Roman" fontSize="9.5"/>
            </TextLine>
            <TextEquiv>
                <Unicode>s. ; Ecouen, 1810, 1 p. in-f. 2 »</Unicode>
            </TextEquiv>
        </TextRegion>
        <TextRegion type="paragraph" id="r_2_6" custom="readingOrder {index:6;}">
            <Coords points="129,566 1589,566 1589,613 129,613"/>
            <TextLine id="tl_8" primaryLanguage="English" custom="readingOrder {index:0;}">
                <Coords points="130,567 1588,567 1588,612 130,612"/>
                <Baseline points="130,603 1588,603"/>
                <Word id="w_w1aab1b3b2c11b1ab1" language="English" custom="readingOrder {index:0;}">
                    <Coords points="130,567 217,567 217,601 130,601"/>
                    <TextEquiv>
                        <Unicode>4152</Unicode>
                    </TextEquiv>
                    <TextStyle fontFamily="Times New Roman" fontSize="9.5"/>
                </Word>
                <Word id="w_w1aab1b3b2c11b1b1b1" language="English" custom="readingOrder {index:1;}">
                    <Coords points="242,567 471,567 471,611 242,611"/>
                    <TextEquiv>
                        <Unicode>Campbell</Unicode>
                    </TextEquiv>
                    <TextStyle fontFamily="Times New Roman" fontSize="9.0" bold="true"/>
                </Word>
                <Word id="w_w1aab1b3b2c11b1b2b1" language="English" custom="readingOrder {index:2;}">
                    <Coords points="486,568 596,568 596,611 486,611"/>
                    <TextEquiv>
                        <Unicode>(Th.),</Unicode>
                    </TextEquiv>
                    <TextStyle fontFamily="Times New Roman" fontSize="9.5"/>
                </Word>
                <Word id="w_w1aab1b3b2c11b1b2c15" language="English" custom="readingOrder {index:3;}">
                    <Coords points="611,567 765,567 765,603 611,603"/>
                    <TextEquiv>
                        <Unicode>célèbre</Unicode>
                    </TextEquiv>
                    <TextStyle fontFamily="Times New Roman" fontSize="9.5"/>
                </Word>
                <Word id="w_w1aab1b3b2c11b1b2c31" language="English" custom="readingOrder {index:4;}">
                    <Coords points="782,567 895,567 895,612 782,612"/>
                    <TextEquiv>
                        <Unicode>poète</Unicode>
                    </TextEquiv>
                    <TextStyle fontFamily="Times New Roman" fontSize="9.5"/>
                </Word>
                <Word id="w_w1aab1b3b2c11b1b2c43" language="English" custom="readingOrder {index:5;}">
                    <Coords points="909,567 1090,567 1090,610 909,610"/>
                    <TextEquiv>
                        <Unicode>écossais,</Unicode>
                    </TextEquiv>
                    <TextStyle fontFamily="Times New Roman" fontSize="9.5"/>
                </Word>
                <Word id="w_w1aab1b3b2c11b1b2c63" language="English" custom="readingOrder {index:6;}">
                    <Coords points="1107,568 1207,568 1207,604 1107,604"/>
                    <TextEquiv>
                        <Unicode>rival</Unicode>
                    </TextEquiv>
                    <TextStyle fontFamily="Times New Roman" fontSize="9.5"/>
                </Word>
                <Word id="w_w1aab1b3b2c11b1b2c75" language="English" custom="readingOrder {index:7;}">
                    <Coords points="1223,568 1268,568 1268,604 1223,604"/>
                    <TextEquiv>
                        <Unicode>de</Unicode>
                    </TextEquiv>
                    <TextStyle fontFamily="Times New Roman" fontSize="9.5"/>
                </Word>
                <Word id="w_w1aab1b3b2c11b1b2c81" language="English" custom="readingOrder {index:8;}">
                    <Coords points="1288,569 1446,569 1446,605 1288,605"/>
                    <TextEquiv>
                        <Unicode>Walter</Unicode>
                    </TextEquiv>
                    <TextStyle fontFamily="Times New Roman" fontSize="9.5"/>
                </Word>
                <Word id="w_w1aab1b3b2c11b1b2c95" language="English" custom="readingOrder {index:9;}">
                    <Coords points="1465,570 1588,570 1588,606 1465,606"/>
                    <TextEquiv>
                        <Unicode>Scott.</Unicode>
                    </TextEquiv>
                    <TextStyle fontFamily="Times New Roman" fontSize="9.5"/>
                </Word>
                <TextEquiv>
                    <Unicode>4152 Campbell (Th.), célèbre poète écossais, rival de Walter Scott.</Unicode>
                </TextEquiv>
            </TextLine>
            <TextEquiv>
                <Unicode>4152 Campbell (Th.), célèbre poète écossais, rival de Walter Scott.</Unicode>
            </TextEquiv>
        </TextRegion>
        <TextRegion type="paragraph" id="r_2_7" custom="readingOrder {index:7;}">
            <Coords points="238,610 1586,610 1586,658 238,658"/>
            <TextLine id="tl_9" primaryLanguage="English" custom="readingOrder {index:0;}">
                <Coords points="239,611 1585,611 1585,657 239,657"/>
                <Baseline points="239,646 1585,646"/>
                <Word id="w_w1aab1b3b2c13b1ab1" language="English" custom="readingOrder {index:0;}">
                    <Coords points="239,632 277,632 277,637 239,637"/>
                    <TextEquiv>
                        <Unicode>—</Unicode>
                    </TextEquiv>
                    <TextStyle fontFamily="Times New Roman" fontSize="9.5"/>
                </Word>
                <Word id="w_w1aab1b3b2c13b1ab5" language="English" custom="readingOrder {index:1;}">
                    <Coords points="296,611 339,611 339,646 296,646"/>
                    <TextEquiv>
                        <Unicode>L.</Unicode>
                    </TextEquiv>
                    <TextStyle fontFamily="Times New Roman" fontSize="9.5"/>
                </Word>
                <Word id="w_w1aab1b3b2c13b1ac11" language="English" custom="readingOrder {index:2;}">
                    <Coords points="360,622 394,622 394,646 360,646"/>
                    <TextEquiv>
                        <Unicode>a.</Unicode>
                    </TextEquiv>
                    <TextStyle fontFamily="Times New Roman" fontSize="9.5"/>
                </Word>
                <Word id="w_w1aab1b3b2c13b1ac17" language="English" custom="readingOrder {index:3;}">
                    <Coords points="415,622 445,622 445,646 415,646"/>
                    <TextEquiv>
                        <Unicode>s.</Unicode>
                    </TextEquiv>
                    <TextStyle fontFamily="Times New Roman" fontSize="9.5"/>
                </Word>
                <Word id="w_w1aab1b3b2c13b1ac23" language="English" custom="readingOrder {index:4;}">
                    <Coords points="467,612 489,612 489,646 467,646"/>
                    <TextEquiv>
                        <Unicode>à</Unicode>
                    </TextEquiv>
                    <TextStyle fontFamily="Times New Roman" fontSize="9.5"/>
                </Word>
                <Word id="w_w1aab1b3b2c13b1ac27" language="English" custom="readingOrder {index:5;}">
                    <Coords points="506,611 542,611 542,647 506,647"/>
                    <TextEquiv>
                        <Unicode>J.</Unicode>
                    </TextEquiv>
                    <TextStyle fontFamily="Times New Roman" fontSize="9.5"/>
                </Word>
                <Word id="w_w1aab1b3b2c13b1ac33" language="English" custom="readingOrder {index:6;}">
                    <Coords points="564,612 779,612 779,654 564,654"/>
                    <TextEquiv>
                        <Unicode>Cochrane,</Unicode>
                    </TextEquiv>
                    <TextStyle fontFamily="Times New Roman" fontSize="9.5"/>
                </Word>
                <Word id="w_w1aab1b3b2c13b1ac53" language="English" custom="readingOrder {index:7;}">
                    <Coords points="804,614 899,614 899,655 804,655"/>
                    <TextEquiv>
                        <Unicode>18'M,</Unicode>
                    </TextEquiv>
                    <TextStyle fontFamily="Times New Roman" fontSize="9.5"/>
                </Word>
                <Word id="w_w1aab1b3b2c13b1ac65" language="English" custom="readingOrder {index:8;}">
                    <Coords points="924,615 934,615 934,646 924,646"/>
                    <TextEquiv>
                        <Unicode>1</Unicode>
                    </TextEquiv>
                    <TextStyle fontFamily="Times New Roman" fontSize="9.5"/>
                </Word>
                <Word id="w_w1aab1b3b2c13b1ac69" language="English" custom="readingOrder {index:9;}">
                    <Coords points="959,622 994,622 994,657 959,657"/>
                    <TextEquiv>
                        <Unicode>p.</Unicode>
                    </TextEquiv>
                    <TextStyle fontFamily="Times New Roman" fontSize="9.5"/>
                </Word>
                <Word id="w_w1aab1b3b2c13b1ac75" language="English" custom="readingOrder {index:10;}">
                    <Coords points="1017,612 1109,612 1109,647 1017,647"/>
                    <TextEquiv>
                        <Unicode>in-8.</Unicode>
                    </TextEquiv>
                    <TextStyle fontFamily="Times New Roman" fontSize="9.5"/>
                </Word>
                <Word id="w_w1aab1b3b2c13b1ac87" language="English" custom="readingOrder {index:11;}">
                    <Coords points="1501,618 1522,618 1522,649 1501,649"/>
                    <TextEquiv>
                        <Unicode>2</Unicode>
                    </TextEquiv>
                    <TextStyle fontFamily="Times New Roman" fontSize="9.5"/>
                </Word>
                <Word id="w_w1aab1b3b2c13b1ac91" language="English" custom="readingOrder {index:12;}">
                    <Coords points="1568,628 1585,628 1585,647 1568,647"/>
                    <TextEquiv>
                        <Unicode>»</Unicode>
                    </TextEquiv>
                    <TextStyle fontFamily="Times New Roman" fontSize="9.5"/>
                </Word>
                <TextEquiv>
                    <Unicode>— L. a. s. à J. Cochrane, 1834, 1 p. in-8. 2 »</Unicode>
                </TextEquiv>
                <TextStyle fontFamily="Times New Roman" fontSize="9.5"/>
            </TextLine>
            <TextEquiv>
                <Unicode>— L. a. s. à J. Cochrane, 1834, 1 p. in-8. 2 »</Unicode>
            </TextEquiv>
        </TextRegion>
        <TextRegion type="paragraph" id="r_2_8" custom="readingOrder {index:8;}">
            <Coords points="129,665 1590,665 1590,712 129,712"/>
            <TextLine id="tl_10" primaryLanguage="English" custom="readingOrder {index:0;}">
                <Coords points="130,666 1589,666 1589,711 130,711"/>
                <Baseline points="130,702 1589,702"/>
                <Word id="w_w1aab1b3b2c15b1ab1" language="English" custom="readingOrder {index:0;}">
                    <Coords points="130,666 218,666 218,701 130,701"/>
                    <TextEquiv>
                        <Unicode>4153</Unicode>
                    </TextEquiv>
                    <TextStyle fontFamily="Times New Roman" fontSize="9.5"/>
                </Word>
                <Word id="w_w1aab1b3b2c15b1b1b1" language="English" custom="readingOrder {index:1;}">
                    <Coords points="242,666 529,666 529,710 242,710"/>
                    <TextEquiv>
                        <Unicode>Gampistron</Unicode>
                    </TextEquiv>
                    <TextStyle fontFamily="Times New Roman" fontSize="9.0" bold="true"/>
                </Word>
                <Word id="w_w1aab1b3b2c15b1b2b1" language="English" custom="readingOrder {index:2;}">
                    <Coords points="548,666 782,666 782,710 548,710"/>
                    <TextEquiv>
                        <Unicode>(J.-Galbert</Unicode>
                    </TextEquiv>
                    <TextStyle fontFamily="Times New Roman" fontSize="9.5"/>
                </Word>
                <Word id="w_w1aab1b3b2c15b1b2c25" language="English" custom="readingOrder {index:3;}">
                    <Coords points="802,666 874,666 874,710 802,710"/>
                    <TextEquiv>
                        <Unicode>de),</Unicode>
                    </TextEquiv>
                    <TextStyle fontFamily="Times New Roman" fontSize="9.5"/>
                </Word>
                <Word id="w_w1aab1b3b2c15b1b2c35" language="English" custom="readingOrder {index:4;}">
                    <Coords points="891,666 1044,666 1044,701 891,701"/>
                    <TextEquiv>
                        <Unicode>célèbre</Unicode>
                    </TextEquiv>
                    <TextStyle fontFamily="Times New Roman" fontSize="9.5"/>
                </Word>
                <Word id="w_w1aab1b3b2c15b1b2c51" language="English" custom="readingOrder {index:5;}">
                    <Coords points="1065,668 1180,668 1180,711 1065,711"/>
                    <TextEquiv>
                        <Unicode>poète</Unicode>
                    </TextEquiv>
                    <TextStyle fontFamily="Times New Roman" fontSize="9.5"/>
                </Word>
                <Word id="w_w1aab1b3b2c15b1b2c63" language="English" custom="readingOrder {index:6;}">
                    <Coords points="1201,668 1382,668 1382,710 1201,710"/>
                    <TextEquiv>
                        <Unicode>dramat.,</Unicode>
                    </TextEquiv>
                    <TextStyle fontFamily="Times New Roman" fontSize="9.5"/>
                </Word>
                <Word id="w_w1aab1b3b2c15b1b2c81" language="English" custom="readingOrder {index:7;}">
                    <Coords points="1397,669 1527,669 1527,703 1397,703"/>
                    <TextEquiv>
                        <Unicode>émule</Unicode>
                    </TextEquiv>
                    <TextStyle fontFamily="Times New Roman" fontSize="9.5"/>
                </Word>
                <Word id="w_w1aab1b3b2c15b1b2c93" language="English" custom="readingOrder {index:8;}">
                    <Coords points="1543,670 1589,670 1589,705 1543,705"/>
                    <TextEquiv>
                        <Unicode>de</Unicode>
                    </TextEquiv>
                    <TextStyle fontFamily="Times New Roman" fontSize="9.5"/>
                </Word>
                <TextEquiv>
                    <Unicode>4153 Campistron (J.-Galbert de), célèbre poète dramat., émule de</Unicode>
                </TextEquiv>
            </TextLine>
            <TextEquiv>
                <Unicode>4153 Campistron (J.-Galbert de), célèbre poète dramat., émule de</Unicode>
            </TextEquiv>
        </TextRegion>
        <TextRegion type="paragraph" id="r_2_9" custom="readingOrder {index:9;}">
            <Coords points="240,709 1592,709 1592,888 240,888"/>
            <TextLine id="tl_11" primaryLanguage="English" custom="readingOrder {index:0;}">
                <Coords points="241,710 1589,710 1589,758 241,758"/>
                <Baseline points="241,745 1589,745"/>
                <Word id="w_w1aab1b3b2c17b1ab1" language="English" custom="readingOrder {index:0;}">
                    <Coords points="241,710 405,710 405,752 241,752"/>
                    <TextEquiv>
                        <Unicode>Racine,</Unicode>
                    </TextEquiv>
                    <TextStyle fontFamily="Times New Roman" fontSize="9.5"/>
                </Word>
                <Word id="w_w1aab1b3b2c17b1ac17" language="English" custom="readingOrder {index:1;}">
                    <Coords points="427,711 474,711 474,745 427,745"/>
                    <TextEquiv>
                        <Unicode>de</Unicode>
                    </TextEquiv>
                    <TextStyle fontFamily="Times New Roman" fontSize="9.5"/>
                </Word>
                <Word id="w_w1aab1b3b2c17b1ac23" language="English" custom="readingOrder {index:2;}">
                    <Coords points="495,711 639,711 639,745 495,745"/>
                    <TextEquiv>
                        <Unicode>i’Acad.</Unicode>
                    </TextEquiv>
                    <TextStyle fontFamily="Times New Roman" fontSize="9.5"/>
                </Word>
                <Word id="w_w1aab1b3b2c17b1ac39" language="English" custom="readingOrder {index:3;}">
                    <Coords points="661,711 800,711 800,753 661,753"/>
                    <TextEquiv>
                        <Unicode>franc.,</Unicode>
                    </TextEquiv>
                    <TextStyle fontFamily="Times New Roman" fontSize="9.5"/>
                </Word>
                <Word id="w_w1aab1b3b2c17b1ac55" language="English" custom="readingOrder {index:4;}">
                    <Coords points="822,712 869,712 869,745 822,745"/>
                    <TextEquiv>
                        <Unicode>né</Unicode>
                    </TextEquiv>
                    <TextStyle fontFamily="Times New Roman" fontSize="9.5"/>
                </Word>
                <Word id="w_w1aab1b3b2c17b1ac61" language="English" custom="readingOrder {index:5;}">
                    <Coords points="890,710 912,710 912,744 890,744"/>
                    <TextEquiv>
                        <Unicode>à</Unicode>
                    </TextEquiv>
                    <TextStyle fontFamily="Times New Roman" fontSize="9.5"/>
                </Word>
                <Word id="w_w1aab1b3b2c17b1ac65" language="English" custom="readingOrder {index:6;}">
                    <Coords points="937,710 1149,710 1149,746 937,746"/>
                    <TextEquiv>
                        <Unicode>Toulouse.</Unicode>
                    </TextEquiv>
                    <TextStyle fontFamily="Times New Roman" fontSize="9.5"/>
                </Word>
                <Word id="w_w1aab1b3b2c17b1ac85" language="English" custom="readingOrder {index:7;}">
                    <Coords points="1170,730 1207,730 1207,737 1170,737"/>
                    <TextEquiv>
                        <Unicode>—</Unicode>
                    </TextEquiv>
                    <TextStyle fontFamily="Times New Roman" fontSize="9.5"/>
                </Word>
                <Word id="w_w1aab1b3b2c17b1ac89" language="English" custom="readingOrder {index:8;}">
                    <Coords points="1227,712 1268,712 1268,746 1227,746"/>
                    <TextEquiv>
                        <Unicode>L.</Unicode>
                    </TextEquiv>
                    <TextStyle fontFamily="Times New Roman" fontSize="9.5"/>
                </Word>
                <Word id="w_w1aab1b3b2c17b1ac95" language="English" custom="readingOrder {index:9;}">
                    <Coords points="1291,723 1340,723 1340,754 1291,754"/>
                    <TextEquiv>
                        <Unicode>a.,</Unicode>
                    </TextEquiv>
                    <TextStyle fontFamily="Times New Roman" fontSize="9.5"/>
                </Word>
                <Word id="w_w1aab1b3b2c17b1ad103" language="English" custom="readingOrder {index:10;}">
                    <Coords points="1361,712 1392,712 1392,747 1361,747"/>
                    <TextEquiv>
                        <Unicode>si</Unicode>
                    </TextEquiv>
                    <TextStyle fontFamily="Times New Roman" fontSize="9.5"/>
                </Word>
                <Word id="w_w1aab1b3b2c17b1ad109" language="English" custom="readingOrder {index:11;}">
                    <Coords points="1399,723 1436,723 1436,758 1399,758"/>
                    <TextEquiv>
                        <Unicode>g.</Unicode>
                    </TextEquiv>
                    <TextStyle fontFamily="Times New Roman" fontSize="9.5"/>
                </Word>
                <Word id="w_w1aab1b3b2c17b1ad115" language="English" custom="readingOrder {index:12;}">
                    <Coords points="1458,724 1530,724 1530,758 1458,758"/>
                    <TextEquiv>
                        <Unicode>par</Unicode>
                    </TextEquiv>
                    <TextStyle fontFamily="Times New Roman" fontSize="9.5"/>
                </Word>
                <Word id="w_w1aab1b3b2c17b1ad123" language="English" custom="readingOrder {index:13;}">
                    <Coords points="1554,714 1589,714 1589,748 1554,748"/>
                    <TextEquiv>
                        <Unicode>le</Unicode>
                    </TextEquiv>
                    <TextStyle fontFamily="Times New Roman" fontSize="9.5"/>
                </Word>
                <TextEquiv>
                    <Unicode>Racine, de i’Acad. franc., né à Toulouse. — L. a., si g. par le</Unicode>
                </TextEquiv>
                <TextStyle fontFamily="Times New Roman" fontSize="9.5"/>
            </TextLine>
            <TextLine id="tl_12" primaryLanguage="English" custom="readingOrder {index:1;}">
                <Coords points="243,754 1591,754 1591,803 243,803"/>
                <Baseline points="243,790 1591,790"/>
                <Word id="w_w1aab1b3b2c17b3ab1" language="English" custom="readingOrder {index:0;}">
                    <Coords points="243,754 319,754 319,788 243,788"/>
                    <TextEquiv>
                        <Unicode>duc</Unicode>
                    </TextEquiv>
                    <TextStyle fontFamily="Times New Roman" fontSize="9.5"/>
                </Word>
                <Word id="w_w1aab1b3b2c17b3ab9" language="English" custom="readingOrder {index:1;}">
                    <Coords points="339,754 385,754 385,789 339,789"/>
                    <TextEquiv>
                        <Unicode>de</Unicode>
                    </TextEquiv>
                    <TextStyle fontFamily="Times New Roman" fontSize="9.5"/>
                </Word>
                <Word id="w_w1aab1b3b2c17b3ac15" language="English" custom="readingOrder {index:2;}">
                    <Coords points="402,755 603,755 603,790 402,790"/>
                    <TextEquiv>
                        <Unicode>Vendôme</Unicode>
                    </TextEquiv>
                    <TextStyle fontFamily="Times New Roman" fontSize="9.5"/>
                </Word>
                <Word id="w_w1aab1b3b2c17b3ac31" language="English" custom="readingOrder {index:3;}">
                    <Coords points="623,755 732,755 732,799 623,799"/>
                    <TextEquiv>
                        <Unicode>(dont</Unicode>
                    </TextEquiv>
                    <TextStyle fontFamily="Times New Roman" fontSize="9.5"/>
                </Word>
                <Word id="w_w1aab1b3b2c17b3ac43" language="English" custom="readingOrder {index:4;}">
                    <Coords points="751,756 781,756 781,792 751,792"/>
                    <TextEquiv>
                        <Unicode>il</Unicode>
                    </TextEquiv>
                    <TextStyle fontFamily="Times New Roman" fontSize="9.5"/>
                </Word>
                <Word id="w_w1aab1b3b2c17b3ac49" language="English" custom="readingOrder {index:5;}">
                    <Coords points="800,754 900,754 900,790 800,790"/>
                    <TextEquiv>
                        <Unicode>était</Unicode>
                    </TextEquiv>
                    <TextStyle fontFamily="Times New Roman" fontSize="9.5"/>
                </Word>
                <Word id="w_w1aab1b3b2c17b3ac61" language="English" custom="readingOrder {index:6;}">
                    <Coords points="918,755 955,755 955,789 918,789"/>
                    <TextEquiv>
                        <Unicode>le</Unicode>
                    </TextEquiv>
                    <TextStyle fontFamily="Times New Roman" fontSize="9.5"/>
                </Word>
                <Word id="w_w1aab1b3b2c17b3ac67" language="English" custom="readingOrder {index:7;}">
                    <Coords points="975,755 1199,755 1199,798 975,798"/>
                    <TextEquiv>
                        <Unicode>secrétaire)</Unicode>
                    </TextEquiv>
                    <TextStyle fontFamily="Times New Roman" fontSize="9.5"/>
                </Word>
                <Word id="w_w1aab1b3b2c17b3ac91" language="English" custom="readingOrder {index:8;}">
                    <Coords points="1221,756 1242,756 1242,790 1221,790"/>
                    <TextEquiv>
                        <Unicode>à</Unicode>
                    </TextEquiv>
                    <TextStyle fontFamily="Times New Roman" fontSize="9.5"/>
                </Word>
                <Word id="w_w1aab1b3b2c17b3ac95" language="English" custom="readingOrder {index:9;}">
                    <Coords points="1261,756 1456,756 1456,800 1261,800"/>
                    <TextEquiv>
                        <Unicode>Danchet;</Unicode>
                    </TextEquiv>
                    <TextStyle fontFamily="Times New Roman" fontSize="9.5"/>
                </Word>
                <Word id="w_w1aab1b3b2c17b3ad113" language="English" custom="readingOrder {index:10;}">
                    <Coords points="1473,758 1591,758 1591,803 1473,803"/>
                    <TextEquiv>
                        <Unicode>Camp</Unicode>
                    </TextEquiv>
                    <TextStyle fontFamily="Times New Roman" fontSize="9.5"/>
                </Word>
                <TextEquiv>
                    <Unicode>duc de Vendôme (dont il était le secrétaire) à Danchet; Camp</Unicode>
                </TextEquiv>
                <TextStyle fontFamily="Times New Roman" fontSize="9.5"/>
            </TextLine>
            <TextLine id="tl_13" primaryLanguage="English" custom="readingOrder {index:2;}">
                <Coords points="242,798 1589,798 1589,844 242,844"/>
                <Baseline points="242,834 1589,834"/>
                <Word id="w_w1aab1b3b2c17b5ab1" language="English" custom="readingOrder {index:0;}">
                    <Coords points="242,798 288,798 288,832 242,832"/>
                    <TextEquiv>
                        <Unicode>de</Unicode>
                    </TextEquiv>
                    <TextStyle fontFamily="Times New Roman" fontSize="9.5"/>
                </Word>
                <Word id="w_w1aab1b3b2c17b5ab7" language="English" custom="readingOrder {index:1;}">
                    <Coords points="317,799 466,799 466,842 317,842"/>
                    <TextEquiv>
                        <Unicode>Rivoli,</Unicode>
                    </TextEquiv>
                    <TextStyle fontFamily="Times New Roman" fontSize="9.5"/>
                </Word>
                <Word id="w_w1aab1b3b2c17b5ac23" language="English" custom="readingOrder {index:2;}">
                    <Coords points="490,802 502,802 502,834 490,834"/>
                    <TextEquiv>
                        <Unicode>1</Unicode>
                    </TextEquiv>
                    <TextStyle fontFamily="Times New Roman" fontSize="9.5"/>
                </Word>
                <Word id="w_w1aab1b3b2c17b5b1b1" language="English" custom="readingOrder {index:3;}">
                    <Coords points="509,806 536,806 536,821 509,821"/>
                    <TextEquiv>
                        <Unicode>er</Unicode>
                    </TextEquiv>
                    <TextStyle fontFamily="Times New Roman" fontSize="9.5" superscript="true"/>
                </Word>
                <Word id="w_w1aab1b3b2c17b5b2b3" language="English" custom="readingOrder {index:4;}">
                    <Coords points="557,798 650,798 650,843 557,843"/>
                    <TextEquiv>
                        <Unicode>juin</Unicode>
                    </TextEquiv>
                    <TextStyle fontFamily="Times New Roman" fontSize="9.5"/>
                </Word>
                <Word id="w_w1aab1b3b2c17b5b2c13" language="English" custom="readingOrder {index:5;}">
                    <Coords points="680,802 776,802 776,843 680,843"/>
                    <TextEquiv>
                        <Unicode>1706,</Unicode>
                    </TextEquiv>
                    <TextStyle fontFamily="Times New Roman" fontSize="9.5"/>
                </Word>
                <Word id="w_w1aab1b3b2c17b5b2c25" language="English" custom="readingOrder {index:6;}">
                    <Coords points="800,802 812,802 812,834 800,834"/>
                    <TextEquiv>
                        <Unicode>1</Unicode>
                    </TextEquiv>
                    <TextStyle fontFamily="Times New Roman" fontSize="9.5"/>
                </Word>
                <Word id="w_w1aab1b3b2c17b5b2c29" language="English" custom="readingOrder {index:7;}">
                    <Coords points="841,809 878,809 878,844 841,844"/>
                    <TextEquiv>
                        <Unicode>p.</Unicode>
                    </TextEquiv>
                    <TextStyle fontFamily="Times New Roman" fontSize="9.5"/>
                </Word>
                <Word id="w_w1aab1b3b2c17b5b2c35" language="English" custom="readingOrder {index:8;}">
                    <Coords points="905,800 983,800 983,844 905,844"/>
                    <TextEquiv>
                        <Unicode>pet.</Unicode>
                    </TextEquiv>
                    <TextStyle fontFamily="Times New Roman" fontSize="9.5"/>
                </Word>
                <Word id="w_w1aab1b3b2c17b5b2c45" language="English" custom="readingOrder {index:9;}">
                    <Coords points="1011,800 1103,800 1103,842 1011,842"/>
                    <TextEquiv>
                        <Unicode>in-4,</Unicode>
                    </TextEquiv>
                    <TextStyle fontFamily="Times New Roman" fontSize="9.5"/>
                </Word>
                <Word id="w_w1aab1b3b2c17b5b2c57" language="English" custom="readingOrder {index:10;}">
                    <Coords points="1124,800 1262,800 1262,835 1124,835"/>
                    <TextEquiv>
                        <Unicode>cachet</Unicode>
                    </TextEquiv>
                    <TextStyle fontFamily="Times New Roman" fontSize="9.5"/>
                </Word>
                <Word id="w_w1aab1b3b2c17b5b2c71" language="English" custom="readingOrder {index:11;}">
                    <Coords points="1287,811 1364,811 1364,835 1287,835"/>
                    <TextEquiv>
                        <Unicode>aux</Unicode>
                    </TextEquiv>
                    <TextStyle fontFamily="Times New Roman" fontSize="9.5"/>
                </Word>
                <Word id="w_w1aab1b3b2c17b5b2c79" language="English" custom="readingOrder {index:12;}">
                    <Coords points="1390,812 1519,812 1519,836 1390,836"/>
                    <TextEquiv>
                        <Unicode>armes</Unicode>
                    </TextEquiv>
                    <TextStyle fontFamily="Times New Roman" fontSize="9.5"/>
                </Word>
                <Word id="w_w1aab1b3b2c17b5b2c91" language="English" custom="readingOrder {index:13;}">
                    <Coords points="1539,802 1589,802 1589,837 1539,837"/>
                    <TextEquiv>
                        <Unicode>du</Unicode>
                    </TextEquiv>
                    <TextStyle fontFamily="Times New Roman" fontSize="9.5"/>
                </Word>
                <TextEquiv>
                    <Unicode>de Rivoli, 1er juin 1706, 1 p. pet. in-4, cachet aux armes du</Unicode>
                </TextEquiv>
            </TextLine>
            <TextLine id="tl_14" primaryLanguage="English" custom="readingOrder {index:3;}">
                <Coords points="244,841 1590,841 1590,887 244,887"/>
                <Baseline points="244,879 1590,879"/>
                <Word id="w_w1aab1b3b2c17b7ab1" language="English" custom="readingOrder {index:0;}">
                    <Coords points="244,841 393,841 393,887 244,887"/>
                    <TextEquiv>
                        <Unicode>prince.</Unicode>
                    </TextEquiv>
                    <TextStyle fontFamily="Times New Roman" fontSize="9.5"/>
                </Word>
                <Word id="w_w1aab1b3b2c17b7ac17" language="English" custom="readingOrder {index:1;}">
                    <Coords points="1505,848 1527,848 1527,880 1505,880"/>
                    <TextEquiv>
                        <Unicode>6</Unicode>
                    </TextEquiv>
                    <TextStyle fontFamily="Times New Roman" fontSize="9.5"/>
                </Word>
                <Word id="w_w1aab1b3b2c17b7ac21" language="English" custom="readingOrder {index:2;}">
                    <Coords points="1573,859 1590,859 1590,879 1573,879"/>
                    <TextEquiv>
                        <Unicode>»</Unicode>
                    </TextEquiv>
                    <TextStyle fontFamily="Times New Roman" fontSize="9.5"/>
                </Word>
                <TextEquiv>
                    <Unicode>prince. 6 »</Unicode>
                </TextEquiv>
                <TextStyle fontFamily="Times New Roman" fontSize="9.5"/>
            </TextLine>
            <TextEquiv>
                <Unicode>Racine, de i’Acad. franc., né à Toulouse. — L. a., si g. par le
duc de Vendôme (dont il était le secrétaire) à Danchet; Camp
de Rivoli, 1er juin 1706, 1 p. pet. in-4, cachet aux armes du
prince. 6 »</Unicode>
            </TextEquiv>
        </TextRegion>
        <TextRegion type="paragraph" id="r_2_10" custom="readingOrder {index:10;}">
            <Coords points="289,887 1381,887 1381,928 289,928"/>
            <TextLine id="tl_15" primaryLanguage="English" custom="readingOrder {index:0;}">
                <Coords points="290,888 1380,888 1380,927 290,927"/>
                <Baseline points="290,919 1380,919"/>
                <Word id="w_w1aab1b3b2c19b1ab1" language="English" custom="readingOrder {index:0;}">
                    <Coords points="290,888 377,888 377,925 290,925"/>
                    <TextEquiv>
                        <Unicode>KIoge</Unicode>
                    </TextEquiv>
                    <TextStyle fontFamily="Times New Roman" fontSize="7.0"/>
                </Word>
                <Word id="w_w1aab1b3b2c19b1ac13" language="English" custom="readingOrder {index:1;}">
                    <Coords points="395,888 431,888 431,918 395,918"/>
                    <TextEquiv>
                        <Unicode>de</Unicode>
                    </TextEquiv>
                    <TextStyle fontFamily="Times New Roman" fontSize="7.0"/>
                </Word>
                <Word id="w_w1aab1b3b2c19b1ac19" language="English" custom="readingOrder {index:2;}">
                    <Coords points="447,888 491,888 491,927 447,927"/>
                    <TextEquiv>
                        <Unicode>C’y</Unicode>
                    </TextEquiv>
                    <TextStyle fontFamily="Times New Roman" fontSize="7.0"/>
                </Word>
                <Word id="w_w1aab1b3b2c19b1ac27" language="English" custom="readingOrder {index:3;}">
                    <Coords points="496,896 565,896 565,924 496,924"/>
                    <TextEquiv>
                        <Unicode>rus,</Unicode>
                    </TextEquiv>
                    <TextStyle fontFamily="Times New Roman" fontSize="7.0"/>
                </Word>
                <Word id="w_w1aab1b3b2c19b1ac37" language="English" custom="readingOrder {index:4;}">
                    <Coords points="584,889 713,889 713,926 584,926"/>
                    <TextEquiv>
                        <Unicode>tragédie</Unicode>
                    </TextEquiv>
                    <TextStyle fontFamily="Times New Roman" fontSize="7.0"/>
                </Word>
                <Word id="w_w1aab1b3b2c19b1ac55" language="English" custom="readingOrder {index:5;}">
                    <Coords points="727,889 762,889 762,919 727,919"/>
                    <TextEquiv>
                        <Unicode>de</Unicode>
                    </TextEquiv>
                    <TextStyle fontFamily="Times New Roman" fontSize="7.0"/>
                </Word>
                <Word id="w_w1aab1b3b2c19b1ac61" language="English" custom="readingOrder {index:6;}">
                    <Coords points="780,888 920,888 920,924 780,924"/>
                    <TextEquiv>
                        <Unicode>Danchet,</Unicode>
                    </TextEquiv>
                    <TextStyle fontFamily="Times New Roman" fontSize="7.0"/>
                </Word>
                <Word id="w_w1aab1b3b2c19b1ac79" language="English" custom="readingOrder {index:7;}">
                    <Coords points="940,897 992,897 992,919 940,919"/>
                    <TextEquiv>
                        <Unicode>son</Unicode>
                    </TextEquiv>
                    <TextStyle fontFamily="Times New Roman" fontSize="7.0"/>
                </Word>
                <Word id="w_w1aab1b3b2c19b1ac87" language="English" custom="readingOrder {index:8;}">
                    <Coords points="1012,889 1146,889 1146,919 1012,919"/>
                    <TextEquiv>
                        <Unicode>confrère</Unicode>
                    </TextEquiv>
                    <TextStyle fontFamily="Times New Roman" fontSize="7.0"/>
                </Word>
                <Word id="w_w1aab1b3b2c19b1ad105" language="English" custom="readingOrder {index:9;}">
                    <Coords points="1165,888 1180,888 1180,918 1165,918"/>
                    <TextEquiv>
                        <Unicode>h</Unicode>
                    </TextEquiv>
                    <TextStyle fontFamily="Times New Roman" fontSize="7.0"/>
                </Word>
                <Word id="w_w1aab1b3b2c19b1ad109" language="English" custom="readingOrder {index:10;}">
                    <Coords points="1195,888 1380,888 1380,921 1195,921"/>
                    <TextEquiv>
                        <Unicode>l’Académie.</Unicode>
                    </TextEquiv>
                    <TextStyle fontFamily="Times New Roman" fontSize="7.0"/>
                </Word>
                <TextEquiv>
                    <Unicode>Eloge de Cyrus, tragédie de Danchet, son confrère à l’Académie.</Unicode>
                </TextEquiv>
                <TextStyle fontFamily="Times New Roman" fontSize="7.0"/>
            </TextLine>
            <TextEquiv>
                <Unicode>Eloge de Cyrus, tragédie de Danchet, son confrère à l’Académie.</Unicode>
            </TextEquiv>
        </TextRegion>
        <TextRegion type="paragraph" id="r_2_11" custom="readingOrder {index:11;}">
            <Coords points="133,931 1595,931 1595,977 133,977"/>
            <TextLine id="tl_16" primaryLanguage="English" custom="readingOrder {index:0;}">
                <Coords points="134,932 1594,932 1594,976 134,976"/>
                <Baseline points="134,966 1594,966"/>
                <Word id="w_w1aab1b3b2c21b1ab1" language="English" custom="readingOrder {index:0;}">
                    <Coords points="134,932 221,932 221,965 134,965"/>
                    <TextEquiv>
                        <Unicode>4154</Unicode>
                    </TextEquiv>
                    <TextStyle fontFamily="Times New Roman" fontSize="9.5"/>
                </Word>
                <Word id="w_w1aab1b3b2c21b1b1b1" language="English" custom="readingOrder {index:1;}">
                    <Coords points="246,932 460,932 460,975 246,975"/>
                    <TextEquiv>
                        <Unicode>Capendu</Unicode>
                    </TextEquiv>
                    <TextStyle fontFamily="Times New Roman" fontSize="9.0" bold="true"/>
                </Word>
                <Word id="w_w1aab1b3b2c21b1b2b1" language="English" custom="readingOrder {index:2;}">
                    <Coords points="490,932 622,932 622,976 490,976"/>
                    <TextEquiv>
                        <Unicode>(Ern.),</Unicode>
                    </TextEquiv>
                    <TextStyle fontFamily="Times New Roman" fontSize="9.5"/>
                </Word>
                <Word id="w_w1aab1b3b2c21b1b2c17" language="English" custom="readingOrder {index:3;}">
                    <Coords points="651,932 876,932 876,967 651,967"/>
                    <TextEquiv>
                        <Unicode>romancier</Unicode>
                    </TextEquiv>
                    <TextStyle fontFamily="Times New Roman" fontSize="9.5"/>
                </Word>
                <Word id="w_w1aab1b3b2c21b1b2c37" language="English" custom="readingOrder {index:4;}">
                    <Coords points="903,933 943,933 943,966 903,966"/>
                    <TextEquiv>
                        <Unicode>et</Unicode>
                    </TextEquiv>
                    <TextStyle fontFamily="Times New Roman" fontSize="9.5"/>
                </Word>
                <Word id="w_w1aab1b3b2c21b1b2c43" language="English" custom="readingOrder {index:5;}">
                    <Coords points="973,934 1118,934 1118,967 973,967"/>
                    <TextEquiv>
                        <Unicode>auteur</Unicode>
                    </TextEquiv>
                    <TextStyle fontFamily="Times New Roman" fontSize="9.5"/>
                </Word>
                <Word id="w_w1aab1b3b2c21b1b2c57" language="English" custom="readingOrder {index:6;}">
                    <Coords points="1145,932 1283,932 1283,974 1145,974"/>
                    <TextEquiv>
                        <Unicode>dram.,</Unicode>
                    </TextEquiv>
                    <TextStyle fontFamily="Times New Roman" fontSize="9.5"/>
                </Word>
                <Word id="w_w1aab1b3b2c21b1b2c71" language="English" custom="readingOrder {index:7;}">
                    <Coords points="1313,935 1471,935 1471,976 1313,976"/>
                    <TextEquiv>
                        <Unicode>auteur,</Unicode>
                    </TextEquiv>
                    <TextStyle fontFamily="Times New Roman" fontSize="9.5"/>
                </Word>
                <Word id="w_w1aab1b3b2c21b1b2c87" language="English" custom="readingOrder {index:8;}">
                    <Coords points="1500,944 1594,944 1594,968 1500,968"/>
                    <TextEquiv>
                        <Unicode>avec</Unicode>
                    </TextEquiv>
                    <TextStyle fontFamily="Times New Roman" fontSize="9.5"/>
                </Word>
                <TextEquiv>
                    <Unicode>4154 Capendu (Ern.), romancier et auteur dram., auteur, avec</Unicode>
                </TextEquiv>
            </TextLine>
            <TextEquiv>
                <Unicode>4154 Capendu (Ern.), romancier et auteur dram., auteur, avec</Unicode>
            </TextEquiv>
        </TextRegion>
        <TextRegion type="paragraph" id="r_2_12" custom="readingOrder {index:12;}">
            <Coords points="242,974 1594,974 1594,1022 242,1022"/>
            <TextLine id="tl_17" primaryLanguage="English" custom="readingOrder {index:0;}">
                <Coords points="243,975 1593,975 1593,1021 243,1021"/>
                <Baseline points="243,1011 1593,1011"/>
                <Word id="w_w1aab1b3b2c23b1ab1" language="English" custom="readingOrder {index:0;}">
                    <Coords points="243,975 442,975 442,1019 243,1019"/>
                    <TextEquiv>
                        <Unicode>Barrière,</Unicode>
                    </TextEquiv>
                    <TextStyle fontFamily="Times New Roman" fontSize="9.5"/>
                </Word>
                <Word id="w_w1aab1b3b2c23b1ac21" language="English" custom="readingOrder {index:1;}">
                    <Coords points="464,976 531,976 531,1011 464,1011"/>
                    <TextEquiv>
                        <Unicode>des</Unicode>
                    </TextEquiv>
                    <TextStyle fontFamily="Times New Roman" fontSize="9.5"/>
                </Word>
                <Word id="w_w1aab1b3b2c23b1b1b1" language="English" custom="readingOrder {index:2;}">
                    <Coords points="551,979 645,979 645,1011 551,1011"/>
                    <TextEquiv>
                        <Unicode>Faux</Unicode>
                    </TextEquiv>
                    <TextStyle fontFamily="Times New Roman" fontSize="9.5" italic="true"/>
                </Word>
                <Word id="w_w1aab1b3b2c23b1b1c11" language="English" custom="readingOrder {index:3;}">
                    <Coords points="662,979 903,979 903,1011 662,1011"/>
                    <TextEquiv>
                        <Unicode>Bonshommes.</Unicode>
                    </TextEquiv>
                    <TextStyle fontFamily="Times New Roman" fontSize="9.5" italic="true"/>
                </Word>
                <Word id="w_w1aab1b3b2c23b1b3b1" language="English" custom="readingOrder {index:4;}">
                    <Coords points="923,993 961,993 961,999 923,999"/>
                    <TextEquiv>
                        <Unicode>—</Unicode>
                    </TextEquiv>
                    <TextStyle fontFamily="Times New Roman" fontSize="9.5"/>
                </Word>
                <Word id="w_w1aab1b3b2c23b1b3b5" language="English" custom="readingOrder {index:5;}">
                    <Coords points="980,977 1023,977 1023,1011 980,1011"/>
                    <TextEquiv>
                        <Unicode>L.</Unicode>
                    </TextEquiv>
                    <TextStyle fontFamily="Times New Roman" fontSize="9.5"/>
                </Word>
                <Word id="w_w1aab1b3b2c23b1b3c11" language="English" custom="readingOrder {index:6;}">
                    <Coords points="1044,987 1078,987 1078,1011 1044,1011"/>
                    <TextEquiv>
                        <Unicode>a.</Unicode>
                    </TextEquiv>
                    <TextStyle fontFamily="Times New Roman" fontSize="9.5"/>
                </Word>
                <Word id="w_w1aab1b3b2c23b1b3c17" language="English" custom="readingOrder {index:7;}">
                    <Coords points="1100,987 1144,987 1144,1019 1100,1019"/>
                    <TextEquiv>
                        <Unicode>s.,</Unicode>
                    </TextEquiv>
                    <TextStyle fontFamily="Times New Roman" fontSize="9.5"/>
                </Word>
                <Word id="w_w1aab1b3b2c23b1b3c25" language="English" custom="readingOrder {index:8;}">
                    <Coords points="1169,979 1180,979 1180,1011 1169,1011"/>
                    <TextEquiv>
                        <Unicode>1</Unicode>
                    </TextEquiv>
                    <TextStyle fontFamily="Times New Roman" fontSize="9.5"/>
                </Word>
                <Word id="w_w1aab1b3b2c23b1b3c29" language="English" custom="readingOrder {index:9;}">
                    <Coords points="1205,987 1240,987 1240,1021 1205,1021"/>
                    <TextEquiv>
                        <Unicode>p.</Unicode>
                    </TextEquiv>
                    <TextStyle fontFamily="Times New Roman" fontSize="9.5"/>
                </Word>
                <Word id="w_w1aab1b3b2c23b1b3c35" language="English" custom="readingOrder {index:10;}">
                    <Coords points="1262,977 1358,977 1358,1012 1262,1012"/>
                    <TextEquiv>
                        <Unicode>in-8.</Unicode>
                    </TextEquiv>
                    <TextStyle fontFamily="Times New Roman" fontSize="9.5"/>
                </Word>
                <Word id="w_w1aab1b3b2c23b1b3c47" language="English" custom="readingOrder {index:11;}">
                    <Coords points="1510,980 1521,980 1521,1012 1510,1012"/>
                    <TextEquiv>
                        <Unicode>1</Unicode>
                    </TextEquiv>
                    <TextStyle fontFamily="Times New Roman" fontSize="9.5"/>
                </Word>
                <Word id="w_w1aab1b3b2c23b1b3c51" language="English" custom="readingOrder {index:12;}">
                    <Coords points="1550,981 1593,981 1593,1013 1550,1013"/>
                    <TextEquiv>
                        <Unicode>50</Unicode>
                    </TextEquiv>
                    <TextStyle fontFamily="Times New Roman" fontSize="9.5"/>
                </Word>
                <TextEquiv>
                    <Unicode>Barrière, des Faux Bonshommes. — L. a. s., 1 p. in-8. 1 50</Unicode>
                </TextEquiv>
            </TextLine>
            <TextEquiv>
                <Unicode>Barrière, des Faux Bonshommes. — L. a. s., 1 p. in-8. 1 50</Unicode>
            </TextEquiv>
        </TextRegion>
        <TextRegion type="paragraph" id="r_2_13" custom="readingOrder {index:13;}">
            <Coords points="134,1030 1591,1030 1591,1076 134,1076"/>
            <TextLine id="tl_18" primaryLanguage="English" custom="readingOrder {index:0;}">
                <Coords points="135,1031 1590,1031 1590,1075 135,1075"/>
                <Baseline points="135,1066 1590,1066"/>
                <Word id="w_w1aab1b3b2c25b1ab1" language="English" custom="readingOrder {index:0;}">
                    <Coords points="135,1031 222,1031 222,1066 135,1066"/>
                    <TextEquiv>
                        <Unicode>4155</Unicode>
                    </TextEquiv>
                    <TextStyle fontFamily="Times New Roman" fontSize="9.5"/>
                </Word>
                <Word id="w_w1aab1b3b2c25b1b1b1" language="English" custom="readingOrder {index:1;}">
                    <Coords points="247,1031 483,1031 483,1066 247,1066"/>
                    <TextEquiv>
                        <Unicode>Catherine</Unicode>
                    </TextEquiv>
                    <TextStyle fontFamily="Times New Roman" fontSize="9.0" bold="true"/>
                </Word>
                <Word id="w_w1aab1b3b2c25b1b1c21" language="English" custom="readingOrder {index:2;}">
                    <Coords points="502,1032 557,1032 557,1065 502,1065"/>
                    <TextEquiv>
                        <Unicode>de</Unicode>
                    </TextEquiv>
                    <TextStyle fontFamily="Times New Roman" fontSize="9.0" bold="true"/>
                </Word>
                <Word id="w_w1aab1b3b2c25b1b1c27" language="English" custom="readingOrder {index:3;}">
                    <Coords points="575,1032 791,1032 791,1073 575,1073"/>
                    <TextEquiv>
                        <Unicode>Navarre,</Unicode>
                    </TextEquiv>
                    <TextStyle fontFamily="Times New Roman" fontSize="9.0" bold="true"/>
                </Word>
                <Word id="w_w1aab1b3b2c25b1b2b1" language="English" custom="readingOrder {index:4;}">
                    <Coords points="808,1031 997,1031 997,1066 808,1066"/>
                    <TextEquiv>
                        <Unicode>duchesse</Unicode>
                    </TextEquiv>
                    <TextStyle fontFamily="Times New Roman" fontSize="9.5"/>
                </Word>
                <Word id="w_w1aab1b3b2c25b1b2c19" language="English" custom="readingOrder {index:5;}">
                    <Coords points="1018,1031 1064,1031 1064,1065 1018,1065"/>
                    <TextEquiv>
                        <Unicode>de</Unicode>
                    </TextEquiv>
                    <TextStyle fontFamily="Times New Roman" fontSize="9.5"/>
                </Word>
                <Word id="w_w1aab1b3b2c25b1b2c25" language="English" custom="readingOrder {index:6;}">
                    <Coords points="1084,1031 1174,1031 1174,1073 1084,1073"/>
                    <TextEquiv>
                        <Unicode>Bar,</Unicode>
                    </TextEquiv>
                    <TextStyle fontFamily="Times New Roman" fontSize="9.5"/>
                </Word>
                <Word id="w_w1aab1b3b2c25b1b2c35" language="English" custom="readingOrder {index:7;}">
                    <Coords points="1190,1041 1296,1041 1296,1066 1190,1066"/>
                    <TextEquiv>
                        <Unicode>sœur</Unicode>
                    </TextEquiv>
                    <TextStyle fontFamily="Times New Roman" fontSize="9.5"/>
                </Word>
                <Word id="w_w1aab1b3b2c25b1b2c45" language="English" custom="readingOrder {index:8;}">
                    <Coords points="1315,1031 1361,1031 1361,1066 1315,1066"/>
                    <TextEquiv>
                        <Unicode>de</Unicode>
                    </TextEquiv>
                    <TextStyle fontFamily="Times New Roman" fontSize="9.5"/>
                </Word>
                <Word id="w_w1aab1b3b2c25b1b2c51" language="English" custom="readingOrder {index:9;}">
                    <Coords points="1381,1032 1504,1032 1504,1066 1381,1066"/>
                    <TextEquiv>
                        <Unicode>Henri</Unicode>
                    </TextEquiv>
                    <TextStyle fontFamily="Times New Roman" fontSize="9.5"/>
                </Word>
                <Word id="w_w1aab1b3b2c25b1b2c63" language="English" custom="readingOrder {index:10;}">
                    <Coords points="1526,1032 1590,1032 1590,1075 1526,1075"/>
                    <TextEquiv>
                        <Unicode>IV,</Unicode>
                    </TextEquiv>
                    <TextStyle fontFamily="Times New Roman" fontSize="9.5"/>
                </Word>
                <TextEquiv>
                    <Unicode>4155 Catherine de Navarre, duchesse de Bar, sœur de Henri IV,</Unicode>
                </TextEquiv>
            </TextLine>
            <TextEquiv>
                <Unicode>4155 Catherine de Navarre, duchesse de Bar, sœur de Henri IV,</Unicode>
            </TextEquiv>
        </TextRegion>
        <TextRegion type="paragraph" id="r_2_14" custom="readingOrder {index:14;}">
            <Coords points="244,1073 1595,1073 1595,1253 244,1253"/>
            <TextLine id="tl_19" primaryLanguage="English" custom="readingOrder {index:0;}">
                <Coords points="246,1074 1593,1074 1593,1121 246,1121"/>
                <Baseline points="246,1110 1593,1110"/>
                <Word id="w_w1aab1b3b2c27b1ab1" language="English" custom="readingOrder {index:0;}">
                    <Coords points="246,1074 445,1074 445,1121 246,1121"/>
                    <TextEquiv>
                        <Unicode>princesse</Unicode>
                    </TextEquiv>
                    <TextStyle fontFamily="Times New Roman" fontSize="9.5"/>
                </Word>
                <Word id="w_w1aab1b3b2c27b1ac21" language="English" custom="readingOrder {index:1;}">
                    <Coords points="464,1075 618,1075 618,1110 464,1110"/>
                    <TextEquiv>
                        <Unicode>célèbre</Unicode>
                    </TextEquiv>
                    <TextStyle fontFamily="Times New Roman" fontSize="9.5"/>
                </Word>
                <Word id="w_w1aab1b3b2c27b1ac37" language="English" custom="readingOrder {index:2;}">
                    <Coords points="639,1086 710,1086 710,1121 639,1121"/>
                    <TextEquiv>
                        <Unicode>par</Unicode>
                    </TextEquiv>
                    <TextStyle fontFamily="Times New Roman" fontSize="9.5"/>
                </Word>
                <Word id="w_w1aab1b3b2c27b1ac45" language="English" custom="readingOrder {index:3;}">
                    <Coords points="729,1086 797,1086 797,1111 729,1111"/>
                    <TextEquiv>
                        <Unicode>son</Unicode>
                    </TextEquiv>
                    <TextStyle fontFamily="Times New Roman" fontSize="9.5"/>
                </Word>
                <Word id="w_w1aab1b3b2c27b1ac53" language="English" custom="readingOrder {index:4;}">
                    <Coords points="819,1075 1090,1075 1090,1110 819,1110"/>
                    <TextEquiv>
                        <Unicode>attachement</Unicode>
                    </TextEquiv>
                    <TextStyle fontFamily="Times New Roman" fontSize="9.5"/>
                </Word>
                <Word id="w_w1aab1b3b2c27b1ac77" language="English" custom="readingOrder {index:5;}">
                    <Coords points="1109,1086 1158,1086 1158,1110 1109,1110"/>
                    <TextEquiv>
                        <Unicode>au</Unicode>
                    </TextEquiv>
                    <TextStyle fontFamily="Times New Roman" fontSize="9.5"/>
                </Word>
                <Word id="w_w1aab1b3b2c27b1ac83" language="English" custom="readingOrder {index:6;}">
                    <Coords points="1179,1076 1410,1076 1410,1110 1179,1110"/>
                    <TextEquiv>
                        <Unicode>calvinisme</Unicode>
                    </TextEquiv>
                    <TextStyle fontFamily="Times New Roman" fontSize="9.5"/>
                </Word>
                <Word id="w_w1aab1b3b2c27b1ad105" language="English" custom="readingOrder {index:7;}">
                    <Coords points="1431,1079 1472,1079 1472,1111 1431,1111"/>
                    <TextEquiv>
                        <Unicode>et</Unicode>
                    </TextEquiv>
                    <TextStyle fontFamily="Times New Roman" fontSize="9.5"/>
                </Word>
                <Word id="w_w1aab1b3b2c27b1ad111" language="English" custom="readingOrder {index:8;}">
                    <Coords points="1496,1076 1593,1076 1593,1111 1496,1111"/>
                    <TextEquiv>
                        <Unicode>dont</Unicode>
                    </TextEquiv>
                    <TextStyle fontFamily="Times New Roman" fontSize="9.5"/>
                </Word>
                <TextEquiv>
                    <Unicode>princesse célèbre par son attachement au calvinisme et dont</Unicode>
                </TextEquiv>
                <TextStyle fontFamily="Times New Roman" fontSize="9.5"/>
            </TextLine>
            <TextLine id="tl_20" primaryLanguage="English" custom="readingOrder {index:1;}">
                <Coords points="246,1119 1594,1119 1594,1166 246,1166"/>
                <Baseline points="246,1154 1594,1154"/>
                <Word id="w_w1aab1b3b2c27b3ab1" language="English" custom="readingOrder {index:0;}">
                    <Coords points="246,1121 284,1121 284,1153 246,1153"/>
                    <TextEquiv>
                        <Unicode>M</Unicode>
                    </TextEquiv>
                    <TextStyle fontFamily="Times New Roman" fontSize="9.5"/>
                </Word>
                <Word id="w_w1aab1b3b2c27b3b1b1" language="English" custom="readingOrder {index:1;}">
                    <Coords points="289,1120 325,1120 325,1140 289,1140"/>
                    <TextEquiv>
                        <Unicode>110</Unicode>
                    </TextEquiv>
                    <TextStyle fontFamily="Times New Roman" fontSize="9.5" superscript="true"/>
                </Word>
                <Word id="w_w1aab1b3b2c27b3b2b3" language="English" custom="readingOrder {index:2;}">
                    <Coords points="356,1119 403,1119 403,1153 356,1153"/>
                    <TextEquiv>
                        <Unicode>de</Unicode>
                    </TextEquiv>
                    <TextStyle fontFamily="Times New Roman" fontSize="9.5"/>
                </Word>
                <Word id="w_w1aab1b3b2c27b3b2b9" language="English" custom="readingOrder {index:3;}">
                    <Coords points="434,1119 473,1119 473,1154 434,1154"/>
                    <TextEquiv>
                        <Unicode>la</Unicode>
                    </TextEquiv>
                    <TextStyle fontFamily="Times New Roman" fontSize="9.5"/>
                </Word>
                <Word id="w_w1aab1b3b2c27b3b2c15" language="English" custom="readingOrder {index:4;}">
                    <Coords points="502,1120 624,1120 624,1154 502,1154"/>
                    <TextEquiv>
                        <Unicode>Force</Unicode>
                    </TextEquiv>
                    <TextStyle fontFamily="Times New Roman" fontSize="9.5"/>
                </Word>
                <Word id="w_w1aab1b3b2c27b3b2c27" language="English" custom="readingOrder {index:5;}">
                    <Coords points="656,1131 679,1131 679,1155 656,1155"/>
                    <TextEquiv>
                        <Unicode>a</Unicode>
                    </TextEquiv>
                    <TextStyle fontFamily="Times New Roman" fontSize="9.5"/>
                </Word>
                <Word id="w_w1aab1b3b2c27b3b2c31" language="English" custom="readingOrder {index:6;}">
                    <Coords points="708,1120 842,1120 842,1166 708,1166"/>
                    <TextEquiv>
                        <Unicode>publié</Unicode>
                    </TextEquiv>
                    <TextStyle fontFamily="Times New Roman" fontSize="9.5"/>
                </Word>
                <Word id="w_w1aab1b3b2c27b3b2c45" language="English" custom="readingOrder {index:7;}">
                    <Coords points="876,1120 885,1120 885,1154 876,1154"/>
                    <TextEquiv>
                        <Unicode>l</Unicode>
                    </TextEquiv>
                    <TextStyle fontFamily="Times New Roman" fontSize="9.5"/>
                </Word>
                <Word id="w_w1aab1b3b2c27b3b3b1" language="English" custom="readingOrder {index:8;}">
                    <Coords points="890,1119 1047,1119 1047,1153 890,1153"/>
                    <TextEquiv>
                        <Unicode>'Histoire</Unicode>
                    </TextEquiv>
                    <TextStyle fontFamily="Times New Roman" fontSize="9.5" italic="true"/>
                </Word>
                <Word id="w_w1aab1b3b2c27b3b3c21" language="English" custom="readingOrder {index:9;}">
                    <Coords points="1074,1122 1202,1122 1202,1154 1074,1154"/>
                    <TextEquiv>
                        <Unicode>secrète.</Unicode>
                    </TextEquiv>
                    <TextStyle fontFamily="Times New Roman" fontSize="9.5" italic="true"/>
                </Word>
                <Word id="w_w1aab1b3b2c27b3b5b1" language="English" custom="readingOrder {index:10;}">
                    <Coords points="1227,1140 1265,1140 1265,1145 1227,1145"/>
                    <TextEquiv>
                        <Unicode>—</Unicode>
                    </TextEquiv>
                    <TextStyle fontFamily="Times New Roman" fontSize="9.5"/>
                </Word>
                <Word id="w_w1aab1b3b2c27b3b5b5" language="English" custom="readingOrder {index:11;}">
                    <Coords points="1289,1120 1331,1120 1331,1154 1289,1154"/>
                    <TextEquiv>
                        <Unicode>L.</Unicode>
                    </TextEquiv>
                    <TextStyle fontFamily="Times New Roman" fontSize="9.5"/>
                </Word>
                <Word id="w_w1aab1b3b2c27b3b5c11" language="English" custom="readingOrder {index:12;}">
                    <Coords points="1358,1131 1402,1131 1402,1162 1358,1162"/>
                    <TextEquiv>
                        <Unicode>s.,</Unicode>
                    </TextEquiv>
                    <TextStyle fontFamily="Times New Roman" fontSize="9.5"/>
                </Word>
                <Word id="w_w1aab1b3b2c27b3b5c19" language="English" custom="readingOrder {index:13;}">
                    <Coords points="1431,1131 1524,1131 1524,1155 1431,1155"/>
                    <TextEquiv>
                        <Unicode>avec</Unicode>
                    </TextEquiv>
                    <TextStyle fontFamily="Times New Roman" fontSize="9.5"/>
                </Word>
                <Word id="w_w1aab1b3b2c27b3b5c29" language="English" custom="readingOrder {index:14;}">
                    <Coords points="1556,1121 1594,1121 1594,1155 1556,1155"/>
                    <TextEquiv>
                        <Unicode>la</Unicode>
                    </TextEquiv>
                    <TextStyle fontFamily="Times New Roman" fontSize="9.5"/>
                </Word>
                <TextEquiv>
                    <Unicode>Mlle de la Force a publié l'Histoire secrète. — L. s., avec la</Unicode>
                </TextEquiv>
            </TextLine>
            <TextLine id="tl_21" primaryLanguage="English" custom="readingOrder {index:2;}">
                <Coords points="245,1163 1591,1163 1591,1210 245,1210"/>
                <Baseline points="245,1199 1591,1199"/>
                <Word id="w_w1aab1b3b2c27b5ab1" language="English" custom="readingOrder {index:0;}">
                    <Coords points="245,1163 436,1163 436,1209 245,1209"/>
                    <TextEquiv>
                        <Unicode>souscrip.</Unicode>
                    </TextEquiv>
                    <TextStyle fontFamily="Times New Roman" fontSize="9.5"/>
                </Word>
                <Word id="w_w1aab1b3b2c27b5ac21" language="English" custom="readingOrder {index:1;}">
                    <Coords points="471,1166 620,1166 620,1209 471,1209"/>
                    <TextEquiv>
                        <Unicode>autog.,</Unicode>
                    </TextEquiv>
                    <TextStyle fontFamily="Times New Roman" fontSize="9.5"/>
                </Word>
                <Word id="w_w1aab1b3b2c27b5ac37" language="English" custom="readingOrder {index:2;}">
                    <Coords points="650,1175 698,1175 698,1199 650,1199"/>
                    <TextEquiv>
                        <Unicode>au</Unicode>
                    </TextEquiv>
                    <TextStyle fontFamily="Times New Roman" fontSize="9.5"/>
                </Word>
                <Word id="w_w1aab1b3b2c27b5ac43" language="English" custom="readingOrder {index:3;}">
                    <Coords points="731,1165 902,1165 902,1199 731,1199"/>
                    <TextEquiv>
                        <Unicode>vicomte</Unicode>
                    </TextEquiv>
                    <TextStyle fontFamily="Times New Roman" fontSize="9.5"/>
                </Word>
                <Word id="w_w1aab1b3b2c27b5ac59" language="English" custom="readingOrder {index:4;}">
                    <Coords points="934,1163 981,1163 981,1198 934,1198"/>
                    <TextEquiv>
                        <Unicode>de</Unicode>
                    </TextEquiv>
                    <TextStyle fontFamily="Times New Roman" fontSize="9.5"/>
                </Word>
                <Word id="w_w1aab1b3b2c27b5ac65" language="English" custom="readingOrder {index:5;}">
                    <Coords points="1011,1164 1212,1164 1212,1208 1011,1208"/>
                    <TextEquiv>
                        <Unicode>Turenne,</Unicode>
                    </TextEquiv>
                    <TextStyle fontFamily="Times New Roman" fontSize="9.5"/>
                </Word>
                <Word id="w_w1aab1b3b2c27b5ac83" language="English" custom="readingOrder {index:6;}">
                    <Coords points="1240,1163 1362,1163 1362,1209 1240,1209"/>
                    <TextEquiv>
                        <Unicode>(1596),</Unicode>
                    </TextEquiv>
                    <TextStyle fontFamily="Times New Roman" fontSize="9.5"/>
                </Word>
                <Word id="w_w1aab1b3b2c27b5ac99" language="English" custom="readingOrder {index:7;}">
                    <Coords points="1392,1167 1403,1167 1403,1199 1392,1199"/>
                    <TextEquiv>
                        <Unicode>1</Unicode>
                    </TextEquiv>
                    <TextStyle fontFamily="Times New Roman" fontSize="9.5"/>
                </Word>
                <Word id="w_w1aab1b3b2c27b5ad103" language="English" custom="readingOrder {index:8;}">
                    <Coords points="1438,1175 1473,1175 1473,1210 1438,1210"/>
                    <TextEquiv>
                        <Unicode>p.</Unicode>
                    </TextEquiv>
                    <TextStyle fontFamily="Times New Roman" fontSize="9.5"/>
                </Word>
                <Word id="w_w1aab1b3b2c27b5ad109" language="English" custom="readingOrder {index:9;}">
                    <Coords points="1504,1165 1591,1165 1591,1200 1504,1200"/>
                    <TextEquiv>
                        <Unicode>in-f.</Unicode>
                    </TextEquiv>
                    <TextStyle fontFamily="Times New Roman" fontSize="9.5"/>
                </Word>
                <TextEquiv>
                    <Unicode>souscrip. autog., au vicomte de Turenne, (1596), 1 p. in-f.</Unicode>
                </TextEquiv>
                <TextStyle fontFamily="Times New Roman" fontSize="9.5"/>
            </TextLine>
            <TextLine id="tl_22" primaryLanguage="English" custom="readingOrder {index:3;}">
                <Coords points="246,1210 1590,1210 1590,1252 246,1252"/>
                <Baseline points="246,1243 1590,1243"/>
                <Word id="w_w1aab1b3b2c27b7ab1" language="English" custom="readingOrder {index:0;}">
                    <Coords points="246,1210 334,1210 334,1242 246,1242"/>
                    <TextEquiv>
                        <Unicode>Belle</Unicode>
                    </TextEquiv>
                    <TextStyle fontFamily="Times New Roman" fontSize="9.5" italic="true"/>
                </Word>
                <Word id="w_w1aab1b3b2c27b7ac13" language="English" custom="readingOrder {index:1;}">
                    <Coords points="347,1211 451,1211 451,1252 347,1252"/>
                    <TextEquiv>
                        <Unicode>pièce.</Unicode>
                    </TextEquiv>
                    <TextStyle fontFamily="Times New Roman" fontSize="9.5" italic="true"/>
                </Word>
                <Word id="w_w1aab1b3b2c27b7b2b1" language="English" custom="readingOrder {index:2;}">
                    <Coords points="1487,1211 1527,1211 1527,1243 1487,1243"/>
                    <TextEquiv>
                        <Unicode>18</Unicode>
                    </TextEquiv>
                    <TextStyle fontFamily="Times New Roman" fontSize="9.5"/>
                </Word>
                <Word id="w_w1aab1b3b2c27b7b2b7" language="English" custom="readingOrder {index:3;}">
                    <Coords points="1574,1222 1590,1222 1590,1241 1574,1241"/>
                    <TextEquiv>
                        <Unicode>»</Unicode>
                    </TextEquiv>
                    <TextStyle fontFamily="Times New Roman" fontSize="9.5"/>
                </Word>
                <TextEquiv>
                    <Unicode>Belle pièce. 18 »</Unicode>
                </TextEquiv>
            </TextLine>
            <TextEquiv>
                <Unicode>princesse célèbre par son attachement au calvinisme et dont
Mlle de la Force a publié l'Histoire secrète. — L. s., avec la
souscrip. autog., au vicomte de Turenne, (1596), 1 p. in-f.
Belle pièce. 18 »</Unicode>
            </TextEquiv>
        </TextRegion>
        <TextRegion type="paragraph" id="r_2_15" custom="readingOrder {index:15;}">
            <Coords points="251,1251 1596,1251 1596,1450 251,1450"/>
            <TextLine id="tl_23" primaryLanguage="English" custom="readingOrder {index:0;}">
                <Coords points="290,1252 1592,1252 1592,1292 290,1292"/>
                <Baseline points="290,1284 1592,1284"/>
                <Word id="w_w1aab1b3b2c29b1ab1" language="English" custom="readingOrder {index:0;}">
                    <Coords points="290,1254 350,1254 350,1283 290,1283"/>
                    <TextEquiv>
                        <Unicode>Elle</Unicode>
                    </TextEquiv>
                    <TextStyle fontFamily="Times New Roman" fontSize="7.0"/>
                </Word>
                <Word id="w_w1aab1b3b2c29b1ac11" language="English" custom="readingOrder {index:1;}">
                    <Coords points="371,1255 432,1255 432,1291 371,1291"/>
                    <TextEquiv>
                        <Unicode>prie</Unicode>
                    </TextEquiv>
                    <TextStyle fontFamily="Times New Roman" fontSize="7.0"/>
                </Word>
                <Word id="w_w1aab1b3b2c29b1ac21" language="English" custom="readingOrder {index:2;}">
                    <Coords points="450,1254 477,1254 477,1284 450,1284"/>
                    <TextEquiv>
                        <Unicode>le</Unicode>
                    </TextEquiv>
                    <TextStyle fontFamily="Times New Roman" fontSize="7.0"/>
                </Word>
                <Word id="w_w1aab1b3b2c29b1ac27" language="English" custom="readingOrder {index:3;}">
                    <Coords points="493,1252 617,1252 617,1284 493,1284"/>
                    <TextEquiv>
                        <Unicode>vicomte</Unicode>
                    </TextEquiv>
                    <TextStyle fontFamily="Times New Roman" fontSize="7.0"/>
                </Word>
                <Word id="w_w1aab1b3b2c29b1ac43" language="English" custom="readingOrder {index:4;}">
                    <Coords points="630,1254 664,1254 664,1283 630,1283"/>
                    <TextEquiv>
                        <Unicode>de</Unicode>
                    </TextEquiv>
                    <TextStyle fontFamily="Times New Roman" fontSize="7.0"/>
                </Word>
                <Word id="w_w1aab1b3b2c29b1ac49" language="English" custom="readingOrder {index:5;}">
                    <Coords points="682,1254 831,1254 831,1289 682,1289"/>
                    <TextEquiv>
                        <Unicode>Turenne,</Unicode>
                    </TextEquiv>
                    <TextStyle fontFamily="Times New Roman" fontSize="7.0"/>
                </Word>
                <Word id="w_w1aab1b3b2c29b1ac67" language="English" custom="readingOrder {index:6;}">
                    <Coords points="847,1253 927,1253 927,1283 847,1283"/>
                    <TextEquiv>
                        <Unicode>alors</Unicode>
                    </TextEquiv>
                    <TextStyle fontFamily="Times New Roman" fontSize="7.0"/>
                </Word>
                <Word id="w_w1aab1b3b2c29b1ac79" language="English" custom="readingOrder {index:7;}">
                    <Coords points="946,1252 1156,1252 1156,1283 946,1283"/>
                    <TextEquiv>
                        <Unicode>ambassadeur</Unicode>
                    </TextEquiv>
                    <TextStyle fontFamily="Times New Roman" fontSize="7.0"/>
                </Word>
                <Word id="w_w1aab1b3b2c29b1ad103" language="English" custom="readingOrder {index:8;}">
                    <Coords points="1173,1260 1207,1260 1207,1283 1173,1283"/>
                    <TextEquiv>
                        <Unicode>en</Unicode>
                    </TextEquiv>
                    <TextStyle fontFamily="Times New Roman" fontSize="7.0"/>
                </Word>
                <Word id="w_w1aab1b3b2c29b1ad109" language="English" custom="readingOrder {index:9;}">
                    <Coords points="1228,1253 1409,1253 1409,1291 1228,1291"/>
                    <TextEquiv>
                        <Unicode>Angleterre,</Unicode>
                    </TextEquiv>
                    <TextStyle fontFamily="Times New Roman" fontSize="7.0"/>
                </Word>
                <Word id="w_w1aab1b3b2c29b1ad133" language="English" custom="readingOrder {index:10;}">
                    <Coords points="1428,1255 1463,1255 1463,1284 1428,1284"/>
                    <TextEquiv>
                        <Unicode>de</Unicode>
                    </TextEquiv>
                    <TextStyle fontFamily="Times New Roman" fontSize="7.0"/>
                </Word>
                <Word id="w_w1aab1b3b2c29b1ad139" language="English" custom="readingOrder {index:11;}">
                    <Coords points="1482,1254 1592,1254 1592,1292 1482,1292"/>
                    <TextEquiv>
                        <Unicode>plaider</Unicode>
                    </TextEquiv>
                    <TextStyle fontFamily="Times New Roman" fontSize="7.0"/>
                </Word>
                <TextEquiv>
                    <Unicode>Elle prie le vicomte de Turenne, alors ambassadeur en Angleterre, de plaider</Unicode>
                </TextEquiv>
                <TextStyle fontFamily="Times New Roman" fontSize="7.0"/>
            </TextLine>
            <TextLine id="tl_24" primaryLanguage="English" custom="readingOrder {index:1;}">
                <Coords points="254,1291 1594,1291 1594,1331 254,1331"/>
                <Baseline points="254,1322 1594,1322"/>
                <Word id="w_w1aab1b3b2c29b3ab1" language="English" custom="readingOrder {index:0;}">
                    <Coords points="254,1294 361,1294 361,1330 254,1330"/>
                    <TextEquiv>
                        <Unicode>auprès</Unicode>
                    </TextEquiv>
                    <TextStyle fontFamily="Times New Roman" fontSize="7.0"/>
                </Word>
                <Word id="w_w1aab1b3b2c29b3ac15" language="English" custom="readingOrder {index:1;}">
                    <Coords points="384,1294 420,1294 420,1322 384,1322"/>
                    <TextEquiv>
                        <Unicode>de</Unicode>
                    </TextEquiv>
                    <TextStyle fontFamily="Times New Roman" fontSize="7.0"/>
                </Word>
                <Word id="w_w1aab1b3b2c29b3ac21" language="English" custom="readingOrder {index:2;}">
                    <Coords points="435,1293 461,1293 461,1323 435,1323"/>
                    <TextEquiv>
                        <Unicode>la</Unicode>
                    </TextEquiv>
                    <TextStyle fontFamily="Times New Roman" fontSize="7.0"/>
                </Word>
                <Word id="w_w1aab1b3b2c29b3ac27" language="English" custom="readingOrder {index:3;}">
                    <Coords points="478,1293 557,1293 557,1323 478,1323"/>
                    <TextEquiv>
                        <Unicode>leine</Unicode>
                    </TextEquiv>
                    <TextStyle fontFamily="Times New Roman" fontSize="7.0"/>
                </Word>
                <Word id="w_w1aab1b3b2c29b3ac39" language="English" custom="readingOrder {index:4;}">
                    <Coords points="576,1293 721,1293 721,1323 576,1323"/>
                    <TextEquiv>
                        <Unicode>Elisabeth</Unicode>
                    </TextEquiv>
                    <TextStyle fontFamily="Times New Roman" fontSize="7.0"/>
                </Word>
                <Word id="w_w1aab1b3b2c29b3ac59" language="English" custom="readingOrder {index:5;}">
                    <Coords points="754,1296 781,1296 781,1323 754,1323"/>
                    <TextEquiv>
                        <Unicode>et</Unicode>
                    </TextEquiv>
                    <TextStyle fontFamily="Times New Roman" fontSize="7.0"/>
                </Word>
                <Word id="w_w1aab1b3b2c29b3ac65" language="English" custom="readingOrder {index:6;}">
                    <Coords points="797,1300 849,1300 849,1323 797,1323"/>
                    <TextEquiv>
                        <Unicode>son</Unicode>
                    </TextEquiv>
                    <TextStyle fontFamily="Times New Roman" fontSize="7.0"/>
                </Word>
                <Word id="w_w1aab1b3b2c29b3ac73" language="English" custom="readingOrder {index:7;}">
                    <Coords points="866,1292 985,1292 985,1328 866,1328"/>
                    <TextEquiv>
                        <Unicode>conseil,</Unicode>
                    </TextEquiv>
                    <TextStyle fontFamily="Times New Roman" fontSize="7.0"/>
                </Word>
                <Word id="w_w1aab1b3b2c29b3ac91" language="English" custom="readingOrder {index:8;}">
                    <Coords points="1016,1291 1043,1291 1043,1321 1016,1321"/>
                    <TextEquiv>
                        <Unicode>la</Unicode>
                    </TextEquiv>
                    <TextStyle fontFamily="Times New Roman" fontSize="7.0"/>
                </Word>
                <Word id="w_w1aab1b3b2c29b3ac97" language="English" custom="readingOrder {index:9;}">
                    <Coords points="1060,1300 1148,1300 1148,1323 1060,1323"/>
                    <TextEquiv>
                        <Unicode>cause</Unicode>
                    </TextEquiv>
                    <TextStyle fontFamily="Times New Roman" fontSize="7.0"/>
                </Word>
                <Word id="w_w1aab1b3b2c29b3ad109" language="English" custom="readingOrder {index:10;}">
                    <Coords points="1173,1293 1240,1293 1240,1323 1173,1323"/>
                    <TextEquiv>
                        <Unicode>d’un</Unicode>
                    </TextEquiv>
                    <TextStyle fontFamily="Times New Roman" fontSize="7.0"/>
                </Word>
                <Word id="w_w1aab1b3b2c29b3ad119" language="English" custom="readingOrder {index:11;}">
                    <Coords points="1259,1293 1294,1293 1294,1323 1259,1323"/>
                    <TextEquiv>
                        <Unicode>de</Unicode>
                    </TextEquiv>
                    <TextStyle fontFamily="Times New Roman" fontSize="7.0"/>
                </Word>
                <Word id="w_w1aab1b3b2c29b3ad125" language="English" custom="readingOrder {index:12;}">
                    <Coords points="1311,1301 1358,1301 1358,1323 1311,1323"/>
                    <TextEquiv>
                        <Unicode>ses</Unicode>
                    </TextEquiv>
                    <TextStyle fontFamily="Times New Roman" fontSize="7.0"/>
                </Word>
                <Word id="w_w1aab1b3b2c29b3ad133" language="English" custom="readingOrder {index:13;}">
                    <Coords points="1374,1294 1456,1294 1456,1328 1374,1328"/>
                    <TextEquiv>
                        <Unicode>amis,</Unicode>
                    </TextEquiv>
                    <TextStyle fontFamily="Times New Roman" fontSize="7.0"/>
                </Word>
                <Word id="w_w1aab1b3b2c29b3ad145" language="English" custom="readingOrder {index:14;}">
                    <Coords points="1489,1293 1594,1293 1594,1331 1489,1331"/>
                    <TextEquiv>
                        <Unicode>auquel</Unicode>
                    </TextEquiv>
                    <TextStyle fontFamily="Times New Roman" fontSize="7.0"/>
                </Word>
                <TextEquiv>
                    <Unicode>auprès de la reine Elisabeth et son conseil, la cause d’un de ses amis, auquel</Unicode>
                </TextEquiv>
                <TextStyle fontFamily="Times New Roman" fontSize="7.0"/>
            </TextLine>
            <TextLine id="tl_25" primaryLanguage="English" custom="readingOrder {index:2;}">
                <Coords points="254,1331 1592,1331 1592,1370 254,1370"/>
                <Baseline points="254,1362 1592,1362"/>
                <Word id="w_w1aab1b3b2c29b5ab1" language="English" custom="readingOrder {index:0;}">
                    <Coords points="254,1331 297,1331 297,1361 254,1361"/>
                    <TextEquiv>
                        <Unicode>les</Unicode>
                    </TextEquiv>
                    <TextStyle fontFamily="Times New Roman" fontSize="7.0"/>
                </Word>
                <Word id="w_w1aab1b3b2c29b5ab9" language="English" custom="readingOrder {index:1;}">
                    <Coords points="316,1332 434,1332 434,1370 316,1370"/>
                    <TextEquiv>
                        <Unicode>Anglais</Unicode>
                    </TextEquiv>
                    <TextStyle fontFamily="Times New Roman" fontSize="7.0"/>
                </Word>
                <Word id="w_w1aab1b3b2c29b5ac25" language="English" custom="readingOrder {index:2;}">
                    <Coords points="465,1334 514,1334 514,1362 465,1362"/>
                    <TextEquiv>
                        <Unicode>ont</Unicode>
                    </TextEquiv>
                    <TextStyle fontFamily="Times New Roman" fontSize="7.0"/>
                </Word>
                <Word id="w_w1aab1b3b2c29b5ac33" language="English" custom="readingOrder {index:3;}">
                    <Coords points="531,1331 630,1331 630,1362 531,1362"/>
                    <TextEquiv>
                        <Unicode>enlevé</Unicode>
                    </TextEquiv>
                    <TextStyle fontFamily="Times New Roman" fontSize="7.0"/>
                </Word>
                <Word id="w_w1aab1b3b2c29b5ac47" language="English" custom="readingOrder {index:4;}">
                    <Coords points="649,1340 685,1340 685,1361 649,1361"/>
                    <TextEquiv>
                        <Unicode>un</Unicode>
                    </TextEquiv>
                    <TextStyle fontFamily="Times New Roman" fontSize="7.0"/>
                </Word>
                <Word id="w_w1aab1b3b2c29b5ac53" language="English" custom="readingOrder {index:5;}">
                    <Coords points="705,1333 804,1333 804,1362 705,1362"/>
                    <TextEquiv>
                        <Unicode>navire</Unicode>
                    </TextEquiv>
                    <TextStyle fontFamily="Times New Roman" fontSize="7.0"/>
                </Word>
                <Word id="w_w1aab1b3b2c29b5ac67" language="English" custom="readingOrder {index:6;}">
                    <Coords points="823,1334 962,1334 962,1361 823,1361"/>
                    <TextEquiv>
                        <Unicode>revenant</Unicode>
                    </TextEquiv>
                    <TextStyle fontFamily="Times New Roman" fontSize="7.0"/>
                </Word>
                <Word id="w_w1aab1b3b2c29b5ac85" language="English" custom="readingOrder {index:7;}">
                    <Coords points="977,1331 1027,1331 1027,1361 977,1361"/>
                    <TextEquiv>
                        <Unicode>des</Unicode>
                    </TextEquiv>
                    <TextStyle fontFamily="Times New Roman" fontSize="7.0"/>
                </Word>
                <Word id="w_w1aab1b3b2c29b5b1b1" language="English" custom="readingOrder {index:8;}">
                    <Coords points="1047,1331 1310,1331 1310,1370 1047,1370"/>
                    <TextEquiv>
                        <Unicode>Terres-Neuves,</Unicode>
                    </TextEquiv>
                    <TextStyle fontFamily="Times New Roman" fontSize="9.5" italic="true"/>
                </Word>
                <Word id="w_w1aab1b3b2c29b5b2b3" language="English" custom="readingOrder {index:9;}">
                    <Coords points="1336,1332 1442,1332 1442,1370 1336,1370"/>
                    <TextEquiv>
                        <Unicode>chargé</Unicode>
                    </TextEquiv>
                    <TextStyle fontFamily="Times New Roman" fontSize="7.0"/>
                </Word>
                <Word id="w_w1aab1b3b2c29b5b2c17" language="English" custom="readingOrder {index:10;}">
                    <Coords points="1459,1333 1496,1333 1496,1364 1459,1364"/>
                    <TextEquiv>
                        <Unicode>de</Unicode>
                    </TextEquiv>
                    <TextStyle fontFamily="Times New Roman" fontSize="7.0"/>
                </Word>
                <Word id="w_w1aab1b3b2c29b5b2c23" language="English" custom="readingOrder {index:11;}">
                    <Coords points="1513,1339 1592,1339 1592,1362 1513,1362"/>
                    <TextEquiv>
                        <Unicode>mar¬</Unicode>
                    </TextEquiv>
                    <TextStyle fontFamily="Times New Roman" fontSize="7.0"/>
                </Word>
                <TextEquiv>
                    <Unicode>les Anglais ont enlevé un navire revenant des Terres-Neuves, chargé de mar¬</Unicode>
                </TextEquiv>
            </TextLine>
            <TextLine id="tl_26" primaryLanguage="English" custom="readingOrder {index:3;}">
                <Coords points="253,1371 1595,1371 1595,1410 253,1410"/>
                <Baseline points="253,1401 1595,1401"/>
                <Word id="w_w1aab1b3b2c29b7ab1" language="English" custom="readingOrder {index:0;}">
                    <Coords points="253,1372 418,1372 418,1403 253,1403"/>
                    <TextEquiv>
                        <Unicode>chandises.</Unicode>
                    </TextEquiv>
                    <TextStyle fontFamily="Times New Roman" fontSize="7.0"/>
                </Word>
                <Word id="w_w1aab1b3b2c29b7ac23" language="English" custom="readingOrder {index:1;}">
                    <Coords points="449,1383 462,1383 462,1398 449,1398"/>
                    <TextEquiv>
                        <Unicode>«</Unicode>
                    </TextEquiv>
                    <TextStyle fontFamily="Times New Roman" fontSize="7.0"/>
                </Word>
                <Word id="w_w1aab1b3b2c29b7ac27" language="English" custom="readingOrder {index:2;}">
                    <Coords points="483,1371 523,1371 523,1402 483,1402"/>
                    <TextEquiv>
                        <Unicode>Ce</Unicode>
                    </TextEquiv>
                    <TextStyle fontFamily="Times New Roman" fontSize="7.0"/>
                </Word>
                <Word id="w_w1aab1b3b2c29b7ac33" language="English" custom="readingOrder {index:3;}">
                    <Coords points="540,1378 618,1378 618,1409 540,1409"/>
                    <TextEquiv>
                        <Unicode>sera,</Unicode>
                    </TextEquiv>
                    <TextStyle fontFamily="Times New Roman" fontSize="7.0"/>
                </Word>
                <Word id="w_w1aab1b3b2c29b7ac45" language="English" custom="readingOrder {index:4;}">
                    <Coords points="644,1371 766,1371 766,1409 644,1409"/>
                    <TextEquiv>
                        <Unicode>dit-elle,</Unicode>
                    </TextEquiv>
                    <TextStyle fontFamily="Times New Roman" fontSize="7.0"/>
                </Word>
                <Word id="w_w1aab1b3b2c29b7ac65" language="English" custom="readingOrder {index:5;}">
                    <Coords points="791,1380 846,1380 846,1402 791,1402"/>
                    <TextEquiv>
                        <Unicode>une</Unicode>
                    </TextEquiv>
                    <TextStyle fontFamily="Times New Roman" fontSize="7.0"/>
                </Word>
                <Word id="w_w1aab1b3b2c29b7ac73" language="English" custom="readingOrder {index:6;}">
                    <Coords points="864,1379 963,1379 963,1402 864,1402"/>
                    <TextEquiv>
                        <Unicode>œuvre</Unicode>
                    </TextEquiv>
                    <TextStyle fontFamily="Times New Roman" fontSize="7.0"/>
                </Word>
                <Word id="w_w1aab1b3b2c29b7ac85" language="English" custom="readingOrder {index:7;}">
                    <Coords points="979,1372 1026,1372 1026,1409 979,1409"/>
                    <TextEquiv>
                        <Unicode>pie</Unicode>
                    </TextEquiv>
                    <TextStyle fontFamily="Times New Roman" fontSize="7.0"/>
                </Word>
                <Word id="w_w1aab1b3b2c29b7ac93" language="English" custom="readingOrder {index:8;}">
                    <Coords points="1042,1379 1097,1379 1097,1408 1042,1408"/>
                    <TextEquiv>
                        <Unicode>que</Unicode>
                    </TextEquiv>
                    <TextStyle fontFamily="Times New Roman" fontSize="7.0"/>
                </Word>
                <Word id="w_w1aab1b3b2c29b7ad101" language="English" custom="readingOrder {index:9;}">
                    <Coords points="1116,1379 1188,1379 1188,1401 1116,1401"/>
                    <TextEquiv>
                        <Unicode>vous</Unicode>
                    </TextEquiv>
                    <TextStyle fontFamily="Times New Roman" fontSize="7.0"/>
                </Word>
                <Word id="w_w1aab1b3b2c29b7ad111" language="English" custom="readingOrder {index:10;}">
                    <Coords points="1207,1371 1282,1371 1282,1402 1207,1402"/>
                    <TextEquiv>
                        <Unicode>ferés</Unicode>
                    </TextEquiv>
                    <TextStyle fontFamily="Times New Roman" fontSize="7.0"/>
                </Word>
                <Word id="w_w1aab1b3b2c29b7ad123" language="English" custom="readingOrder {index:11;}">
                    <Coords points="1312,1372 1360,1372 1360,1409 1312,1409"/>
                    <TextEquiv>
                        <Unicode>qui</Unicode>
                    </TextEquiv>
                    <TextStyle fontFamily="Times New Roman" fontSize="7.0"/>
                </Word>
                <Word id="w_w1aab1b3b2c29b7ad131" language="English" custom="readingOrder {index:12;}">
                    <Coords points="1374,1372 1496,1372 1496,1402 1374,1402"/>
                    <TextEquiv>
                        <Unicode>effacera</Unicode>
                    </TextEquiv>
                    <TextStyle fontFamily="Times New Roman" fontSize="7.0"/>
                </Word>
                <Word id="w_w1aab1b3b2c29b7ad149" language="English" custom="readingOrder {index:13;}">
                    <Coords points="1514,1372 1595,1372 1595,1410 1514,1410"/>
                    <TextEquiv>
                        <Unicode>peult</Unicode>
                    </TextEquiv>
                    <TextStyle fontFamily="Times New Roman" fontSize="7.0"/>
                </Word>
                <TextEquiv>
                    <Unicode>chandises. « Ce sera, dit-elle, une œuvre pie que vous ferés qui effacera peult</Unicode>
                </TextEquiv>
                <TextStyle fontFamily="Times New Roman" fontSize="7.0"/>
            </TextLine>
            <TextLine id="tl_27" primaryLanguage="English" custom="readingOrder {index:4;}">
                <Coords points="252,1410 727,1410 727,1449 252,1449"/>
                <Baseline points="252,1441 727,1441"/>
                <Word id="w_w1aab1b3b2c29b9ab1" language="English" custom="readingOrder {index:0;}">
                    <Coords points="252,1414 330,1414 330,1441 252,1441"/>
                    <TextEquiv>
                        <Unicode>estre</Unicode>
                    </TextEquiv>
                    <TextStyle fontFamily="Times New Roman" fontSize="7.0"/>
                </Word>
                <Word id="w_w1aab1b3b2c29b9ac13" language="English" custom="readingOrder {index:1;}">
                    <Coords points="344,1412 467,1412 467,1449 344,1449"/>
                    <TextEquiv>
                        <Unicode>quelque</Unicode>
                    </TextEquiv>
                    <TextStyle fontFamily="Times New Roman" fontSize="7.0"/>
                </Word>
                <Word id="w_w1aab1b3b2c29b9ac29" language="English" custom="readingOrder {index:2;}">
                    <Coords points="482,1410 573,1410 573,1448 482,1448"/>
                    <TextEquiv>
                        <Unicode>grand</Unicode>
                    </TextEquiv>
                    <TextStyle fontFamily="Times New Roman" fontSize="7.0"/>
                </Word>
                <Word id="w_w1aab1b3b2c29b9ac41" language="English" custom="readingOrder {index:3;}">
                    <Coords points="591,1411 690,1411 690,1449 591,1449"/>
                    <TextEquiv>
                        <Unicode>péché.</Unicode>
                    </TextEquiv>
                    <TextStyle fontFamily="Times New Roman" fontSize="7.0"/>
                </Word>
                <Word id="w_w1aab1b3b2c29b9ac55" language="English" custom="readingOrder {index:4;}">
                    <Coords points="714,1423 727,1423 727,1437 714,1437"/>
                    <TextEquiv>
                        <Unicode>»</Unicode>
                    </TextEquiv>
                    <TextStyle fontFamily="Times New Roman" fontSize="7.0"/>
                </Word>
                <TextEquiv>
                    <Unicode>estre quelque grand péché. »</Unicode>
                </TextEquiv>
                <TextStyle fontFamily="Times New Roman" fontSize="7.0"/>
            </TextLine>
            <TextEquiv>
                <Unicode>Elle prie le vicomte de Turenne, alors ambassadeur en Angleterre, de plaider
auprès de la reine Elisabeth et son conseil, la cause d’un de ses amis, auquel
les Anglais ont enlevé un navire revenant des Terres-Neuves, chargé de mar¬
chandises. « Ce sera, dit-elle, une œuvre pie que vous ferés qui effacera peult
estre quelque grand péché. »</Unicode>
            </TextEquiv>
        </TextRegion>
        <TextRegion type="paragraph" id="r_2_16" custom="readingOrder {index:16;}">
            <Coords points="135,1452 1594,1452 1594,1590 135,1590"/>
            <TextLine id="tl_28" primaryLanguage="English" custom="readingOrder {index:0;}">
                <Coords points="136,1453 1592,1453 1592,1499 136,1499"/>
                <Baseline points="136,1489 1592,1489"/>
                <Word id="w_w1aab1b3b2c31b1ab1" language="English" custom="readingOrder {index:0;}">
                    <Coords points="136,1456 222,1456 222,1490 136,1490"/>
                    <TextEquiv>
                        <Unicode>4156</Unicode>
                    </TextEquiv>
                    <TextStyle fontFamily="Times New Roman" fontSize="9.5"/>
                </Word>
                <Word id="w_w1aab1b3b2c31b1b1b1" language="English" custom="readingOrder {index:1;}">
                    <Coords points="247,1455 428,1455 428,1499 247,1499"/>
                    <TextEquiv>
                        <Unicode>Catinat</Unicode>
                    </TextEquiv>
                    <TextStyle fontFamily="Times New Roman" fontSize="9.0" bold="true"/>
                </Word>
                <Word id="w_w1aab1b3b2c31b1b2b1" language="English" custom="readingOrder {index:2;}">
                    <Coords points="447,1455 572,1455 572,1499 447,1499"/>
                    <TextEquiv>
                        <Unicode>(Nie.),</Unicode>
                    </TextEquiv>
                    <TextStyle fontFamily="Times New Roman" fontSize="9.5"/>
                </Word>
                <Word id="w_w1aab1b3b2c31b1b2c17" language="English" custom="readingOrder {index:3;}">
                    <Coords points="595,1454 754,1454 754,1490 595,1490"/>
                    <TextEquiv>
                        <Unicode>illustre</Unicode>
                    </TextEquiv>
                    <TextStyle fontFamily="Times New Roman" fontSize="9.5"/>
                </Word>
                <Word id="w_w1aab1b3b2c31b1b2c35" language="English" custom="readingOrder {index:4;}">
                    <Coords points="775,1453 972,1453 972,1489 775,1489"/>
                    <TextEquiv>
                        <Unicode>maréchal</Unicode>
                    </TextEquiv>
                    <TextStyle fontFamily="Times New Roman" fontSize="9.5"/>
                </Word>
                <Word id="w_w1aab1b3b2c31b1b2c53" language="English" custom="readingOrder {index:5;}">
                    <Coords points="992,1453 1038,1453 1038,1488 992,1488"/>
                    <TextEquiv>
                        <Unicode>de</Unicode>
                    </TextEquiv>
                    <TextStyle fontFamily="Times New Roman" fontSize="9.5"/>
                </Word>
                <Word id="w_w1aab1b3b2c31b1b2c59" language="English" custom="readingOrder {index:6;}">
                    <Coords points="1060,1454 1222,1454 1222,1489 1060,1489"/>
                    <TextEquiv>
                        <Unicode>France.</Unicode>
                    </TextEquiv>
                    <TextStyle fontFamily="Times New Roman" fontSize="9.5"/>
                </Word>
                <Word id="w_w1aab1b3b2c31b1b2c75" language="English" custom="readingOrder {index:7;}">
                    <Coords points="1235,1454 1325,1454 1325,1489 1235,1489"/>
                    <TextEquiv>
                        <Unicode>—L.</Unicode>
                    </TextEquiv>
                    <TextStyle fontFamily="Times New Roman" fontSize="9.5"/>
                </Word>
                <Word id="w_w1aab1b3b2c31b1b2c83" language="English" custom="readingOrder {index:8;}">
                    <Coords points="1346,1464 1376,1464 1376,1489 1346,1489"/>
                    <TextEquiv>
                        <Unicode>s.</Unicode>
                    </TextEquiv>
                    <TextStyle fontFamily="Times New Roman" fontSize="9.5"/>
                </Word>
                <Word id="w_w1aab1b3b2c31b1b2c89" language="English" custom="readingOrder {index:9;}">
                    <Coords points="1394,1465 1444,1465 1444,1489 1394,1489"/>
                    <TextEquiv>
                        <Unicode>au</Unicode>
                    </TextEquiv>
                    <TextStyle fontFamily="Times New Roman" fontSize="9.5"/>
                </Word>
                <Word id="w_w1aab1b3b2c31b1b2c95" language="English" custom="readingOrder {index:10;}">
                    <Coords points="1465,1457 1592,1457 1592,1490 1465,1490"/>
                    <TextEquiv>
                        <Unicode>comte</Unicode>
                    </TextEquiv>
                    <TextStyle fontFamily="Times New Roman" fontSize="9.5"/>
                </Word>
                <TextEquiv>
                    <Unicode>4156 Catinat (Nic.), illustre maréchal de France. —L. s. au comte</Unicode>
                </TextEquiv>
            </TextLine>
            <TextLine id="tl_29" primaryLanguage="English" custom="readingOrder {index:1;}">
                <Coords points="248,1497 1593,1497 1593,1544 248,1544"/>
                <Baseline points="248,1533 1593,1533"/>
                <Word id="w_w1aab1b3b2c31b3ab1" language="English" custom="readingOrder {index:0;}">
                    <Coords points="248,1499 403,1499 403,1544 248,1544"/>
                    <TextEquiv>
                        <Unicode>Dugua,</Unicode>
                    </TextEquiv>
                    <TextStyle fontFamily="Times New Roman" fontSize="9.5"/>
                </Word>
                <Word id="w_w1aab1b3b2c31b3ac15" language="English" custom="readingOrder {index:1;}">
                    <Coords points="426,1499 580,1499 580,1533 426,1533"/>
                    <TextEquiv>
                        <Unicode>colonel</Unicode>
                    </TextEquiv>
                    <TextStyle fontFamily="Times New Roman" fontSize="9.5"/>
                </Word>
                <Word id="w_w1aab1b3b2c31b3ac31" language="English" custom="readingOrder {index:2;}">
                    <Coords points="600,1499 667,1499 667,1534 600,1534"/>
                    <TextEquiv>
                        <Unicode>des</Unicode>
                    </TextEquiv>
                    <TextStyle fontFamily="Times New Roman" fontSize="9.5"/>
                </Word>
                <Word id="w_w1aab1b3b2c31b3ac39" language="English" custom="readingOrder {index:3;}">
                    <Coords points="688,1498 841,1498 841,1534 688,1534"/>
                    <TextEquiv>
                        <Unicode>milices</Unicode>
                    </TextEquiv>
                    <TextStyle fontFamily="Times New Roman" fontSize="9.5"/>
                </Word>
                <Word id="w_w1aab1b3b2c31b3ac55" language="English" custom="readingOrder {index:4;}">
                    <Coords points="861,1498 912,1498 912,1533 861,1533"/>
                    <TextEquiv>
                        <Unicode>du</Unicode>
                    </TextEquiv>
                    <TextStyle fontFamily="Times New Roman" fontSize="9.5"/>
                </Word>
                <Word id="w_w1aab1b3b2c31b3ac61" language="English" custom="readingOrder {index:5;}">
                    <Coords points="933,1497 1153,1497 1153,1543 933,1543"/>
                    <TextEquiv>
                        <Unicode>Dauphiné,</Unicode>
                    </TextEquiv>
                    <TextStyle fontFamily="Times New Roman" fontSize="9.5"/>
                </Word>
                <Word id="w_w1aab1b3b2c31b3ac81" language="English" custom="readingOrder {index:6;}">
                    <Coords points="1173,1499 1195,1499 1195,1532 1173,1532"/>
                    <TextEquiv>
                        <Unicode>à</Unicode>
                    </TextEquiv>
                    <TextStyle fontFamily="Times New Roman" fontSize="9.5"/>
                </Word>
                <Word id="w_w1aab1b3b2c31b3ac85" language="English" custom="readingOrder {index:7;}">
                    <Coords points="1214,1497 1303,1497 1303,1539 1214,1539"/>
                    <TextEquiv>
                        <Unicode>Die;</Unicode>
                    </TextEquiv>
                    <TextStyle fontFamily="Times New Roman" fontSize="9.5"/>
                </Word>
                <Word id="w_w1aab1b3b2c31b3ac95" language="English" custom="readingOrder {index:8;}">
                    <Coords points="1319,1509 1429,1509 1429,1542 1319,1542"/>
                    <TextEquiv>
                        <Unicode>camp</Unicode>
                    </TextEquiv>
                    <TextStyle fontFamily="Times New Roman" fontSize="9.5"/>
                </Word>
                <Word id="w_w1aab1b3b2c31b3ad105" language="English" custom="readingOrder {index:9;}">
                    <Coords points="1449,1500 1593,1500 1593,1544 1449,1544"/>
                    <TextEquiv>
                        <Unicode>proche</Unicode>
                    </TextEquiv>
                    <TextStyle fontFamily="Times New Roman" fontSize="9.5"/>
                </Word>
                <TextEquiv>
                    <Unicode>Dugua, colonel des milices du Dauphiné, à Die; camp proche</Unicode>
                </TextEquiv>
                <TextStyle fontFamily="Times New Roman" fontSize="9.5"/>
            </TextLine>
            <TextLine id="tl_30" primaryLanguage="English" custom="readingOrder {index:2;}">
                <Coords points="249,1541 1591,1541 1591,1589 249,1589"/>
                <Baseline points="249,1578 1591,1578"/>
                <Word id="w_w1aab1b3b2c31b5ab1" language="English" custom="readingOrder {index:0;}">
                    <Coords points="249,1543 295,1543 295,1578 249,1578"/>
                    <TextEquiv>
                        <Unicode>de</Unicode>
                    </TextEquiv>
                    <TextStyle fontFamily="Times New Roman" fontSize="9.5"/>
                </Word>
                <Word id="w_w1aab1b3b2c31b5ab7" language="English" custom="readingOrder {index:1;}">
                    <Coords points="311,1542 558,1542 558,1589 311,1589"/>
                    <TextEquiv>
                        <Unicode>Pigneroles,</Unicode>
                    </TextEquiv>
                    <TextStyle fontFamily="Times New Roman" fontSize="9.5"/>
                </Word>
                <Word id="w_w1aab1b3b2c31b5ac31" language="English" custom="readingOrder {index:2;}">
                    <Coords points="578,1546 616,1546 616,1578 578,1578"/>
                    <TextEquiv>
                        <Unicode>18</Unicode>
                    </TextEquiv>
                    <TextStyle fontFamily="Times New Roman" fontSize="9.5"/>
                </Word>
                <Word id="w_w1aab1b3b2c31b5ac37" language="English" custom="readingOrder {index:3;}">
                    <Coords points="631,1554 719,1554 719,1578 631,1578"/>
                    <TextEquiv>
                        <Unicode>nov.</Unicode>
                    </TextEquiv>
                    <TextStyle fontFamily="Times New Roman" fontSize="9.5"/>
                </Word>
                <Word id="w_w1aab1b3b2c31b5ac47" language="English" custom="readingOrder {index:4;}">
                    <Coords points="738,1545 833,1545 833,1585 738,1585"/>
                    <TextEquiv>
                        <Unicode>1692,</Unicode>
                    </TextEquiv>
                    <TextStyle fontFamily="Times New Roman" fontSize="9.5"/>
                </Word>
                <Word id="w_w1aab1b3b2c31b5ac59" language="English" custom="readingOrder {index:5;}">
                    <Coords points="852,1545 863,1545 863,1577 852,1577"/>
                    <TextEquiv>
                        <Unicode>1</Unicode>
                    </TextEquiv>
                    <TextStyle fontFamily="Times New Roman" fontSize="9.5"/>
                </Word>
                <Word id="w_w1aab1b3b2c31b5ac63" language="English" custom="readingOrder {index:6;}">
                    <Coords points="883,1553 919,1553 919,1588 883,1588"/>
                    <TextEquiv>
                        <Unicode>p.</Unicode>
                    </TextEquiv>
                    <TextStyle fontFamily="Times New Roman" fontSize="9.5"/>
                </Word>
                <Word id="w_w1aab1b3b2c31b5ac69" language="English" custom="readingOrder {index:7;}">
                    <Coords points="939,1545 949,1545 949,1577 939,1577"/>
                    <TextEquiv>
                        <Unicode>1</Unicode>
                    </TextEquiv>
                    <TextStyle fontFamily="Times New Roman" fontSize="9.5"/>
                </Word>
                <Word id="w_w1aab1b3b2c31b5ac73" language="English" custom="readingOrder {index:8;}">
                    <Coords points="962,1544 1000,1544 1000,1587 962,1587"/>
                    <TextEquiv>
                        <Unicode>/2</Unicode>
                    </TextEquiv>
                    <TextStyle fontFamily="Times New Roman" fontSize="9.5"/>
                </Word>
                <Word id="w_w1aab1b3b2c31b5ac79" language="English" custom="readingOrder {index:9;}">
                    <Coords points="1013,1542 1104,1542 1104,1584 1013,1584"/>
                    <TextEquiv>
                        <Unicode>in-4,</Unicode>
                    </TextEquiv>
                    <TextStyle fontFamily="Times New Roman" fontSize="9.5"/>
                </Word>
                <Word id="w_w1aab1b3b2c31b5ac91" language="English" custom="readingOrder {index:10;}">
                    <Coords points="1120,1542 1262,1542 1262,1588 1120,1588"/>
                    <TextEquiv>
                        <Unicode>fragm.</Unicode>
                    </TextEquiv>
                    <TextStyle fontFamily="Times New Roman" fontSize="9.5"/>
                </Word>
                <Word id="w_w1aab1b3b2c31b5ad105" language="English" custom="readingOrder {index:11;}">
                    <Coords points="1279,1543 1325,1543 1325,1577 1279,1577"/>
                    <TextEquiv>
                        <Unicode>de</Unicode>
                    </TextEquiv>
                    <TextStyle fontFamily="Times New Roman" fontSize="9.5"/>
                </Word>
                <Word id="w_w1aab1b3b2c31b5ad111" language="English" custom="readingOrder {index:12;}">
                    <Coords points="1340,1541 1488,1541 1488,1579 1340,1579"/>
                    <TextEquiv>
                        <Unicode>cachet.</Unicode>
                    </TextEquiv>
                    <TextStyle fontFamily="Times New Roman" fontSize="9.5"/>
                </Word>
                <Word id="w_w1aab1b3b2c31b5ad127" language="English" custom="readingOrder {index:13;}">
                    <Coords points="1506,1547 1526,1547 1526,1577 1506,1577"/>
                    <TextEquiv>
                        <Unicode>7</Unicode>
                    </TextEquiv>
                    <TextStyle fontFamily="Times New Roman" fontSize="9.5"/>
                </Word>
                <Word id="w_w1aab1b3b2c31b5ad131" language="English" custom="readingOrder {index:14;}">
                    <Coords points="1574,1557 1591,1557 1591,1575 1574,1575"/>
                    <TextEquiv>
                        <Unicode>»</Unicode>
                    </TextEquiv>
                    <TextStyle fontFamily="Times New Roman" fontSize="9.5"/>
                </Word>
                <TextEquiv>
                    <Unicode>de Pigneroles, 18 nov. 1692, 1 p. 1 /2 in-4, fragm. de cachet. 7 »</Unicode>
                </TextEquiv>
                <TextStyle fontFamily="Times New Roman" fontSize="9.5"/>
            </TextLine>
            <TextEquiv>
                <Unicode>4156 Catinat (Nic.), illustre maréchal de France. —L. s. au comte
Dugua, colonel des milices du Dauphiné, à Die; camp proche
de Pigneroles, 18 nov. 1692, 1 p. 1 /2 in-4, fragm. de cachet. 7 »</Unicode>
            </TextEquiv>
        </TextRegion>
        <TextRegion type="paragraph" id="r_2_17" custom="readingOrder {index:17;}">
            <Coords points="138,1597 1594,1597 1594,1645 138,1645"/>
            <TextLine id="tl_31" primaryLanguage="English" custom="readingOrder {index:0;}">
                <Coords points="139,1598 1593,1598 1593,1644 139,1644"/>
                <Baseline points="139,1633 1593,1633"/>
                <Word id="w_w1aab1b3b2c33b1ab1" language="English" custom="readingOrder {index:0;}">
                    <Coords points="139,1601 226,1601 226,1636 139,1636"/>
                    <TextEquiv>
                        <Unicode>4157</Unicode>
                    </TextEquiv>
                    <TextStyle fontFamily="Times New Roman" fontSize="9.5"/>
                </Word>
                <Word id="w_w1aab1b3b2c33b1b1b1" language="English" custom="readingOrder {index:1;}">
                    <Coords points="252,1599 509,1599 509,1643 252,1643"/>
                    <TextEquiv>
                        <Unicode>Gavaignac</Unicode>
                    </TextEquiv>
                    <TextStyle fontFamily="Times New Roman" fontSize="9.0" bold="true"/>
                </Word>
                <Word id="w_w1aab1b3b2c33b1b2b1" language="English" custom="readingOrder {index:2;}">
                    <Coords points="537,1598 773,1598 773,1644 537,1644"/>
                    <TextEquiv>
                        <Unicode>(Godefroy),</Unicode>
                    </TextEquiv>
                    <TextStyle fontFamily="Times New Roman" fontSize="9.5"/>
                </Word>
                <Word id="w_w1aab1b3b2c33b1b2c25" language="English" custom="readingOrder {index:3;}">
                    <Coords points="807,1608 861,1608 861,1633 807,1633"/>
                    <TextEquiv>
                        <Unicode>un</Unicode>
                    </TextEquiv>
                    <TextStyle fontFamily="Times New Roman" fontSize="9.5"/>
                </Word>
                <Word id="w_w1aab1b3b2c33b1b2c31" language="English" custom="readingOrder {index:4;}">
                    <Coords points="892,1598 959,1598 959,1633 892,1633"/>
                    <TextEquiv>
                        <Unicode>des</Unicode>
                    </TextEquiv>
                    <TextStyle fontFamily="Times New Roman" fontSize="9.5"/>
                </Word>
                <Word id="w_w1aab1b3b2c33b1b2c39" language="English" custom="readingOrder {index:5;}">
                    <Coords points="989,1598 1096,1598 1096,1633 989,1633"/>
                    <TextEquiv>
                        <Unicode>chefs</Unicode>
                    </TextEquiv>
                    <TextStyle fontFamily="Times New Roman" fontSize="9.5"/>
                </Word>
                <Word id="w_w1aab1b3b2c33b1b2c51" language="English" custom="readingOrder {index:6;}">
                    <Coords points="1128,1598 1178,1598 1178,1632 1128,1632"/>
                    <TextEquiv>
                        <Unicode>du</Unicode>
                    </TextEquiv>
                    <TextStyle fontFamily="Times New Roman" fontSize="9.5"/>
                </Word>
                <Word id="w_w1aab1b3b2c33b1b2c57" language="English" custom="readingOrder {index:7;}">
                    <Coords points="1210,1598 1315,1598 1315,1643 1210,1643"/>
                    <TextEquiv>
                        <Unicode>parti</Unicode>
                    </TextEquiv>
                    <TextStyle fontFamily="Times New Roman" fontSize="9.5"/>
                </Word>
                <Word id="w_w1aab1b3b2c33b1b2c69" language="English" custom="readingOrder {index:8;}">
                    <Coords points="1345,1598 1593,1598 1593,1644 1345,1644"/>
                    <TextEquiv>
                        <Unicode>républicain</Unicode>
                    </TextEquiv>
                    <TextStyle fontFamily="Times New Roman" fontSize="9.5"/>
                </Word>
                <TextEquiv>
                    <Unicode>4157 Cavaignac (Godefroy), un des chefs du parti républicain</Unicode>
                </TextEquiv>
            </TextLine>
            <TextEquiv>
                <Unicode>4157 Cavaignac (Godefroy), un des chefs du parti républicain</Unicode>
            </TextEquiv>
        </TextRegion>
        <TextRegion type="paragraph" id="r_2_18" custom="readingOrder {index:18;}">
            <Coords points="247,1640 1596,1640 1596,1732 247,1732"/>
            <TextLine id="tl_32" primaryLanguage="English" custom="readingOrder {index:0;}">
                <Coords points="248,1641 1595,1641 1595,1688 248,1688"/>
                <Baseline points="248,1678 1595,1678"/>
                <Word id="w_w1aab1b3b2c35b1ab1" language="English" custom="readingOrder {index:0;}">
                    <Coords points="248,1654 339,1654 339,1678 248,1678"/>
                    <TextEquiv>
                        <Unicode>sous</Unicode>
                    </TextEquiv>
                    <TextStyle fontFamily="Times New Roman" fontSize="9.5"/>
                </Word>
                <Word id="w_w1aab1b3b2c35b1ac11" language="English" custom="readingOrder {index:1;}">
                    <Coords points="358,1641 695,1641 695,1688 358,1688"/>
                    <TextEquiv>
                        <Unicode>Louis-Philippe.</Unicode>
                    </TextEquiv>
                    <TextStyle fontFamily="Times New Roman" fontSize="9.5"/>
                </Word>
                <Word id="w_w1aab1b3b2c35b1ac43" language="English" custom="readingOrder {index:2;}">
                    <Coords points="718,1662 752,1662 752,1667 718,1667"/>
                    <TextEquiv>
                        <Unicode>—</Unicode>
                    </TextEquiv>
                    <TextStyle fontFamily="Times New Roman" fontSize="9.5"/>
                </Word>
                <Word id="w_w1aab1b3b2c35b1ac47" language="English" custom="readingOrder {index:3;}">
                    <Coords points="772,1643 814,1643 814,1677 772,1677"/>
                    <TextEquiv>
                        <Unicode>L.</Unicode>
                    </TextEquiv>
                    <TextStyle fontFamily="Times New Roman" fontSize="9.5"/>
                </Word>
                <Word id="w_w1aab1b3b2c35b1ac53" language="English" custom="readingOrder {index:4;}">
                    <Coords points="836,1653 869,1653 869,1678 836,1678"/>
                    <TextEquiv>
                        <Unicode>a.</Unicode>
                    </TextEquiv>
                    <TextStyle fontFamily="Times New Roman" fontSize="9.5"/>
                </Word>
                <Word id="w_w1aab1b3b2c35b1ac59" language="English" custom="readingOrder {index:5;}">
                    <Coords points="891,1653 921,1653 921,1678 891,1678"/>
                    <TextEquiv>
                        <Unicode>s.</Unicode>
                    </TextEquiv>
                    <TextStyle fontFamily="Times New Roman" fontSize="9.5"/>
                </Word>
                <Word id="w_w1aab1b3b2c35b1ac65" language="English" custom="readingOrder {index:6;}">
                    <Coords points="943,1643 964,1643 964,1677 943,1677"/>
                    <TextEquiv>
                        <Unicode>à</Unicode>
                    </TextEquiv>
                    <TextStyle fontFamily="Times New Roman" fontSize="9.5"/>
                </Word>
                <Word id="w_w1aab1b3b2c35b1ac69" language="English" custom="readingOrder {index:7;}">
                    <Coords points="982,1642 1102,1642 1102,1677 982,1677"/>
                    <TextEquiv>
                        <Unicode>Flora</Unicode>
                    </TextEquiv>
                    <TextStyle fontFamily="Times New Roman" fontSize="9.5"/>
                </Word>
                <Word id="w_w1aab1b3b2c35b1ac81" language="English" custom="readingOrder {index:8;}">
                    <Coords points="1120,1642 1292,1642 1292,1685 1120,1685"/>
                    <TextEquiv>
                        <Unicode>Tristan,</Unicode>
                    </TextEquiv>
                    <TextStyle fontFamily="Times New Roman" fontSize="9.5"/>
                </Word>
                <Word id="w_w1aab1b3b2c35b1ac99" language="English" custom="readingOrder {index:9;}">
                    <Coords points="1316,1645 1412,1645 1412,1686 1316,1686"/>
                    <TextEquiv>
                        <Unicode>1843,</Unicode>
                    </TextEquiv>
                    <TextStyle fontFamily="Times New Roman" fontSize="9.5"/>
                </Word>
                <Word id="w_w1aab1b3b2c35b1ad111" language="English" custom="readingOrder {index:10;}">
                    <Coords points="1438,1646 1448,1646 1448,1677 1438,1677"/>
                    <TextEquiv>
                        <Unicode>1</Unicode>
                    </TextEquiv>
                    <TextStyle fontFamily="Times New Roman" fontSize="9.5"/>
                </Word>
                <Word id="w_w1aab1b3b2c35b1ad115" language="English" custom="readingOrder {index:11;}">
                    <Coords points="1473,1653 1508,1653 1508,1687 1473,1687"/>
                    <TextEquiv>
                        <Unicode>p.</Unicode>
                    </TextEquiv>
                    <TextStyle fontFamily="Times New Roman" fontSize="9.5"/>
                </Word>
                <Word id="w_w1aab1b3b2c35b1ad121" language="English" custom="readingOrder {index:12;}">
                    <Coords points="1534,1646 1595,1646 1595,1686 1534,1686"/>
                    <TextEquiv>
                        <Unicode>1/2</Unicode>
                    </TextEquiv>
                    <TextStyle fontFamily="Times New Roman" fontSize="9.5"/>
                </Word>
                <TextEquiv>
                    <Unicode>sous Louis-Philippe. — L. a. s. à Flora Tristan, 1843, 1 p. 1/2</Unicode>
                </TextEquiv>
                <TextStyle fontFamily="Times New Roman" fontSize="9.5"/>
            </TextLine>
            <TextLine id="tl_33" primaryLanguage="English" custom="readingOrder {index:1;}">
                <Coords points="251,1686 1595,1686 1595,1731 251,1731"/>
                <Baseline points="251,1722 1595,1722"/>
                <Word id="w_w1aab1b3b2c35b3ab1" language="English" custom="readingOrder {index:0;}">
                    <Coords points="251,1688 343,1688 343,1731 251,1731"/>
                    <TextEquiv>
                        <Unicode>in-8,</Unicode>
                    </TextEquiv>
                    <TextStyle fontFamily="Times New Roman" fontSize="9.5"/>
                </Word>
                <Word id="w_w1aab1b3b2c35b3ac13" language="English" custom="readingOrder {index:1;}">
                    <Coords points="364,1687 502,1687 502,1722 364,1722"/>
                    <TextEquiv>
                        <Unicode>cachet</Unicode>
                    </TextEquiv>
                    <TextStyle fontFamily="Times New Roman" fontSize="9.5"/>
                </Word>
                <Word id="w_w1aab1b3b2c35b3ac27" language="English" custom="readingOrder {index:2;}">
                    <Coords points="520,1688 542,1688 542,1722 520,1722"/>
                    <TextEquiv>
                        <Unicode>à</Unicode>
                    </TextEquiv>
                    <TextStyle fontFamily="Times New Roman" fontSize="9.5"/>
                </Word>
                <Word id="w_w1aab1b3b2c35b3ac31" language="English" custom="readingOrder {index:3;}">
                    <Coords points="561,1697 630,1697 630,1722 561,1722"/>
                    <TextEquiv>
                        <Unicode>son</Unicode>
                    </TextEquiv>
                    <TextStyle fontFamily="Times New Roman" fontSize="9.5"/>
                </Word>
                <Word id="w_w1aab1b3b2c35b3ac39" language="English" custom="readingOrder {index:4;}">
                    <Coords points="650,1686 803,1686 803,1722 650,1722"/>
                    <TextEquiv>
                        <Unicode>chiffre.</Unicode>
                    </TextEquiv>
                    <TextStyle fontFamily="Times New Roman" fontSize="9.5"/>
                </Word>
                <Word id="w_w1aab1b3b2c35b3ac57" language="English" custom="readingOrder {index:5;}">
                    <Coords points="1508,1690 1529,1690 1529,1722 1508,1722"/>
                    <TextEquiv>
                        <Unicode>2</Unicode>
                    </TextEquiv>
                    <TextStyle fontFamily="Times New Roman" fontSize="9.5"/>
                </Word>
                <Word id="w_w1aab1b3b2c35b3ac61" language="English" custom="readingOrder {index:6;}">
                    <Coords points="1552,1691 1595,1691 1595,1723 1552,1723"/>
                    <TextEquiv>
                        <Unicode>50</Unicode>
                    </TextEquiv>
                    <TextStyle fontFamily="Times New Roman" fontSize="9.5"/>
                </Word>
                <TextEquiv>
                    <Unicode>in-8, cachet à son chiffre. 2 50</Unicode>
                </TextEquiv>
                <TextStyle fontFamily="Times New Roman" fontSize="9.5"/>
            </TextLine>
            <TextEquiv>
                <Unicode>sous Louis-Philippe. — L. a. s. à Flora Tristan, 1843, 1 p. 1/2
in-8, cachet à son chiffre. 2 50</Unicode>
            </TextEquiv>
        </TextRegion>
        <TextRegion type="paragraph" id="r_2_19" custom="readingOrder {index:19;}">
            <Coords points="139,1740 1594,1740 1594,1788 139,1788"/>
            <TextLine id="tl_34" primaryLanguage="English" custom="readingOrder {index:0;}">
                <Coords points="140,1741 1593,1741 1593,1787 140,1787"/>
                <Baseline points="140,1777 1593,1777"/>
                <Word id="w_w1aab1b3b2c37b1ab1" language="English" custom="readingOrder {index:0;}">
                    <Coords points="140,1745 228,1745 228,1779 140,1779"/>
                    <TextEquiv>
                        <Unicode>4158</Unicode>
                    </TextEquiv>
                    <TextStyle fontFamily="Times New Roman" fontSize="9.5"/>
                </Word>
                <Word id="w_w1aab1b3b2c37b1b1b1" language="English" custom="readingOrder {index:1;}">
                    <Coords points="252,1742 509,1742 509,1787 252,1787"/>
                    <TextEquiv>
                        <Unicode>Gavaignac</Unicode>
                    </TextEquiv>
                    <TextStyle fontFamily="Times New Roman" fontSize="9.0" bold="true"/>
                </Word>
                <Word id="w_w1aab1b3b2c37b1b2b1" language="English" custom="readingOrder {index:2;}">
                    <Coords points="538,1742 586,1742 586,1786 538,1786"/>
                    <TextEquiv>
                        <Unicode>(le</Unicode>
                    </TextEquiv>
                    <TextStyle fontFamily="Times New Roman" fontSize="9.5"/>
                </Word>
                <Word id="w_w1aab1b3b2c37b1b2b9" language="English" custom="readingOrder {index:3;}">
                    <Coords points="615,1742 775,1742 775,1787 615,1787"/>
                    <TextEquiv>
                        <Unicode>général</Unicode>
                    </TextEquiv>
                    <TextStyle fontFamily="Times New Roman" fontSize="9.5"/>
                </Word>
                <Word id="w_w1aab1b3b2c37b1b2c25" language="English" custom="readingOrder {index:4;}">
                    <Coords points="804,1741 930,1741 930,1786 804,1786"/>
                    <TextEquiv>
                        <Unicode>Eug.),</Unicode>
                    </TextEquiv>
                    <TextStyle fontFamily="Times New Roman" fontSize="9.5"/>
                </Word>
                <Word id="w_w1aab1b3b2c37b1b2c39" language="English" custom="readingOrder {index:5;}">
                    <Coords points="960,1742 1065,1742 1065,1776 960,1776"/>
                    <TextEquiv>
                        <Unicode>frère</Unicode>
                    </TextEquiv>
                    <TextStyle fontFamily="Times New Roman" fontSize="9.5"/>
                </Word>
                <Word id="w_w1aab1b3b2c37b1b2c51" language="English" custom="readingOrder {index:6;}">
                    <Coords points="1094,1741 1146,1741 1146,1776 1094,1776"/>
                    <TextEquiv>
                        <Unicode>du</Unicode>
                    </TextEquiv>
                    <TextStyle fontFamily="Times New Roman" fontSize="9.5"/>
                </Word>
                <Word id="w_w1aab1b3b2c37b1b2c57" language="English" custom="readingOrder {index:7;}">
                    <Coords points="1175,1742 1395,1742 1395,1786 1175,1786"/>
                    <TextEquiv>
                        <Unicode>précédent,</Unicode>
                    </TextEquiv>
                    <TextStyle fontFamily="Times New Roman" fontSize="9.5"/>
                </Word>
                <Word id="w_w1aab1b3b2c37b1b2c79" language="English" custom="readingOrder {index:8;}">
                    <Coords points="1425,1742 1518,1742 1518,1777 1425,1777"/>
                    <TextEquiv>
                        <Unicode>chef</Unicode>
                    </TextEquiv>
                    <TextStyle fontFamily="Times New Roman" fontSize="9.5"/>
                </Word>
                <Word id="w_w1aab1b3b2c37b1b2c89" language="English" custom="readingOrder {index:9;}">
                    <Coords points="1542,1743 1593,1743 1593,1777 1542,1777"/>
                    <TextEquiv>
                        <Unicode>du</Unicode>
                    </TextEquiv>
                    <TextStyle fontFamily="Times New Roman" fontSize="9.5"/>
                </Word>
                <TextEquiv>
                    <Unicode>4158 Cavaignac (le général Eug.), frère du précédent, chef du</Unicode>
                </TextEquiv>
            </TextLine>
            <TextEquiv>
                <Unicode>4158 Cavaignac (le général Eug.), frère du précédent, chef du</Unicode>
            </TextEquiv>
        </TextRegion>
        <TextRegion type="paragraph" id="r_2_20" custom="readingOrder {index:20;}">
            <Coords points="248,1785 1595,1785 1595,1835 248,1835"/>
            <TextLine id="tl_35" primaryLanguage="English" custom="readingOrder {index:0;}">
                <Coords points="249,1786 1594,1786 1594,1834 249,1834"/>
                <Baseline points="249,1822 1594,1822"/>
                <Word id="w_w1aab1b3b2c39b1ab1" language="English" custom="readingOrder {index:0;}">
                    <Coords points="249,1787 417,1787 417,1834 249,1834"/>
                    <TextEquiv>
                        <Unicode>pouvoir</Unicode>
                    </TextEquiv>
                    <TextStyle fontFamily="Times New Roman" fontSize="9.5"/>
                </Word>
                <Word id="w_w1aab1b3b2c39b1ac17" language="English" custom="readingOrder {index:1;}">
                    <Coords points="436,1787 613,1787 613,1822 436,1822"/>
                    <TextEquiv>
                        <Unicode>exécutif</Unicode>
                    </TextEquiv>
                    <TextStyle fontFamily="Times New Roman" fontSize="9.5"/>
                </Word>
                <Word id="w_w1aab1b3b2c39b1ac35" language="English" custom="readingOrder {index:2;}">
                    <Coords points="629,1798 677,1798 677,1822 629,1822"/>
                    <TextEquiv>
                        <Unicode>en</Unicode>
                    </TextEquiv>
                    <TextStyle fontFamily="Times New Roman" fontSize="9.5"/>
                </Word>
                <Word id="w_w1aab1b3b2c39b1ac41" language="English" custom="readingOrder {index:3;}">
                    <Coords points="700,1789 796,1789 796,1822 700,1822"/>
                    <TextEquiv>
                        <Unicode>1848.</Unicode>
                    </TextEquiv>
                    <TextStyle fontFamily="Times New Roman" fontSize="9.5"/>
                </Word>
                <Word id="w_w1aab1b3b2c39b1ac53" language="English" custom="readingOrder {index:4;}">
                    <Coords points="817,1804 854,1804 854,1810 817,1810"/>
                    <TextEquiv>
                        <Unicode>—</Unicode>
                    </TextEquiv>
                    <TextStyle fontFamily="Times New Roman" fontSize="9.5"/>
                </Word>
                <Word id="w_w1aab1b3b2c39b1ac57" language="English" custom="readingOrder {index:5;}">
                    <Coords points="872,1786 915,1786 915,1821 872,1821"/>
                    <TextEquiv>
                        <Unicode>L.</Unicode>
                    </TextEquiv>
                    <TextStyle fontFamily="Times New Roman" fontSize="9.5"/>
                </Word>
                <Word id="w_w1aab1b3b2c39b1ac63" language="English" custom="readingOrder {index:6;}">
                    <Coords points="936,1797 970,1797 970,1821 936,1821"/>
                    <TextEquiv>
                        <Unicode>a.</Unicode>
                    </TextEquiv>
                    <TextStyle fontFamily="Times New Roman" fontSize="9.5"/>
                </Word>
                <Word id="w_w1aab1b3b2c39b1ac69" language="English" custom="readingOrder {index:7;}">
                    <Coords points="991,1796 1035,1796 1035,1828 991,1828"/>
                    <TextEquiv>
                        <Unicode>s.,</Unicode>
                    </TextEquiv>
                    <TextStyle fontFamily="Times New Roman" fontSize="9.5"/>
                </Word>
                <Word id="w_w1aab1b3b2c39b1ac77" language="English" custom="readingOrder {index:8;}">
                    <Coords points="1060,1788 1156,1788 1156,1828 1060,1828"/>
                    <TextEquiv>
                        <Unicode>1855,</Unicode>
                    </TextEquiv>
                    <TextStyle fontFamily="Times New Roman" fontSize="9.5"/>
                </Word>
                <Word id="w_w1aab1b3b2c39b1ac89" language="English" custom="readingOrder {index:9;}">
                    <Coords points="1181,1789 1192,1789 1192,1821 1181,1821"/>
                    <TextEquiv>
                        <Unicode>1</Unicode>
                    </TextEquiv>
                    <TextStyle fontFamily="Times New Roman" fontSize="9.5"/>
                </Word>
                <Word id="w_w1aab1b3b2c39b1ac93" language="English" custom="readingOrder {index:10;}">
                    <Coords points="1216,1797 1251,1797 1251,1832 1216,1832"/>
                    <TextEquiv>
                        <Unicode>p.</Unicode>
                    </TextEquiv>
                    <TextStyle fontFamily="Times New Roman" fontSize="9.5"/>
                </Word>
                <Word id="w_w1aab1b3b2c39b1ac99" language="English" custom="readingOrder {index:11;}">
                    <Coords points="1273,1786 1387,1786 1387,1821 1273,1821"/>
                    <TextEquiv>
                        <Unicode>in-18.</Unicode>
                    </TextEquiv>
                    <TextStyle fontFamily="Times New Roman" fontSize="9.5"/>
                </Word>
                <Word id="w_w1aab1b3b2c39b1ad113" language="English" custom="readingOrder {index:12;}">
                    <Coords points="1506,1789 1527,1789 1527,1821 1506,1821"/>
                    <TextEquiv>
                        <Unicode>2</Unicode>
                    </TextEquiv>
                    <TextStyle fontFamily="Times New Roman" fontSize="9.5"/>
                </Word>
                <Word id="w_w1aab1b3b2c39b1ad117" language="English" custom="readingOrder {index:13;}">
                    <Coords points="1550,1790 1594,1790 1594,1822 1550,1822"/>
                    <TextEquiv>
                        <Unicode>50</Unicode>
                    </TextEquiv>
                    <TextStyle fontFamily="Times New Roman" fontSize="9.5"/>
                </Word>
                <TextEquiv>
                    <Unicode>pouvoir exécutif en 1848. — L. a. s., 1855, 1 p. in-18. 2 50</Unicode>
                </TextEquiv>
                <TextStyle fontFamily="Times New Roman" fontSize="9.5"/>
            </TextLine>
            <TextEquiv>
                <Unicode>pouvoir exécutif en 1848. — L. a. s., 1855, 1 p. in-18. 2 50</Unicode>
            </TextEquiv>
        </TextRegion>
        <TextRegion type="paragraph" id="r_2_21" custom="readingOrder {index:21;}">
            <Coords points="137,1840 1594,1840 1594,1888 137,1888"/>
            <TextLine id="tl_36" primaryLanguage="English" custom="readingOrder {index:0;}">
                <Coords points="138,1841 1593,1841 1593,1887 138,1887"/>
                <Baseline points="138,1876 1593,1876"/>
                <Word id="w_w1aab1b3b2c41b1ab1" language="English" custom="readingOrder {index:0;}">
                    <Coords points="138,1845 225,1845 225,1879 138,1879"/>
                    <TextEquiv>
                        <Unicode>4159</Unicode>
                    </TextEquiv>
                    <TextStyle fontFamily="Times New Roman" fontSize="9.5"/>
                </Word>
                <Word id="w_w1aab1b3b2c41b1b1b1" language="English" custom="readingOrder {index:1;}">
                    <Coords points="250,1843 425,1843 425,1887 250,1887"/>
                    <TextEquiv>
                        <Unicode>Gavour</Unicode>
                    </TextEquiv>
                    <TextStyle fontFamily="Times New Roman" fontSize="9.0" bold="true"/>
                </Word>
                <Word id="w_w1aab1b3b2c41b1b2b1" language="English" custom="readingOrder {index:2;}">
                    <Coords points="444,1841 620,1841 620,1887 444,1887"/>
                    <TextEquiv>
                        <Unicode>(Camille</Unicode>
                    </TextEquiv>
                    <TextStyle fontFamily="Times New Roman" fontSize="9.5"/>
                </Word>
                <Word id="w_w1aab1b3b2c41b1b2c19" language="English" custom="readingOrder {index:3;}">
                    <Coords points="640,1842 713,1842 713,1886 640,1886"/>
                    <TextEquiv>
                        <Unicode>de),</Unicode>
                    </TextEquiv>
                    <TextStyle fontFamily="Times New Roman" fontSize="9.5"/>
                </Word>
                <Word id="w_w1aab1b3b2c41b1b2c29" language="English" custom="readingOrder {index:4;}">
                    <Coords points="734,1842 770,1842 770,1877 734,1877"/>
                    <TextEquiv>
                        <Unicode>le</Unicode>
                    </TextEquiv>
                    <TextStyle fontFamily="Times New Roman" fontSize="9.5"/>
                </Word>
                <Word id="w_w1aab1b3b2c41b1b2c35" language="English" custom="readingOrder {index:5;}">
                    <Coords points="793,1841 916,1841 916,1885 793,1885"/>
                    <TextEquiv>
                        <Unicode>grand</Unicode>
                    </TextEquiv>
                    <TextStyle fontFamily="Times New Roman" fontSize="9.5"/>
                </Word>
                <Word id="w_w1aab1b3b2c41b1b2c47" language="English" custom="readingOrder {index:6;}">
                    <Coords points="938,1841 1094,1841 1094,1876 938,1876"/>
                    <TextEquiv>
                        <Unicode>homme</Unicode>
                    </TextEquiv>
                    <TextStyle fontFamily="Times New Roman" fontSize="9.5"/>
                </Word>
                <Word id="w_w1aab1b3b2c41b1b2c59" language="English" custom="readingOrder {index:7;}">
                    <Coords points="1115,1841 1244,1841 1244,1877 1115,1877"/>
                    <TextEquiv>
                        <Unicode>d’Etat</Unicode>
                    </TextEquiv>
                    <TextStyle fontFamily="Times New Roman" fontSize="9.5"/>
                </Word>
                <Word id="w_w1aab1b3b2c41b1b2c73" language="English" custom="readingOrder {index:8;}">
                    <Coords points="1264,1841 1418,1841 1418,1877 1264,1877"/>
                    <TextEquiv>
                        <Unicode>italien.</Unicode>
                    </TextEquiv>
                    <TextStyle fontFamily="Times New Roman" fontSize="9.5"/>
                </Word>
                <Word id="w_w1aab1b3b2c41b1b2c91" language="English" custom="readingOrder {index:9;}">
                    <Coords points="1440,1860 1476,1860 1476,1865 1440,1865"/>
                    <TextEquiv>
                        <Unicode>—</Unicode>
                    </TextEquiv>
                    <TextStyle fontFamily="Times New Roman" fontSize="9.5"/>
                </Word>
                <Word id="w_w1aab1b3b2c41b1b2c95" language="English" custom="readingOrder {index:10;}">
                    <Coords points="1498,1842 1536,1842 1536,1877 1498,1877"/>
                    <TextEquiv>
                        <Unicode>L.</Unicode>
                    </TextEquiv>
                    <TextStyle fontFamily="Times New Roman" fontSize="9.5"/>
                </Word>
                <Word id="w_w1aab1b3b2c41b1b2d101" language="English" custom="readingOrder {index:11;}">
                    <Coords points="1559,1853 1593,1853 1593,1877 1559,1877"/>
                    <TextEquiv>
                        <Unicode>a.</Unicode>
                    </TextEquiv>
                    <TextStyle fontFamily="Times New Roman" fontSize="9.5"/>
                </Word>
                <TextEquiv>
                    <Unicode>4159 Cavour (Camille de), le grand homme d’Etat italien. — L. a.</Unicode>
                </TextEquiv>
            </TextLine>
            <TextEquiv>
                <Unicode>4159 Cavour (Camille de), le grand homme d’Etat italien. — L. a.</Unicode>
            </TextEquiv>
        </TextRegion>
        <TextRegion type="paragraph" id="r_2_22" custom="readingOrder {index:22;}">
            <Coords points="248,1884 1595,1884 1595,1936 248,1936"/>
            <TextLine id="tl_37" primaryLanguage="English" custom="readingOrder {index:0;}">
                <Coords points="249,1885 1594,1885 1594,1935 249,1935"/>
                <Baseline points="249,1921 1594,1921"/>
                <Word id="w_w1aab1b3b2c43b1ab1" language="English" custom="readingOrder {index:0;}">
                    <Coords points="249,1899 295,1899 295,1931 249,1931"/>
                    <TextEquiv>
                        <Unicode>s.,</Unicode>
                    </TextEquiv>
                    <TextStyle fontFamily="Times New Roman" fontSize="9.5"/>
                </Word>
                <Word id="w_w1aab1b3b2c43b1ab9" language="English" custom="readingOrder {index:1;}">
                    <Coords points="317,1898 365,1898 365,1922 317,1922"/>
                    <TextEquiv>
                        <Unicode>en</Unicode>
                    </TextEquiv>
                    <TextStyle fontFamily="Times New Roman" fontSize="9.5"/>
                </Word>
                <Word id="w_w1aab1b3b2c43b1ac15" language="English" custom="readingOrder {index:2;}">
                    <Coords points="386,1887 571,1887 571,1935 386,1935"/>
                    <TextEquiv>
                        <Unicode>français,</Unicode>
                    </TextEquiv>
                    <TextStyle fontFamily="Times New Roman" fontSize="9.5"/>
                </Word>
                <Word id="w_w1aab1b3b2c43b1ac35" language="English" custom="readingOrder {index:3;}">
                    <Coords points="593,1886 614,1886 614,1920 593,1920"/>
                    <TextEquiv>
                        <Unicode>à</Unicode>
                    </TextEquiv>
                    <TextStyle fontFamily="Times New Roman" fontSize="9.5"/>
                </Word>
                <Word id="w_w1aab1b3b2c43b1ac39" language="English" custom="readingOrder {index:4;}">
                    <Coords points="633,1897 686,1897 686,1921 633,1921"/>
                    <TextEquiv>
                        <Unicode>un</Unicode>
                    </TextEquiv>
                    <TextStyle fontFamily="Times New Roman" fontSize="9.5"/>
                </Word>
                <Word id="w_w1aab1b3b2c43b1ac45" language="English" custom="readingOrder {index:5;}">
                    <Coords points="705,1886 894,1886 894,1931 705,1931"/>
                    <TextEquiv>
                        <Unicode>Anglais;</Unicode>
                    </TextEquiv>
                    <TextStyle fontFamily="Times New Roman" fontSize="9.5"/>
                </Word>
                <Word id="w_w1aab1b3b2c43b1ac63" language="English" custom="readingOrder {index:6;}">
                    <Coords points="914,1888 957,1888 957,1921 914,1921"/>
                    <TextEquiv>
                        <Unicode>29</Unicode>
                    </TextEquiv>
                    <TextStyle fontFamily="Times New Roman" fontSize="9.5"/>
                </Word>
                <Word id="w_w1aab1b3b2c43b1ac69" language="English" custom="readingOrder {index:7;}">
                    <Coords points="977,1885 1054,1885 1054,1920 977,1920"/>
                    <TextEquiv>
                        <Unicode>mai</Unicode>
                    </TextEquiv>
                    <TextStyle fontFamily="Times New Roman" fontSize="9.5"/>
                </Word>
                <Word id="w_w1aab1b3b2c43b1ac77" language="English" custom="readingOrder {index:8;}">
                    <Coords points="1079,1887 1174,1887 1174,1928 1079,1928"/>
                    <TextEquiv>
                        <Unicode>1835,</Unicode>
                    </TextEquiv>
                    <TextStyle fontFamily="Times New Roman" fontSize="9.5"/>
                </Word>
                <Word id="w_w1aab1b3b2c43b1ac89" language="English" custom="readingOrder {index:9;}">
                    <Coords points="1195,1889 1216,1889 1216,1921 1195,1921"/>
                    <TextEquiv>
                        <Unicode>3</Unicode>
                    </TextEquiv>
                    <TextStyle fontFamily="Times New Roman" fontSize="9.5"/>
                </Word>
                <Word id="w_w1aab1b3b2c43b1ac93" language="English" custom="readingOrder {index:10;}">
                    <Coords points="1235,1896 1270,1896 1270,1931 1235,1931"/>
                    <TextEquiv>
                        <Unicode>p.</Unicode>
                    </TextEquiv>
                    <TextStyle fontFamily="Times New Roman" fontSize="9.5"/>
                </Word>
                <Word id="w_w1aab1b3b2c43b1ac99" language="English" custom="readingOrder {index:11;}">
                    <Coords points="1292,1886 1384,1886 1384,1921 1292,1921"/>
                    <TextEquiv>
                        <Unicode>in-8.</Unicode>
                    </TextEquiv>
                    <TextStyle fontFamily="Times New Roman" fontSize="9.5"/>
                </Word>
                <Word id="w_w1aab1b3b2c43b1ad111" language="English" custom="readingOrder {index:12;}">
                    <Coords points="1491,1889 1531,1889 1531,1921 1491,1921"/>
                    <TextEquiv>
                        <Unicode>10</Unicode>
                    </TextEquiv>
                    <TextStyle fontFamily="Times New Roman" fontSize="9.5"/>
                </Word>
                <Word id="w_w1aab1b3b2c43b1ad117" language="English" custom="readingOrder {index:13;}">
                    <Coords points="1578,1899 1594,1899 1594,1918 1578,1918"/>
                    <TextEquiv>
                        <Unicode>»</Unicode>
                    </TextEquiv>
                    <TextStyle fontFamily="Times New Roman" fontSize="9.5"/>
                </Word>
                <TextEquiv>
                    <Unicode>s., en français, à un Anglais; 29 mai 1835, 3 p. in-8. 10 »</Unicode>
                </TextEquiv>
                <TextStyle fontFamily="Times New Roman" fontSize="9.5"/>
            </TextLine>
            <TextEquiv>
                <Unicode>s., en français, à un Anglais; 29 mai 1835, 3 p. in-8. 10 »</Unicode>
            </TextEquiv>
        </TextRegion>
        <TextRegion type="paragraph" id="r_2_23" custom="readingOrder {index:23;}">
            <Coords points="256,1923 1601,1923 1601,2087 256,2087"/>
            <TextLine id="tl_38" primaryLanguage="English" custom="readingOrder {index:0;}">
                <Coords points="294,1924 1599,1924 1599,1971 294,1971"/>
                <Baseline points="294,1961 1599,1961"/>
                <Word id="w_w1aab1b3b2c45b1ab1" language="English" custom="readingOrder {index:0;}">
                    <Coords points="294,1933 366,1933 366,1963 294,1963"/>
                    <TextEquiv>
                        <Unicode>Jolie</Unicode>
                    </TextEquiv>
                    <TextStyle fontFamily="Times New Roman" fontSize="7.0"/>
                </Word>
                <Word id="w_w1aab1b3b2c45b1ac13" language="English" custom="readingOrder {index:1;}">
                    <Coords points="379,1933 480,1933 480,1971 379,1971"/>
                    <TextEquiv>
                        <Unicode>épitre,</Unicode>
                    </TextEquiv>
                    <TextStyle fontFamily="Times New Roman" fontSize="7.0"/>
                </Word>
                <Word id="w_w1aab1b3b2c45b1b1b1" language="English" custom="readingOrder {index:2;}">
                    <Coords points="484,1924 494,1924 494,1935 484,1935"/>
                    <TextEquiv>
                        <Unicode>3</Unicode>
                    </TextEquiv>
                    <TextStyle fontFamily="Times New Roman" fontSize="7.0" superscript="true"/>
                </Word>
                <Word id="w_w1aab1b3b2c45b1b2b3" language="English" custom="readingOrder {index:3;}">
                    <Coords points="511,1932 597,1932 597,1961 511,1961"/>
                    <TextEquiv>
                        <Unicode>écrite</Unicode>
                    </TextEquiv>
                    <TextStyle fontFamily="Times New Roman" fontSize="7.0"/>
                </Word>
                <Word id="w_w1aab1b3b2c45b1b2c17" language="English" custom="readingOrder {index:4;}">
                    <Coords points="612,1932 738,1932 738,1969 612,1969"/>
                    <TextEquiv>
                        <Unicode>pendant</Unicode>
                    </TextEquiv>
                    <TextStyle fontFamily="Times New Roman" fontSize="7.0"/>
                </Word>
                <Word id="w_w1aab1b3b2c45b1b2c33" language="English" custom="readingOrder {index:5;}">
                    <Coords points="756,1939 794,1939 794,1962 756,1962"/>
                    <TextEquiv>
                        <Unicode>un</Unicode>
                    </TextEquiv>
                    <TextStyle fontFamily="Times New Roman" fontSize="7.0"/>
                </Word>
                <Word id="w_w1aab1b3b2c45b1b2c39" language="English" custom="readingOrder {index:6;}">
                    <Coords points="812,1938 922,1938 922,1969 812,1969"/>
                    <TextEquiv>
                        <Unicode>voyage</Unicode>
                    </TextEquiv>
                    <TextStyle fontFamily="Times New Roman" fontSize="7.0"/>
                </Word>
                <Word id="w_w1aab1b3b2c45b1b2c53" language="English" custom="readingOrder {index:7;}">
                    <Coords points="939,1939 974,1939 974,1960 939,1960"/>
                    <TextEquiv>
                        <Unicode>en</Unicode>
                    </TextEquiv>
                    <TextStyle fontFamily="Times New Roman" fontSize="7.0"/>
                </Word>
                <Word id="w_w1aab1b3b2c45b1b2c59" language="English" custom="readingOrder {index:8;}">
                    <Coords points="997,1930 1177,1930 1177,1968 997,1968"/>
                    <TextEquiv>
                        <Unicode>Angleterre,</Unicode>
                    </TextEquiv>
                    <TextStyle fontFamily="Times New Roman" fontSize="7.0"/>
                </Word>
                <Word id="w_w1aab1b3b2c45b1b2c83" language="English" custom="readingOrder {index:9;}">
                    <Coords points="1208,1932 1276,1932 1276,1962 1208,1962"/>
                    <TextEquiv>
                        <Unicode>dont</Unicode>
                    </TextEquiv>
                    <TextStyle fontFamily="Times New Roman" fontSize="7.0"/>
                </Word>
                <Word id="w_w1aab1b3b2c45b1b2c93" language="English" custom="readingOrder {index:10;}">
                    <Coords points="1292,1932 1309,1932 1309,1961 1292,1961"/>
                    <TextEquiv>
                        <Unicode>il</Unicode>
                    </TextEquiv>
                    <TextStyle fontFamily="Times New Roman" fontSize="7.0"/>
                </Word>
                <Word id="w_w1aab1b3b2c45b1b2c99" language="English" custom="readingOrder {index:11;}">
                    <Coords points="1326,1930 1445,1930 1445,1962 1326,1962"/>
                    <TextEquiv>
                        <Unicode>étudiait</Unicode>
                    </TextEquiv>
                    <TextStyle fontFamily="Times New Roman" fontSize="7.0"/>
                </Word>
                <Word id="w_w1aab1b3b2c45b1b2d117" language="English" custom="readingOrder {index:12;}">
                    <Coords points="1459,1931 1502,1931 1502,1961 1459,1961"/>
                    <TextEquiv>
                        <Unicode>les</Unicode>
                    </TextEquiv>
                    <TextStyle fontFamily="Times New Roman" fontSize="7.0"/>
                </Word>
                <Word id="w_w1aab1b3b2c45b1b2d125" language="English" custom="readingOrder {index:13;}">
                    <Coords points="1517,1931 1599,1931 1599,1962 1517,1962"/>
                    <TextEquiv>
                        <Unicode>insti¬</Unicode>
                    </TextEquiv>
                    <TextStyle fontFamily="Times New Roman" fontSize="7.0"/>
                </Word>
                <TextEquiv>
                    <Unicode>Jolie épître, écrite pendant un voyage en Angleterre, dont il étudiait les insti¬</Unicode>
                </TextEquiv>
            </TextLine>
            <TextLine id="tl_39" primaryLanguage="English" custom="readingOrder {index:1;}">
                <Coords points="257,1969 1600,1969 1600,2009 257,2009"/>
                <Baseline points="257,2000 1600,2000"/>
                <Word id="w_w1aab1b3b2c45b3ab1" language="English" custom="readingOrder {index:0;}">
                    <Coords points="257,1973 364,1973 364,2002 257,2002"/>
                    <TextEquiv>
                        <Unicode>tutions</Unicode>
                    </TextEquiv>
                    <TextStyle fontFamily="Times New Roman" fontSize="7.0"/>
                </Word>
                <Word id="w_w1aab1b3b2c45b3ac17" language="English" custom="readingOrder {index:1;}">
                    <Coords points="381,1972 533,1972 533,2009 381,2009"/>
                    <TextEquiv>
                        <Unicode>politiques</Unicode>
                    </TextEquiv>
                    <TextStyle fontFamily="Times New Roman" fontSize="7.0"/>
                </Word>
                <Word id="w_w1aab1b3b2c45b3ac39" language="English" custom="readingOrder {index:2;}">
                    <Coords points="562,1973 590,1973 590,2001 562,2001"/>
                    <TextEquiv>
                        <Unicode>et</Unicode>
                    </TextEquiv>
                    <TextStyle fontFamily="Times New Roman" fontSize="7.0"/>
                </Word>
                <Word id="w_w1aab1b3b2c45b3ac45" language="English" custom="readingOrder {index:3;}">
                    <Coords points="607,1971 643,1971 643,2001 607,2001"/>
                    <TextEquiv>
                        <Unicode>de</Unicode>
                    </TextEquiv>
                    <TextStyle fontFamily="Times New Roman" fontSize="7.0"/>
                </Word>
                <Word id="w_w1aab1b3b2c45b3ac51" language="English" custom="readingOrder {index:4;}">
                    <Coords points="663,1970 869,1970 869,2001 663,2001"/>
                    <TextEquiv>
                        <Unicode>bienfaisance.</Unicode>
                    </TextEquiv>
                    <TextStyle fontFamily="Times New Roman" fontSize="7.0"/>
                </Word>
                <Word id="w_w1aab1b3b2c45b3ac79" language="English" custom="readingOrder {index:5;}">
                    <Coords points="903,1981 916,1981 916,1996 903,1996"/>
                    <TextEquiv>
                        <Unicode>«</Unicode>
                    </TextEquiv>
                    <TextStyle fontFamily="Times New Roman" fontSize="7.0"/>
                </Word>
                <Word id="w_w1aab1b3b2c45b3ac83" language="English" custom="readingOrder {index:6;}">
                    <Coords points="946,1992 964,1992 964,2000 946,2000"/>
                    <TextEquiv>
                        <Unicode>..</Unicode>
                    </TextEquiv>
                    <TextStyle fontFamily="Times New Roman" fontSize="7.0"/>
                </Word>
                <Word id="w_w1aab1b3b2c45b3ac89" language="English" custom="readingOrder {index:7;}">
                    <Coords points="983,1970 1016,1970 1016,2000 983,2000"/>
                    <TextEquiv>
                        <Unicode>Je</Unicode>
                    </TextEquiv>
                    <TextStyle fontFamily="Times New Roman" fontSize="7.0"/>
                </Word>
                <Word id="w_w1aab1b3b2c45b3ac95" language="English" custom="readingOrder {index:8;}">
                    <Coords points="1033,1969 1165,1969 1165,2008 1033,2008"/>
                    <TextEquiv>
                        <Unicode>pourrai,</Unicode>
                    </TextEquiv>
                    <TextStyle fontFamily="Times New Roman" fontSize="7.0"/>
                </Word>
                <Word id="w_w1aab1b3b2c45b3ad113" language="English" custom="readingOrder {index:9;}">
                    <Coords points="1190,1971 1275,1971 1275,2007 1190,2007"/>
                    <TextEquiv>
                        <Unicode>giâcc</Unicode>
                    </TextEquiv>
                    <TextStyle fontFamily="Times New Roman" fontSize="7.0"/>
                </Word>
                <Word id="w_w1aab1b3b2c45b3ad125" language="English" custom="readingOrder {index:10;}">
                    <Coords points="1289,1970 1306,1970 1306,2000 1289,2000"/>
                    <TextEquiv>
                        <Unicode>h</Unicode>
                    </TextEquiv>
                    <TextStyle fontFamily="Times New Roman" fontSize="7.0"/>
                </Word>
                <Word id="w_w1aab1b3b2c45b3ad129" language="English" custom="readingOrder {index:11;}">
                    <Coords points="1324,1978 1408,1978 1408,2006 1324,2006"/>
                    <TextEquiv>
                        <Unicode>vous,</Unicode>
                    </TextEquiv>
                    <TextStyle fontFamily="Times New Roman" fontSize="7.0"/>
                </Word>
                <Word id="w_w1aab1b3b2c45b3ad141" language="English" custom="readingOrder {index:12;}">
                    <Coords points="1436,1970 1522,1970 1522,2005 1436,2005"/>
                    <TextEquiv>
                        <Unicode>dit-il,</Unicode>
                    </TextEquiv>
                    <TextStyle fontFamily="Times New Roman" fontSize="7.0"/>
                </Word>
                <Word id="w_w1aab1b3b2c45b3ad157" language="English" custom="readingOrder {index:13;}">
                    <Coords points="1553,1978 1600,1978 1600,2000 1553,2000"/>
                    <TextEquiv>
                        <Unicode>me</Unicode>
                    </TextEquiv>
                    <TextStyle fontFamily="Times New Roman" fontSize="7.0"/>
                </Word>
                <TextEquiv>
                    <Unicode>tutions politiques et de bienfaisance. « .. Je pourrai, grâce à vous, dit-il, me</Unicode>
                </TextEquiv>
                <TextStyle fontFamily="Times New Roman" fontSize="7.0"/>
            </TextLine>
            <TextLine id="tl_40" primaryLanguage="English" custom="readingOrder {index:2;}">
                <Coords points="257,2009 1599,2009 1599,2048 257,2048"/>
                <Baseline points="257,2039 1599,2039"/>
                <Word id="w_w1aab1b3b2c45b5ab1" language="English" custom="readingOrder {index:0;}">
                    <Coords points="257,2011 328,2011 328,2041 257,2041"/>
                    <TextEquiv>
                        <Unicode>faire</Unicode>
                    </TextEquiv>
                    <TextStyle fontFamily="Times New Roman" fontSize="7.0"/>
                </Word>
                <Word id="w_w1aab1b3b2c45b5ac13" language="English" custom="readingOrder {index:1;}">
                    <Coords points="343,2019 398,2019 398,2041 343,2041"/>
                    <TextEquiv>
                        <Unicode>une</Unicode>
                    </TextEquiv>
                    <TextStyle fontFamily="Times New Roman" fontSize="7.0"/>
                </Word>
                <Word id="w_w1aab1b3b2c45b5ac21" language="English" custom="readingOrder {index:2;}">
                    <Coords points="410,2010 473,2010 473,2041 410,2041"/>
                    <TextEquiv>
                        <Unicode>idée</Unicode>
                    </TextEquiv>
                    <TextStyle fontFamily="Times New Roman" fontSize="7.0"/>
                </Word>
                <Word id="w_w1aab1b3b2c45b5ac31" language="English" custom="readingOrder {index:3;}">
                    <Coords points="502,2011 538,2011 538,2039 502,2039"/>
                    <TextEquiv>
                        <Unicode>du</Unicode>
                    </TextEquiv>
                    <TextStyle fontFamily="Times New Roman" fontSize="7.0"/>
                </Word>
                <Word id="w_w1aab1b3b2c45b5ac37" language="English" custom="readingOrder {index:4;}">
                    <Coords points="558,2013 742,2013 742,2040 558,2040"/>
                    <TextEquiv>
                        <Unicode>mouvement</Unicode>
                    </TextEquiv>
                    <TextStyle fontFamily="Times New Roman" fontSize="7.0"/>
                </Word>
                <Word id="w_w1aab1b3b2c45b5ac57" language="English" custom="readingOrder {index:5;}">
                    <Coords points="761,2010 796,2010 796,2040 761,2040"/>
                    <TextEquiv>
                        <Unicode>de</Unicode>
                    </TextEquiv>
                    <TextStyle fontFamily="Times New Roman" fontSize="7.0"/>
                </Word>
                <Word id="w_w1aab1b3b2c45b5ac63" language="English" custom="readingOrder {index:6;}">
                    <Coords points="808,2010 1046,2010 1046,2040 808,2040"/>
                    <TextEquiv>
                        <Unicode>transformation</Unicode>
                    </TextEquiv>
                    <TextStyle fontFamily="Times New Roman" fontSize="7.0"/>
                </Word>
                <Word id="w_w1aab1b3b2c45b5ac93" language="English" custom="readingOrder {index:7;}">
                    <Coords points="1075,2009 1123,2009 1123,2047 1075,2047"/>
                    <TextEquiv>
                        <Unicode>qui</Unicode>
                    </TextEquiv>
                    <TextStyle fontFamily="Times New Roman" fontSize="7.0"/>
                </Word>
                <Word id="w_w1aab1b3b2c45b5ad101" language="English" custom="readingOrder {index:8;}">
                    <Coords points="1142,2009 1257,2009 1257,2046 1142,2046"/>
                    <TextEquiv>
                        <Unicode>s’opère</Unicode>
                    </TextEquiv>
                    <TextStyle fontFamily="Times New Roman" fontSize="7.0"/>
                </Word>
                <Word id="w_w1aab1b3b2c45b5ad117" language="English" custom="readingOrder {index:9;}">
                    <Coords points="1275,2009 1321,2009 1321,2046 1275,2046"/>
                    <TextEquiv>
                        <Unicode>ici,</Unicode>
                    </TextEquiv>
                    <TextStyle fontFamily="Times New Roman" fontSize="7.0"/>
                </Word>
                <Word id="w_w1aab1b3b2c45b5ad127" language="English" custom="readingOrder {index:10;}">
                    <Coords points="1352,2017 1464,2017 1464,2039 1352,2039"/>
                    <TextEquiv>
                        <Unicode>comme</Unicode>
                    </TextEquiv>
                    <TextStyle fontFamily="Times New Roman" fontSize="7.0"/>
                </Word>
                <Word id="w_w1aab1b3b2c45b5ad139" language="English" custom="readingOrder {index:11;}">
                    <Coords points="1482,2012 1599,2012 1599,2048 1482,2048"/>
                    <TextEquiv>
                        <Unicode>partout</Unicode>
                    </TextEquiv>
                    <TextStyle fontFamily="Times New Roman" fontSize="7.0"/>
                </Word>
                <TextEquiv>
                    <Unicode>faire une idée du mouvement de transformation qui s’opère ici, comme partout</Unicode>
                </TextEquiv>
                <TextStyle fontFamily="Times New Roman" fontSize="7.0"/>
            </TextLine>
            <TextLine id="tl_41" primaryLanguage="English" custom="readingOrder {index:3;}">
                <Coords points="257,2049 899,2049 899,2086 257,2086"/>
                <Baseline points="257,2079 899,2079"/>
                <Word id="w_w1aab1b3b2c45b7ab1" language="English" custom="readingOrder {index:0;}">
                    <Coords points="257,2050 388,2050 388,2086 257,2086"/>
                    <TextEquiv>
                        <Unicode>ailleurs,</Unicode>
                    </TextEquiv>
                    <TextStyle fontFamily="Times New Roman" fontSize="7.0"/>
                </Word>
                <Word id="w_w1aab1b3b2c45b7ac21" language="English" custom="readingOrder {index:1;}">
                    <Coords points="406,2050 479,2050 479,2079 406,2079"/>
                    <TextEquiv>
                        <Unicode>dans</Unicode>
                    </TextEquiv>
                    <TextStyle fontFamily="Times New Roman" fontSize="7.0"/>
                </Word>
                <Word id="w_w1aab1b3b2c45b7ac31" language="English" custom="readingOrder {index:2;}">
                    <Coords points="496,2050 523,2050 523,2079 496,2079"/>
                    <TextEquiv>
                        <Unicode>le</Unicode>
                    </TextEquiv>
                    <TextStyle fontFamily="Times New Roman" fontSize="7.0"/>
                </Word>
                <Word id="w_w1aab1b3b2c45b7ac37" language="English" custom="readingOrder {index:3;}">
                    <Coords points="536,2049 597,2049 597,2079 536,2079"/>
                    <TextEquiv>
                        <Unicode>rein</Unicode>
                    </TextEquiv>
                    <TextStyle fontFamily="Times New Roman" fontSize="7.0"/>
                </Word>
                <Word id="w_w1aab1b3b2c45b7ac47" language="English" custom="readingOrder {index:4;}">
                    <Coords points="611,2049 646,2049 646,2078 611,2078"/>
                    <TextEquiv>
                        <Unicode>de</Unicode>
                    </TextEquiv>
                    <TextStyle fontFamily="Times New Roman" fontSize="7.0"/>
                </Word>
                <Word id="w_w1aab1b3b2c45b7ac53" language="English" custom="readingOrder {index:5;}">
                    <Coords points="667,2050 693,2050 693,2078 667,2078"/>
                    <TextEquiv>
                        <Unicode>la</Unicode>
                    </TextEquiv>
                    <TextStyle fontFamily="Times New Roman" fontSize="7.0"/>
                </Word>
                <Word id="w_w1aab1b3b2c45b7ac59" language="English" custom="readingOrder {index:6;}">
                    <Coords points="714,2049 859,2049 859,2078 714,2078"/>
                    <TextEquiv>
                        <Unicode>société...</Unicode>
                    </TextEquiv>
                    <TextStyle fontFamily="Times New Roman" fontSize="7.0"/>
                </Word>
                <Word id="w_w1aab1b3b2c45b7ac81" language="English" custom="readingOrder {index:7;}">
                    <Coords points="886,2059 899,2059 899,2074 886,2074"/>
                    <TextEquiv>
                        <Unicode>»</Unicode>
                    </TextEquiv>
                    <TextStyle fontFamily="Times New Roman" fontSize="7.0"/>
                </Word>
                <TextEquiv>
                    <Unicode>ailleurs, dans le rein de la société... »</Unicode>
                </TextEquiv>
                <TextStyle fontFamily="Times New Roman" fontSize="7.0"/>
            </TextLine>
            <TextEquiv>
                <Unicode>Jolie épître, écrite pendant un voyage en Angleterre, dont il étudiait les insti¬
tutions politiques et de bienfaisance. « .. Je pourrai, grâce à vous, dit-il, me
faire une idée du mouvement de transformation qui s’opère ici, comme partout
ailleurs, dans le rein de la société... »</Unicode>
            </TextEquiv>
        </TextRegion>
        <TextRegion type="paragraph" id="r_2_24" custom="readingOrder {index:24;}">
            <Coords points="139,2090 1601,2090 1601,2189 139,2189"/>
            <TextLine id="tl_42" primaryLanguage="English" custom="readingOrder {index:0;}">
                <Coords points="140,2091 1600,2091 1600,2136 140,2136"/>
                <Baseline points="140,2127 1600,2127"/>
                <Word id="w_w1aab1b3b2c47b1ab1" language="English" custom="readingOrder {index:0;}">
                    <Coords points="140,2095 227,2095 227,2129 140,2129"/>
                    <TextEquiv>
                        <Unicode>4160</Unicode>
                    </TextEquiv>
                    <TextStyle fontFamily="Times New Roman" fontSize="9.5"/>
                </Word>
                <Word id="w_w1aab1b3b2c47b1b1b1" language="English" custom="readingOrder {index:1;}">
                    <Coords points="252,2094 434,2094 434,2129 252,2129"/>
                    <TextEquiv>
                        <Unicode>Gazotte</Unicode>
                    </TextEquiv>
                    <TextStyle fontFamily="Times New Roman" fontSize="9.0" bold="true"/>
                </Word>
                <Word id="w_w1aab1b3b2c47b1b2b1" language="English" custom="readingOrder {index:2;}">
                    <Coords points="461,2092 536,2092 536,2127 461,2127"/>
                    <TextEquiv>
                        <Unicode>fils.</Unicode>
                    </TextEquiv>
                    <TextStyle fontFamily="Times New Roman" fontSize="9.5"/>
                </Word>
                <Word id="w_w1aab1b3b2c47b1b2c13" language="English" custom="readingOrder {index:3;}">
                    <Coords points="557,2112 600,2112 600,2117 557,2117"/>
                    <TextEquiv>
                        <Unicode>—</Unicode>
                    </TextEquiv>
                    <TextStyle fontFamily="Times New Roman" fontSize="9.5"/>
                </Word>
                <Word id="w_w1aab1b3b2c47b1b2c17" language="English" custom="readingOrder {index:4;}">
                    <Coords points="618,2092 661,2092 661,2127 618,2127"/>
                    <TextEquiv>
                        <Unicode>L.</Unicode>
                    </TextEquiv>
                    <TextStyle fontFamily="Times New Roman" fontSize="9.5"/>
                </Word>
                <Word id="w_w1aab1b3b2c47b1b2c23" language="English" custom="readingOrder {index:5;}">
                    <Coords points="689,2103 723,2103 723,2126 689,2126"/>
                    <TextEquiv>
                        <Unicode>a.</Unicode>
                    </TextEquiv>
                    <TextStyle fontFamily="Times New Roman" fontSize="9.5"/>
                </Word>
                <Word id="w_w1aab1b3b2c47b1b2c29" language="English" custom="readingOrder {index:6;}">
                    <Coords points="745,2094 774,2094 774,2127 745,2127"/>
                    <TextEquiv>
                        <Unicode>s.</Unicode>
                    </TextEquiv>
                    <TextStyle fontFamily="Times New Roman" fontSize="9.5"/>
                </Word>
                <Word id="w_w1aab1b3b2c47b1b3b1" language="English" custom="readingOrder {index:7;}">
                    <Coords points="804,2093 930,2093 930,2127 804,2127"/>
                    <TextEquiv>
                        <Unicode>Scevole</Unicode>
                    </TextEquiv>
                    <TextStyle fontFamily="Times New Roman" fontSize="9.5" italic="true"/>
                </Word>
                <Word id="w_w1aab1b3b2c47b1b3c17" language="English" custom="readingOrder {index:8;}">
                    <Coords points="949,2094 984,2094 984,2127 949,2127"/>
                    <TextEquiv>
                        <Unicode>C.</Unicode>
                    </TextEquiv>
                    <TextStyle fontFamily="Times New Roman" fontSize="9.5" italic="true"/>
                </Word>
                <Word id="w_w1aab1b3b2c47b1b3c23" language="English" custom="readingOrder {index:9;}">
                    <Coords points="1005,2095 1053,2095 1053,2131 1005,2131"/>
                    <TextEquiv>
                        <Unicode>Z.,</Unicode>
                    </TextEquiv>
                    <TextStyle fontFamily="Times New Roman" fontSize="9.5" italic="true"/>
                </Word>
                <Word id="w_w1aab1b3b2c47b1b5b1" language="English" custom="readingOrder {index:10;}">
                    <Coords points="1082,2091 1105,2091 1105,2126 1082,2126"/>
                    <TextEquiv>
                        <Unicode>à</Unicode>
                    </TextEquiv>
                    <TextStyle fontFamily="Times New Roman" fontSize="9.5"/>
                </Word>
                <Word id="w_w1aab1b3b2c47b1b5b5" language="English" custom="readingOrder {index:11;}">
                    <Coords points="1122,2101 1191,2101 1191,2126 1122,2126"/>
                    <TextEquiv>
                        <Unicode>son</Unicode>
                    </TextEquiv>
                    <TextStyle fontFamily="Times New Roman" fontSize="9.5"/>
                </Word>
                <Word id="w_w1aab1b3b2c47b1b5c13" language="English" custom="readingOrder {index:12;}">
                    <Coords points="1212,2091 1318,2091 1318,2136 1212,2136"/>
                    <TextEquiv>
                        <Unicode>père,</Unicode>
                    </TextEquiv>
                    <TextStyle fontFamily="Times New Roman" fontSize="9.5"/>
                </Word>
                <Word id="w_w1aab1b3b2c47b1b5c25" language="English" custom="readingOrder {index:13;}">
                    <Coords points="1348,2091 1400,2091 1400,2126 1348,2126"/>
                    <TextEquiv>
                        <Unicode>M.</Unicode>
                    </TextEquiv>
                    <TextStyle fontFamily="Times New Roman" fontSize="9.5"/>
                </Word>
                <Word id="w_w1aab1b3b2c47b1b5c31" language="English" custom="readingOrder {index:14;}">
                    <Coords points="1427,2091 1600,2091 1600,2134 1427,2134"/>
                    <TextEquiv>
                        <Unicode>Cazotte,</Unicode>
                    </TextEquiv>
                    <TextStyle fontFamily="Times New Roman" fontSize="9.5"/>
                </Word>
                <TextEquiv>
                    <Unicode>4160 Gazotte fils. — L. a. s. Scevole C. Z., à son père, M. Cazotte,</Unicode>
                </TextEquiv>
            </TextLine>
            <TextLine id="tl_43" primaryLanguage="English" custom="readingOrder {index:1;}">
                <Coords points="252,2135 1600,2135 1600,2188 252,2188"/>
                <Baseline points="252,2171 1600,2171"/>
                <Word id="w_w1aab1b3b2c47b3ab1" language="English" custom="readingOrder {index:0;}">
                    <Coords points="252,2139 275,2139 275,2173 252,2173"/>
                    <TextEquiv>
                        <Unicode>à</Unicode>
                    </TextEquiv>
                    <TextStyle fontFamily="Times New Roman" fontSize="9.5"/>
                </Word>
                <Word id="w_w1aab1b3b2c47b3ab5" language="English" custom="readingOrder {index:1;}">
                    <Coords points="293,2137 450,2137 450,2188 293,2188"/>
                    <TextEquiv>
                        <Unicode>Pierry,</Unicode>
                    </TextEquiv>
                    <TextStyle fontFamily="Times New Roman" fontSize="9.5"/>
                </Word>
                <Word id="w_w1aab1b3b2c47b3ac21" language="English" custom="readingOrder {index:2;}">
                    <Coords points="472,2147 542,2147 542,2182 472,2182"/>
                    <TextEquiv>
                        <Unicode>par</Unicode>
                    </TextEquiv>
                    <TextStyle fontFamily="Times New Roman" fontSize="9.5"/>
                </Word>
                <Word id="w_w1aab1b3b2c47b3ac29" language="English" custom="readingOrder {index:3;}">
                    <Coords points="561,2137 764,2137 764,2182 561,2182"/>
                    <TextEquiv>
                        <Unicode>Epernay;</Unicode>
                    </TextEquiv>
                    <TextStyle fontFamily="Times New Roman" fontSize="9.5"/>
                </Word>
                <Word id="w_w1aab1b3b2c47b3ac47" language="English" custom="readingOrder {index:4;}">
                    <Coords points="785,2136 913,2136 913,2178 785,2178"/>
                    <TextEquiv>
                        <Unicode>Paris,</Unicode>
                    </TextEquiv>
                    <TextStyle fontFamily="Times New Roman" fontSize="9.5"/>
                </Word>
                <Word id="w_w1aab1b3b2c47b3ac61" language="English" custom="readingOrder {index:5;}">
                    <Coords points="936,2139 979,2139 979,2172 936,2172"/>
                    <TextEquiv>
                        <Unicode>23</Unicode>
                    </TextEquiv>
                    <TextStyle fontFamily="Times New Roman" fontSize="9.5"/>
                </Word>
                <Word id="w_w1aab1b3b2c47b3ac67" language="English" custom="readingOrder {index:6;}">
                    <Coords points="993,2135 1087,2135 1087,2181 993,2181"/>
                    <TextEquiv>
                        <Unicode>juil.</Unicode>
                    </TextEquiv>
                    <TextStyle fontFamily="Times New Roman" fontSize="9.5"/>
                </Word>
                <Word id="w_w1aab1b3b2c47b3ac79" language="English" custom="readingOrder {index:7;}">
                    <Coords points="1104,2137 1227,2137 1227,2177 1104,2177"/>
                    <TextEquiv>
                        <Unicode>1792,1</Unicode>
                    </TextEquiv>
                    <TextStyle fontFamily="Times New Roman" fontSize="9.5"/>
                </Word>
                <Word id="w_w1aab1b3b2c47b3ac93" language="English" custom="readingOrder {index:8;}">
                    <Coords points="1247,2146 1282,2146 1282,2180 1247,2180"/>
                    <TextEquiv>
                        <Unicode>p.</Unicode>
                    </TextEquiv>
                    <TextStyle fontFamily="Times New Roman" fontSize="9.5"/>
                </Word>
                <Word id="w_w1aab1b3b2c47b3ac99" language="English" custom="readingOrder {index:9;}">
                    <Coords points="1305,2136 1357,2136 1357,2180 1305,2180"/>
                    <TextEquiv>
                        <Unicode>pl.</Unicode>
                    </TextEquiv>
                    <TextStyle fontFamily="Times New Roman" fontSize="9.5"/>
                </Word>
                <Word id="w_w1aab1b3b2c47b3ad107" language="English" custom="readingOrder {index:10;}">
                    <Coords points="1380,2136 1473,2136 1473,2171 1380,2171"/>
                    <TextEquiv>
                        <Unicode>in-8.</Unicode>
                    </TextEquiv>
                    <TextStyle fontFamily="Times New Roman" fontSize="9.5"/>
                </Word>
                <Word id="w_w1aab1b3b2c47b3ad119" language="English" custom="readingOrder {index:11;}">
                    <Coords points="1515,2139 1536,2139 1536,2171 1515,2171"/>
                    <TextEquiv>
                        <Unicode>6</Unicode>
                    </TextEquiv>
                    <TextStyle fontFamily="Times New Roman" fontSize="9.5"/>
                </Word>
                <Word id="w_w1aab1b3b2c47b3ad123" language="English" custom="readingOrder {index:12;}">
                    <Coords points="1583,2150 1600,2150 1600,2168 1583,2168"/>
                    <TextEquiv>
                        <Unicode>«</Unicode>
                    </TextEquiv>
                    <TextStyle fontFamily="Times New Roman" fontSize="9.5"/>
                </Word>
                <TextEquiv>
                    <Unicode>à Pierry, par Epernay; Paris, 23 juil. 1792,1 p. pl. in-8. 6 »</Unicode>
                </TextEquiv>
                <TextStyle fontFamily="Times New Roman" fontSize="9.5"/>
            </TextLine>
            <TextEquiv>
                <Unicode>4160 Gazotte fils. — L. a. s. Scevole C. Z., à son père, M. Cazotte,
à Pierry, par Epernay; Paris, 23 juil. 1792,1 p. pl. in-8. 6 »</Unicode>
            </TextEquiv>
        </TextRegion>
        <TextRegion type="paragraph" id="r_2_25" custom="readingOrder {index:25;}">
            <Coords points="254,2179 1613,2179 1613,2572 254,2572"/>
            <TextLine id="tl_44" primaryLanguage="English" custom="readingOrder {index:0;}">
                <Coords points="296,2180 1603,2180 1603,2221 296,2221"/>
                <Baseline points="296,2211 1603,2211"/>
                <Word id="w_w1aab1b3b2c49b1ab1" language="English" custom="readingOrder {index:0;}">
                    <Coords points="296,2183 395,2183 395,2221 296,2221"/>
                    <TextEquiv>
                        <Unicode>Epître</Unicode>
                    </TextEquiv>
                    <TextStyle fontFamily="Times New Roman" fontSize="7.0"/>
                </Word>
                <Word id="w_w1aab1b3b2c49b1ac15" language="English" custom="readingOrder {index:1;}">
                    <Coords points="412,2183 577,2183 577,2219 412,2219"/>
                    <TextEquiv>
                        <Unicode>singulière,</Unicode>
                    </TextEquiv>
                    <TextStyle fontFamily="Times New Roman" fontSize="7.0"/>
                </Word>
                <Word id="w_w1aab1b3b2c49b1ac39" language="English" custom="readingOrder {index:2;}">
                    <Coords points="608,2182 644,2182 644,2212 608,2212"/>
                    <TextEquiv>
                        <Unicode>où</Unicode>
                    </TextEquiv>
                    <TextStyle fontFamily="Times New Roman" fontSize="7.0"/>
                </Word>
                <Word id="w_w1aab1b3b2c49b1ac45" language="English" custom="readingOrder {index:3;}">
                    <Coords points="663,2182 719,2182 719,2211 663,2211"/>
                    <TextEquiv>
                        <Unicode>l’on</Unicode>
                    </TextEquiv>
                    <TextStyle fontFamily="Times New Roman" fontSize="7.0"/>
                </Word>
                <Word id="w_w1aab1b3b2c49b1ac55" language="English" custom="readingOrder {index:4;}">
                    <Coords points="736,2181 795,2181 795,2211 736,2211"/>
                    <TextEquiv>
                        <Unicode>voit</Unicode>
                    </TextEquiv>
                    <TextStyle fontFamily="Times New Roman" fontSize="7.0"/>
                </Word>
                <Word id="w_w1aab1b3b2c49b1ac65" language="English" custom="readingOrder {index:5;}">
                    <Coords points="824,2180 963,2180 963,2212 824,2212"/>
                    <TextEquiv>
                        <Unicode>très-bien</Unicode>
                    </TextEquiv>
                    <TextStyle fontFamily="Times New Roman" fontSize="7.0"/>
                </Word>
                <Word id="w_w1aab1b3b2c49b1ac85" language="English" custom="readingOrder {index:6;}">
                    <Coords points="995,2189 1050,2189 1050,2218 995,2218"/>
                    <TextEquiv>
                        <Unicode>que</Unicode>
                    </TextEquiv>
                    <TextStyle fontFamily="Times New Roman" fontSize="7.0"/>
                </Word>
                <Word id="w_w1aab1b3b2c49b1ac93" language="English" custom="readingOrder {index:7;}">
                    <Coords points="1069,2182 1187,2182 1187,2211 1069,2211"/>
                    <TextEquiv>
                        <Unicode>Cazotto</Unicode>
                    </TextEquiv>
                    <TextStyle fontFamily="Times New Roman" fontSize="7.0"/>
                </Word>
                <Word id="w_w1aab1b3b2c49b1ad109" language="English" custom="readingOrder {index:8;}">
                    <Coords points="1215,2181 1257,2181 1257,2211 1215,2211"/>
                    <TextEquiv>
                        <Unicode>fut</Unicode>
                    </TextEquiv>
                    <TextStyle fontFamily="Times New Roman" fontSize="7.0"/>
                </Word>
                <Word id="w_w1aab1b3b2c49b1ad117" language="English" custom="readingOrder {index:9;}">
                    <Coords points="1286,2181 1360,2181 1360,2211 1286,2211"/>
                    <TextEquiv>
                        <Unicode>mêlé</Unicode>
                    </TextEquiv>
                    <TextStyle fontFamily="Times New Roman" fontSize="7.0"/>
                </Word>
                <Word id="w_w1aab1b3b2c49b1ad127" language="English" custom="readingOrder {index:10;}">
                    <Coords points="1389,2188 1448,2188 1448,2212 1389,2212"/>
                    <TextEquiv>
                        <Unicode>aux</Unicode>
                    </TextEquiv>
                    <TextStyle fontFamily="Times New Roman" fontSize="7.0"/>
                </Word>
                <Word id="w_w1aab1b3b2c49b1ad135" language="English" custom="readingOrder {index:11;}">
                    <Coords points="1463,2182 1603,2182 1603,2219 1463,2219"/>
                    <TextEquiv>
                        <Unicode>intrigues</Unicode>
                    </TextEquiv>
                    <TextStyle fontFamily="Times New Roman" fontSize="7.0"/>
                </Word>
                <TextEquiv>
                    <Unicode>Epître singulière, où l’on voit très-bien que Cazotte fut mêlé aux intrigues</Unicode>
                </TextEquiv>
                <TextStyle fontFamily="Times New Roman" fontSize="7.0"/>
            </TextLine>
            <TextLine id="tl_45" primaryLanguage="English" custom="readingOrder {index:1;}">
                <Coords points="258,2219 1604,2219 1604,2260 258,2260"/>
                <Baseline points="258,2250 1604,2250"/>
                <Word id="w_w1aab1b3b2c49b3ab1" language="English" custom="readingOrder {index:0;}">
                    <Coords points="258,2223 412,2223 412,2260 258,2260"/>
                    <TextEquiv>
                        <Unicode>royalistes</Unicode>
                    </TextEquiv>
                    <TextStyle fontFamily="Times New Roman" fontSize="7.0"/>
                </Word>
                <Word id="w_w1aab1b3b2c49b3ac23" language="English" custom="readingOrder {index:1;}">
                    <Coords points="430,2223 478,2223 478,2259 430,2259"/>
                    <TextEquiv>
                        <Unicode>qui</Unicode>
                    </TextEquiv>
                    <TextStyle fontFamily="Times New Roman" fontSize="7.0"/>
                </Word>
                <Word id="w_w1aab1b3b2c49b3ac31" language="English" custom="readingOrder {index:2;}">
                    <Coords points="494,2221 684,2221 684,2259 494,2259"/>
                    <TextEquiv>
                        <Unicode>précédèrent</Unicode>
                    </TextEquiv>
                    <TextStyle fontFamily="Times New Roman" fontSize="7.0"/>
                </Word>
                <Word id="w_w1aab1b3b2c49b3ac55" language="English" custom="readingOrder {index:3;}">
                    <Coords points="715,2220 741,2220 741,2250 715,2250"/>
                    <TextEquiv>
                        <Unicode>le</Unicode>
                    </TextEquiv>
                    <TextStyle fontFamily="Times New Roman" fontSize="7.0"/>
                </Word>
                <Word id="w_w1aab1b3b2c49b3ac61" language="English" custom="readingOrder {index:4;}">
                    <Coords points="759,2221 795,2221 795,2250 759,2250"/>
                    <TextEquiv>
                        <Unicode>10</Unicode>
                    </TextEquiv>
                    <TextStyle fontFamily="Times New Roman" fontSize="7.0"/>
                </Word>
                <Word id="w_w1aab1b3b2c49b3ac67" language="English" custom="readingOrder {index:5;}">
                    <Coords points="817,2221 896,2221 896,2252 817,2252"/>
                    <TextEquiv>
                        <Unicode>août.</Unicode>
                    </TextEquiv>
                    <TextStyle fontFamily="Times New Roman" fontSize="7.0"/>
                </Word>
                <Word id="w_w1aab1b3b2c49b3ac79" language="English" custom="readingOrder {index:6;}">
                    <Coords points="915,2237 952,2237 952,2242 915,2242"/>
                    <TextEquiv>
                        <Unicode>—</Unicode>
                    </TextEquiv>
                    <TextStyle fontFamily="Times New Roman" fontSize="7.0"/>
                </Word>
                <Word id="w_w1aab1b3b2c49b3ac83" language="English" custom="readingOrder {index:7;}">
                    <Coords points="969,2220 1028,2220 1028,2250 969,2250"/>
                    <TextEquiv>
                        <Unicode>Son</Unicode>
                    </TextEquiv>
                    <TextStyle fontFamily="Times New Roman" fontSize="7.0"/>
                </Word>
                <Word id="w_w1aab1b3b2c49b3ac91" language="English" custom="readingOrder {index:8;}">
                    <Coords points="1046,2220 1091,2220 1091,2250 1046,2250"/>
                    <TextEquiv>
                        <Unicode>Lis</Unicode>
                    </TextEquiv>
                    <TextStyle fontFamily="Times New Roman" fontSize="7.0"/>
                </Word>
                <Word id="w_w1aab1b3b2c49b3ac99" language="English" custom="readingOrder {index:9;}">
                    <Coords points="1122,2219 1160,2219 1160,2249 1122,2249"/>
                    <TextEquiv>
                        <Unicode>lui</Unicode>
                    </TextEquiv>
                    <TextStyle fontFamily="Times New Roman" fontSize="7.0"/>
                </Word>
                <Word id="w_w1aab1b3b2c49b3ad107" language="English" custom="readingOrder {index:10;}">
                    <Coords points="1175,2220 1245,2220 1245,2249 1175,2249"/>
                    <TextEquiv>
                        <Unicode>rend</Unicode>
                    </TextEquiv>
                    <TextStyle fontFamily="Times New Roman" fontSize="7.0"/>
                </Word>
                <Word id="w_w1aab1b3b2c49b3ad117" language="English" custom="readingOrder {index:11;}">
                    <Coords points="1258,2224 1372,2224 1372,2257 1258,2257"/>
                    <TextEquiv>
                        <Unicode>compte</Unicode>
                    </TextEquiv>
                    <TextStyle fontFamily="Times New Roman" fontSize="7.0"/>
                </Word>
                <Word id="w_w1aab1b3b2c49b3ad131" language="English" custom="readingOrder {index:12;}">
                    <Coords points="1401,2222 1453,2222 1453,2251 1401,2251"/>
                    <TextEquiv>
                        <Unicode>des</Unicode>
                    </TextEquiv>
                    <TextStyle fontFamily="Times New Roman" fontSize="7.0"/>
                </Word>
                <Word id="w_w1aab1b3b2c49b3ad139" language="English" custom="readingOrder {index:13;}">
                    <Coords points="1472,2221 1604,2221 1604,2251 1472,2251"/>
                    <TextEquiv>
                        <Unicode>diverses</Unicode>
                    </TextEquiv>
                    <TextStyle fontFamily="Times New Roman" fontSize="7.0"/>
                </Word>
                <TextEquiv>
                    <Unicode>royalistes qui précédèrent le 10 août. — Son fils lui rend compte des diverses</Unicode>
                </TextEquiv>
                <TextStyle fontFamily="Times New Roman" fontSize="7.0"/>
            </TextLine>
            <TextLine id="tl_46" primaryLanguage="English" custom="readingOrder {index:2;}">
                <Coords points="258,2259 1606,2259 1606,2297 258,2297"/>
                <Baseline points="258,2289 1606,2289"/>
                <Word id="w_w1aab1b3b2c49b5ab1" language="English" custom="readingOrder {index:0;}">
                    <Coords points="258,2262 431,2262 431,2292 258,2292"/>
                    <TextEquiv>
                        <Unicode>démarches</Unicode>
                    </TextEquiv>
                    <TextStyle fontFamily="Times New Roman" fontSize="7.0"/>
                </Word>
                <Word id="w_w1aab1b3b2c49b5ac21" language="English" custom="readingOrder {index:1;}">
                    <Coords points="458,2260 528,2260 528,2297 458,2297"/>
                    <TextEquiv>
                        <Unicode>qu'il</Unicode>
                    </TextEquiv>
                    <TextStyle fontFamily="Times New Roman" fontSize="7.0"/>
                </Word>
                <Word id="w_w1aab1b3b2c49b5ac33" language="English" custom="readingOrder {index:2;}">
                    <Coords points="543,2268 558,2268 558,2290 543,2290"/>
                    <TextEquiv>
                        <Unicode>a</Unicode>
                    </TextEquiv>
                    <TextStyle fontFamily="Times New Roman" fontSize="7.0"/>
                </Word>
                <Word id="w_w1aab1b3b2c49b5ac37" language="English" custom="readingOrder {index:3;}">
                    <Coords points="578,2260 673,2260 673,2296 578,2296"/>
                    <TextEquiv>
                        <Unicode>faites,</Unicode>
                    </TextEquiv>
                    <TextStyle fontFamily="Times New Roman" fontSize="7.0"/>
                </Word>
                <Word id="w_w1aab1b3b2c49b5ac53" language="English" custom="readingOrder {index:4;}">
                    <Coords points="704,2262 733,2262 733,2288 704,2288"/>
                    <TextEquiv>
                        <Unicode>et.</Unicode>
                    </TextEquiv>
                    <TextStyle fontFamily="Times New Roman" fontSize="7.0"/>
                </Word>
                <Word id="w_w1aab1b3b2c49b5ac61" language="English" custom="readingOrder {index:5;}">
                    <Coords points="749,2259 788,2259 788,2288 749,2288"/>
                    <TextEquiv>
                        <Unicode>lui</Unicode>
                    </TextEquiv>
                    <TextStyle fontFamily="Times New Roman" fontSize="7.0"/>
                </Word>
                <Word id="w_w1aab1b3b2c49b5ac69" language="English" custom="readingOrder {index:6;}">
                    <Coords points="804,2262 933,2262 933,2295 804,2295"/>
                    <TextEquiv>
                        <Unicode>raconte,</Unicode>
                    </TextEquiv>
                    <TextStyle fontFamily="Times New Roman" fontSize="7.0"/>
                </Word>
                <Word id="w_w1aab1b3b2c49b5ac87" language="English" custom="readingOrder {index:7;}">
                    <Coords points="959,2259 1032,2259 1032,2289 959,2289"/>
                    <TextEquiv>
                        <Unicode>dans</Unicode>
                    </TextEquiv>
                    <TextStyle fontFamily="Times New Roman" fontSize="7.0"/>
                </Word>
                <Word id="w_w1aab1b3b2c49b5ac97" language="English" custom="readingOrder {index:8;}">
                    <Coords points="1057,2267 1095,2267 1095,2289 1057,2289"/>
                    <TextEquiv>
                        <Unicode>un</Unicode>
                    </TextEquiv>
                    <TextStyle fontFamily="Times New Roman" fontSize="7.0"/>
                </Word>
                <Word id="w_w1aab1b3b2c49b5ad103" language="English" custom="readingOrder {index:9;}">
                    <Coords points="1126,2259 1248,2259 1248,2296 1126,2296"/>
                    <TextEquiv>
                        <Unicode>langage</Unicode>
                    </TextEquiv>
                    <TextStyle fontFamily="Times New Roman" fontSize="7.0"/>
                </Word>
                <Word id="w_w1aab1b3b2c49b5ad119" language="English" custom="readingOrder {index:10;}">
                    <Coords points="1273,2260 1430,2260 1430,2296 1273,2296"/>
                    <TextEquiv>
                        <Unicode>mystique,</Unicode>
                    </TextEquiv>
                    <TextStyle fontFamily="Times New Roman" fontSize="7.0"/>
                </Word>
                <Word id="w_w1aab1b3b2c49b5ad139" language="English" custom="readingOrder {index:11;}">
                    <Coords points="1461,2259 1530,2259 1530,2296 1461,2296"/>
                    <TextEquiv>
                        <Unicode>qu'il</Unicode>
                    </TextEquiv>
                    <TextStyle fontFamily="Times New Roman" fontSize="7.0"/>
                </Word>
                <Word id="w_w1aab1b3b2c49b5ad151" language="English" custom="readingOrder {index:12;}">
                    <Coords points="1561,2263 1606,2263 1606,2290 1561,2290"/>
                    <TextEquiv>
                        <Unicode>est</Unicode>
                    </TextEquiv>
                    <TextStyle fontFamily="Times New Roman" fontSize="7.0"/>
                </Word>
                <TextEquiv>
                    <Unicode>démarches qu'il a faites, et, lui raconte, dans un langage mystique, qu'il est</Unicode>
                </TextEquiv>
                <TextStyle fontFamily="Times New Roman" fontSize="7.0"/>
            </TextLine>
            <TextLine id="tl_47" primaryLanguage="English" custom="readingOrder {index:3;}">
                <Coords points="257,2298 1606,2298 1606,2336 257,2336"/>
                <Baseline points="257,2328 1606,2328"/>
                <Word id="w_w1aab1b3b2c49b7ab1" language="English" custom="readingOrder {index:0;}">
                    <Coords points="257,2301 354,2301 354,2331 257,2331"/>
                    <TextEquiv>
                        <Unicode>monté</Unicode>
                    </TextEquiv>
                    <TextStyle fontFamily="Times New Roman" fontSize="7.0"/>
                </Word>
                <Word id="w_w1aab1b3b2c49b7ac13" language="English" custom="readingOrder {index:1;}">
                    <Coords points="383,2308 434,2308 434,2330 383,2330"/>
                    <TextEquiv>
                        <Unicode>sur</Unicode>
                    </TextEquiv>
                    <TextStyle fontFamily="Times New Roman" fontSize="7.0"/>
                </Word>
                <Word id="w_w1aab1b3b2c49b7ac21" language="English" custom="readingOrder {index:2;}">
                    <Coords points="450,2307 506,2307 506,2329 450,2329"/>
                    <TextEquiv>
                        <Unicode>une</Unicode>
                    </TextEquiv>
                    <TextStyle fontFamily="Times New Roman" fontSize="7.0"/>
                </Word>
                <Word id="w_w1aab1b3b2c49b7ac29" language="English" custom="readingOrder {index:3;}">
                    <Coords points="533,2300 585,2300 585,2329 533,2329"/>
                    <TextEquiv>
                        <Unicode>des</Unicode>
                    </TextEquiv>
                    <TextStyle fontFamily="Times New Roman" fontSize="7.0"/>
                </Word>
                <Word id="w_w1aab1b3b2c49b7ac37" language="English" custom="readingOrder {index:4;}">
                    <Coords points="600,2302 682,2302 682,2328 600,2328"/>
                    <TextEquiv>
                        <Unicode>tours</Unicode>
                    </TextEquiv>
                    <TextStyle fontFamily="Times New Roman" fontSize="7.0"/>
                </Word>
                <Word id="w_w1aab1b3b2c49b7ac49" language="English" custom="readingOrder {index:5;}">
                    <Coords points="697,2298 732,2298 732,2328 697,2328"/>
                    <TextEquiv>
                        <Unicode>de</Unicode>
                    </TextEquiv>
                    <TextStyle fontFamily="Times New Roman" fontSize="7.0"/>
                </Word>
                <Word id="w_w1aab1b3b2c49b7ac55" language="English" custom="readingOrder {index:6;}">
                    <Coords points="750,2299 946,2299 946,2328 750,2328"/>
                    <TextEquiv>
                        <Unicode>Notre-Dame</Unicode>
                    </TextEquiv>
                    <TextStyle fontFamily="Times New Roman" fontSize="7.0"/>
                </Word>
                <Word id="w_w1aab1b3b2c49b7ac77" language="English" custom="readingOrder {index:7;}">
                    <Coords points="960,2311 968,2311 968,2334 960,2334"/>
                    <TextEquiv>
                        <Unicode>-,</Unicode>
                    </TextEquiv>
                    <TextStyle fontFamily="Times New Roman" fontSize="7.0"/>
                </Word>
                <Word id="w_w1aab1b3b2c49b7ac83" language="English" custom="readingOrder {index:8;}">
                    <Coords points="1001,2305 1068,2305 1068,2336 1001,2336"/>
                    <TextEquiv>
                        <Unicode>que,</Unicode>
                    </TextEquiv>
                    <TextStyle fontFamily="Times New Roman" fontSize="7.0"/>
                </Word>
                <Word id="w_w1aab1b3b2c49b7ac93" language="English" custom="readingOrder {index:9;}">
                    <Coords points="1099,2298 1214,2298 1214,2335 1099,2335"/>
                    <TextEquiv>
                        <Unicode>planant</Unicode>
                    </TextEquiv>
                    <TextStyle fontFamily="Times New Roman" fontSize="7.0"/>
                </Word>
                <Word id="w_w1aab1b3b2c49b7ad109" language="English" custom="readingOrder {index:10;}">
                    <Coords points="1232,2305 1282,2305 1282,2328 1232,2328"/>
                    <TextEquiv>
                        <Unicode>sur</Unicode>
                    </TextEquiv>
                    <TextStyle fontFamily="Times New Roman" fontSize="7.0"/>
                </Word>
                <Word id="w_w1aab1b3b2c49b7ad117" language="English" custom="readingOrder {index:11;}">
                    <Coords points="1294,2299 1322,2299 1322,2327 1294,2327"/>
                    <TextEquiv>
                        <Unicode>la</Unicode>
                    </TextEquiv>
                    <TextStyle fontFamily="Times New Roman" fontSize="7.0"/>
                </Word>
                <Word id="w_w1aab1b3b2c49b7ad123" language="English" custom="readingOrder {index:12;}">
                    <Coords points="1337,2299 1415,2299 1415,2336 1337,2336"/>
                    <TextEquiv>
                        <Unicode>ville,</Unicode>
                    </TextEquiv>
                    <TextStyle fontFamily="Times New Roman" fontSize="7.0"/>
                </Word>
                <Word id="w_w1aab1b3b2c49b7ad137" language="English" custom="readingOrder {index:13;}">
                    <Coords points="1430,2299 1447,2299 1447,2328 1430,2328"/>
                    <TextEquiv>
                        <Unicode>il</Unicode>
                    </TextEquiv>
                    <TextStyle fontFamily="Times New Roman" fontSize="7.0"/>
                </Word>
                <Word id="w_w1aab1b3b2c49b7ad143" language="English" custom="readingOrder {index:14;}">
                    <Coords points="1466,2307 1481,2307 1481,2327 1466,2327"/>
                    <TextEquiv>
                        <Unicode>a</Unicode>
                    </TextEquiv>
                    <TextStyle fontFamily="Times New Roman" fontSize="7.0"/>
                </Word>
                <Word id="w_w1aab1b3b2c49b7ad147" language="English" custom="readingOrder {index:15;}">
                    <Coords points="1498,2298 1549,2298 1549,2328 1498,2328"/>
                    <TextEquiv>
                        <Unicode>fait</Unicode>
                    </TextEquiv>
                    <TextStyle fontFamily="Times New Roman" fontSize="7.0"/>
                </Word>
                <Word id="w_w1aab1b3b2c49b7ad157" language="English" custom="readingOrder {index:16;}">
                    <Coords points="1563,2299 1606,2299 1606,2329 1563,2329"/>
                    <TextEquiv>
                        <Unicode>les</Unicode>
                    </TextEquiv>
                    <TextStyle fontFamily="Times New Roman" fontSize="7.0"/>
                </Word>
                <TextEquiv>
                    <Unicode>monté sur une des tours de Notre-Dame; que, planant sur la ville, il a fait les</Unicode>
                </TextEquiv>
                <TextStyle fontFamily="Times New Roman" fontSize="7.0"/>
            </TextLine>
            <TextLine id="tl_48" primaryLanguage="English" custom="readingOrder {index:4;}">
                <Coords points="255,2336 1604,2336 1604,2378 255,2378"/>
                <Baseline points="255,2367 1604,2367"/>
                <Word id="w_w1aab1b3b2c49b9ab1" language="English" custom="readingOrder {index:0;}">
                    <Coords points="255,2338 377,2338 377,2378 255,2378"/>
                    <TextEquiv>
                        <Unicode>jnières</Unicode>
                    </TextEquiv>
                    <TextStyle fontFamily="Times New Roman" fontSize="9.5" italic="true"/>
                </Word>
                <Word id="w_w1aab1b3b2c49b9ac17" language="English" custom="readingOrder {index:1;}">
                    <Coords points="407,2341 435,2341 435,2369 407,2369"/>
                    <TextEquiv>
                        <Unicode>el</Unicode>
                    </TextEquiv>
                    <TextStyle fontFamily="Times New Roman" fontSize="9.5" italic="true"/>
                </Word>
                <Word id="w_w1aab1b3b2c49b9ac23" language="English" custom="readingOrder {index:2;}">
                    <Coords points="468,2338 512,2338 512,2368 468,2368"/>
                    <TextEquiv>
                        <Unicode>tes</Unicode>
                    </TextEquiv>
                    <TextStyle fontFamily="Times New Roman" fontSize="9.5" italic="true"/>
                </Word>
                <Word id="w_w1aab1b3b2c49b9ac31" language="English" custom="readingOrder {index:3;}">
                    <Coords points="543,2337 838,2337 838,2368 543,2368"/>
                    <TextEquiv>
                        <Unicode>commandements.</Unicode>
                    </TextEquiv>
                    <TextStyle fontFamily="Times New Roman" fontSize="9.5" italic="true"/>
                </Word>
                <Word id="w_w1aab1b3b2c49b9b1b3" language="English" custom="readingOrder {index:4;}">
                    <Coords points="867,2338 905,2338 905,2366 867,2366"/>
                    <TextEquiv>
                        <Unicode>Le.</Unicode>
                    </TextEquiv>
                    <TextStyle fontFamily="Times New Roman" fontSize="7.0"/>
                </Word>
                <Word id="w_w1aab1b3b2c49b9b1c11" language="English" custom="readingOrder {index:5;}">
                    <Coords points="933,2339 993,2339 993,2368 933,2368"/>
                    <TextEquiv>
                        <Unicode>mot</Unicode>
                    </TextEquiv>
                    <TextStyle fontFamily="Times New Roman" fontSize="7.0"/>
                </Word>
                <Word id="w_w1aab1b3b2c49b9b1c19" language="English" custom="readingOrder {index:6;}">
                    <Coords points="1017,2337 1134,2337 1134,2367 1017,2367"/>
                    <TextEquiv>
                        <Unicode>d'ordre</Unicode>
                    </TextEquiv>
                    <TextStyle fontFamily="Times New Roman" fontSize="7.0"/>
                </Word>
                <Word id="w_w1aab1b3b2c49b9b1c35" language="English" custom="readingOrder {index:7;}">
                    <Coords points="1166,2345 1182,2345 1182,2366 1166,2366"/>
                    <TextEquiv>
                        <Unicode>a</Unicode>
                    </TextEquiv>
                    <TextStyle fontFamily="Times New Roman" fontSize="7.0"/>
                </Word>
                <Word id="w_w1aab1b3b2c49b9b1c39" language="English" custom="readingOrder {index:8;}">
                    <Coords points="1212,2336 1258,2336 1258,2368 1212,2368"/>
                    <TextEquiv>
                        <Unicode>été</Unicode>
                    </TextEquiv>
                    <TextStyle fontFamily="Times New Roman" fontSize="7.0"/>
                </Word>
                <Word id="w_w1aab1b3b2c49b9b2b1" language="English" custom="readingOrder {index:9;}">
                    <Coords points="1287,2336 1462,2336 1462,2374 1287,2374"/>
                    <TextEquiv>
                        <Unicode>Elisabeth,</Unicode>
                    </TextEquiv>
                    <TextStyle fontFamily="Times New Roman" fontSize="9.5" italic="true"/>
                </Word>
                <Word id="w_w1aab1b3b2c49b9b2c23" language="English" custom="readingOrder {index:10;}">
                    <Coords points="1492,2337 1604,2337 1604,2368 1492,2368"/>
                    <TextEquiv>
                        <Unicode>Paris.</Unicode>
                    </TextEquiv>
                    <TextStyle fontFamily="Times New Roman" fontSize="9.5" italic="true"/>
                </Word>
                <TextEquiv>
                    <Unicode>prières et les commandements. Le mot d'ordre a été Elisabeth, Paris.</Unicode>
                </TextEquiv>
            </TextLine>
            <TextLine id="tl_49" primaryLanguage="English" custom="readingOrder {index:5;}">
                <Coords points="263,2375 1607,2375 1607,2415 263,2415"/>
                <Baseline points="263,2406 1607,2406"/>
                <Word id="w_w1aab1b3b2c49c11ab1" language="English" custom="readingOrder {index:0;}">
                    <Coords points="263,2390 275,2390 275,2405 263,2405"/>
                    <TextEquiv>
                        <Unicode>«</Unicode>
                    </TextEquiv>
                    <TextStyle fontFamily="Times New Roman" fontSize="7.0"/>
                </Word>
                <Word id="w_w1aab1b3b2c49c11ab5" language="English" custom="readingOrder {index:1;}">
                    <Coords points="307,2379 387,2379 387,2409 307,2409"/>
                    <TextEquiv>
                        <Unicode>Vous</Unicode>
                    </TextEquiv>
                    <TextStyle fontFamily="Times New Roman" fontSize="7.0"/>
                </Word>
                <Word id="w_w1aab1b3b2c49c11ac15" language="English" custom="readingOrder {index:2;}">
                    <Coords points="414,2378 528,2378 528,2414 414,2414"/>
                    <TextEquiv>
                        <Unicode>saurés,</Unicode>
                    </TextEquiv>
                    <TextStyle fontFamily="Times New Roman" fontSize="7.0"/>
                </Word>
                <Word id="w_w1aab1b3b2c49c11ac31" language="English" custom="readingOrder {index:3;}">
                    <Coords points="555,2376 722,2376 722,2415 555,2415"/>
                    <TextEquiv>
                        <Unicode>ajoute-t-il,</Unicode>
                    </TextEquiv>
                    <TextStyle fontFamily="Times New Roman" fontSize="7.0"/>
                </Word>
                <Word id="w_w1aab1b3b2c49c11ac57" language="English" custom="readingOrder {index:4;}">
                    <Coords points="750,2376 774,2376 774,2406 750,2406"/>
                    <TextEquiv>
                        <Unicode>si</Unicode>
                    </TextEquiv>
                    <TextStyle fontFamily="Times New Roman" fontSize="7.0"/>
                </Word>
                <Word id="w_w1aab1b3b2c49c11ac63" language="English" custom="readingOrder {index:5;}">
                    <Coords points="804,2375 854,2375 854,2414 804,2414"/>
                    <TextEquiv>
                        <Unicode>j’ai</Unicode>
                    </TextEquiv>
                    <TextStyle fontFamily="Times New Roman" fontSize="7.0"/>
                </Word>
                <Word id="w_w1aab1b3b2c49c11ac73" language="English" custom="readingOrder {index:6;}">
                    <Coords points="883,2376 940,2376 940,2413 883,2413"/>
                    <TextEquiv>
                        <Unicode>agi.</Unicode>
                    </TextEquiv>
                    <TextStyle fontFamily="Times New Roman" fontSize="7.0"/>
                </Word>
                <Word id="w_w1aab1b3b2c49c11ac83" language="English" custom="readingOrder {index:7;}">
                    <Coords points="973,2375 1053,2375 1053,2406 973,2406"/>
                    <TextEquiv>
                        <Unicode>C’est</Unicode>
                    </TextEquiv>
                    <TextStyle fontFamily="Times New Roman" fontSize="7.0"/>
                </Word>
                <Word id="w_w1aab1b3b2c49c11ac95" language="English" custom="readingOrder {index:8;}">
                    <Coords points="1083,2377 1119,2377 1119,2406 1083,2406"/>
                    <TextEquiv>
                        <Unicode>de</Unicode>
                    </TextEquiv>
                    <TextStyle fontFamily="Times New Roman" fontSize="7.0"/>
                </Word>
                <Word id="w_w1aab1b3b2c49c11ad101" language="English" custom="readingOrder {index:9;}">
                    <Coords points="1148,2378 1230,2378 1230,2406 1148,2406"/>
                    <TextEquiv>
                        <Unicode>votre</Unicode>
                    </TextEquiv>
                    <TextStyle fontFamily="Times New Roman" fontSize="7.0"/>
                </Word>
                <Word id="w_w1aab1b3b2c49c11ad113" language="English" custom="readingOrder {index:10;}">
                    <Coords points="1256,2379 1323,2379 1323,2414 1256,2414"/>
                    <TextEquiv>
                        <Unicode>part</Unicode>
                    </TextEquiv>
                    <TextStyle fontFamily="Times New Roman" fontSize="7.0"/>
                </Word>
                <Word id="w_w1aab1b3b2c49c11ad123" language="English" custom="readingOrder {index:11;}">
                    <Coords points="1356,2379 1385,2379 1385,2406 1356,2406"/>
                    <TextEquiv>
                        <Unicode>et</Unicode>
                    </TextEquiv>
                    <TextStyle fontFamily="Times New Roman" fontSize="7.0"/>
                </Word>
                <Word id="w_w1aab1b3b2c49c11ad129" language="English" custom="readingOrder {index:12;}">
                    <Coords points="1413,2377 1449,2377 1449,2407 1413,2407"/>
                    <TextEquiv>
                        <Unicode>de</Unicode>
                    </TextEquiv>
                    <TextStyle fontFamily="Times New Roman" fontSize="7.0"/>
                </Word>
                <Word id="w_w1aab1b3b2c49c11ad135" language="English" custom="readingOrder {index:13;}">
                    <Coords points="1473,2377 1544,2377 1544,2406 1473,2406"/>
                    <TextEquiv>
                        <Unicode>celle</Unicode>
                    </TextEquiv>
                    <TextStyle fontFamily="Times New Roman" fontSize="7.0"/>
                </Word>
                <Word id="w_w1aab1b3b2c49c11ad147" language="English" custom="readingOrder {index:14;}">
                    <Coords points="1571,2377 1607,2377 1607,2407 1571,2407"/>
                    <TextEquiv>
                        <Unicode>de</Unicode>
                    </TextEquiv>
                    <TextStyle fontFamily="Times New Roman" fontSize="7.0"/>
                </Word>
                <TextEquiv>
                    <Unicode>« Vous saurés, ajoute-t-il, si j’ai agi. C’est de votre part et de celle de</Unicode>
                </TextEquiv>
                <TextStyle fontFamily="Times New Roman" fontSize="7.0"/>
            </TextLine>
            <TextLine id="tl_50" primaryLanguage="English" custom="readingOrder {index:6;}">
                <Coords points="260,2415 1608,2415 1608,2453 260,2453"/>
                <Baseline points="260,2446 1608,2446"/>
                <Word id="w_w1aab1b3b2c49c13ab1" language="English" custom="readingOrder {index:0;}">
                    <Coords points="260,2419 286,2419 286,2448 260,2448"/>
                    <TextEquiv>
                        <Unicode>M</Unicode>
                    </TextEquiv>
                    <TextStyle fontFamily="Times New Roman" fontSize="7.0"/>
                </Word>
                <Word id="w_w1aab1b3b2c49c13b1b1" language="English" custom="readingOrder {index:1;}">
                    <Coords points="290,2424 325,2424 325,2437 290,2437"/>
                    <TextEquiv>
                        <Unicode>mc</Unicode>
                    </TextEquiv>
                    <TextStyle fontFamily="Times New Roman" fontSize="7.0" superscript="true"/>
                </Word>
                <Word id="w_w1aab1b3b2c49c13b2b3" language="English" custom="readingOrder {index:2;}">
                    <Coords points="356,2419 382,2419 382,2448 356,2448"/>
                    <TextEquiv>
                        <Unicode>la</Unicode>
                    </TextEquiv>
                    <TextStyle fontFamily="Times New Roman" fontSize="7.0"/>
                </Word>
                <Word id="w_w1aab1b3b2c49c13b2b9" language="English" custom="readingOrder {index:3;}">
                    <Coords points="416,2424 510,2424 510,2453 416,2453"/>
                    <TextEquiv>
                        <Unicode>marq.</Unicode>
                    </TextEquiv>
                    <TextStyle fontFamily="Times New Roman" fontSize="7.0"/>
                </Word>
                <Word id="w_w1aab1b3b2c49c13b2c21" language="English" custom="readingOrder {index:4;}">
                    <Coords points="542,2417 622,2417 622,2446 542,2446"/>
                    <TextEquiv>
                        <Unicode>C’est</Unicode>
                    </TextEquiv>
                    <TextStyle fontFamily="Times New Roman" fontSize="7.0"/>
                </Word>
                <Word id="w_w1aab1b3b2c49c13b2c33" language="English" custom="readingOrder {index:5;}">
                    <Coords points="637,2417 652,2417 652,2445 637,2445"/>
                    <TextEquiv>
                        <Unicode>à</Unicode>
                    </TextEquiv>
                    <TextStyle fontFamily="Times New Roman" fontSize="7.0"/>
                </Word>
                <Word id="w_w1aab1b3b2c49c13b2c37" language="English" custom="readingOrder {index:6;}">
                    <Coords points="671,2423 744,2423 744,2445 671,2445"/>
                    <TextEquiv>
                        <Unicode>vous</Unicode>
                    </TextEquiv>
                    <TextStyle fontFamily="Times New Roman" fontSize="7.0"/>
                </Word>
                <Word id="w_w1aab1b3b2c49c13b2c47" language="English" custom="readingOrder {index:7;}">
                    <Coords points="772,2423 828,2423 828,2453 772,2453"/>
                    <TextEquiv>
                        <Unicode>que</Unicode>
                    </TextEquiv>
                    <TextStyle fontFamily="Times New Roman" fontSize="7.0"/>
                </Word>
                <Word id="w_w1aab1b3b2c49c13b2c55" language="English" custom="readingOrder {index:8;}">
                    <Coords points="845,2415 872,2415 872,2445 845,2445"/>
                    <TextEquiv>
                        <Unicode>le</Unicode>
                    </TextEquiv>
                    <TextStyle fontFamily="Times New Roman" fontSize="7.0"/>
                </Word>
                <Word id="w_w1aab1b3b2c49c13b2c61" language="English" custom="readingOrder {index:9;}">
                    <Coords points="886,2418 1000,2418 1000,2452 886,2452"/>
                    <TextEquiv>
                        <Unicode>compte</Unicode>
                    </TextEquiv>
                    <TextStyle fontFamily="Times New Roman" fontSize="7.0"/>
                </Word>
                <Word id="w_w1aab1b3b2c49c13b2c75" language="English" custom="readingOrder {index:10;}">
                    <Coords points="1029,2415 1089,2415 1089,2445 1029,2445"/>
                    <TextEquiv>
                        <Unicode>doit</Unicode>
                    </TextEquiv>
                    <TextStyle fontFamily="Times New Roman" fontSize="7.0"/>
                </Word>
                <Word id="w_w1aab1b3b2c49c13b2c85" language="English" custom="readingOrder {index:11;}">
                    <Coords points="1112,2423 1145,2423 1145,2445 1112,2445"/>
                    <TextEquiv>
                        <Unicode>se</Unicode>
                    </TextEquiv>
                    <TextStyle fontFamily="Times New Roman" fontSize="7.0"/>
                </Word>
                <Word id="w_w1aab1b3b2c49c13b2c91" language="English" custom="readingOrder {index:12;}">
                    <Coords points="1173,2416 1317,2416 1317,2447 1173,2447"/>
                    <TextEquiv>
                        <Unicode>rendre...</Unicode>
                    </TextEquiv>
                    <TextStyle fontFamily="Times New Roman" fontSize="7.0"/>
                </Word>
                <Word id="w_w1aab1b3b2c49c13b2d111" language="English" custom="readingOrder {index:13;}">
                    <Coords points="1349,2416 1496,2416 1496,2453 1349,2453"/>
                    <TextEquiv>
                        <Unicode>Quelques</Unicode>
                    </TextEquiv>
                    <TextStyle fontFamily="Times New Roman" fontSize="7.0"/>
                </Word>
                <Word id="w_w1aab1b3b2c49c13b2d129" language="English" custom="readingOrder {index:14;}">
                    <Coords points="1524,2423 1608,2423 1608,2445 1524,2445"/>
                    <TextEquiv>
                        <Unicode>sans-</Unicode>
                    </TextEquiv>
                    <TextStyle fontFamily="Times New Roman" fontSize="7.0"/>
                </Word>
                <TextEquiv>
                    <Unicode>Mmc la marq. C’est à vous que le compte doit se rendre... Quelques sans-</Unicode>
                </TextEquiv>
            </TextLine>
            <TextLine id="tl_51" primaryLanguage="English" custom="readingOrder {index:7;}">
                <Coords points="258,2454 1610,2454 1610,2492 258,2492"/>
                <Baseline points="258,2485 1610,2485"/>
                <Word id="w_w1aab1b3b2c49c15ab1" language="English" custom="readingOrder {index:0;}">
                    <Coords points="258,2458 380,2458 380,2487 258,2487"/>
                    <TextEquiv>
                        <Unicode>culottes</Unicode>
                    </TextEquiv>
                    <TextStyle fontFamily="Times New Roman" fontSize="7.0"/>
                </Word>
                <Word id="w_w1aab1b3b2c49c15ac19" language="English" custom="readingOrder {index:1;}">
                    <Coords points="410,2457 471,2457 471,2487 410,2487"/>
                    <TextEquiv>
                        <Unicode>font</Unicode>
                    </TextEquiv>
                    <TextStyle fontFamily="Times New Roman" fontSize="7.0"/>
                </Word>
                <Word id="w_w1aab1b3b2c49c15ac29" language="English" custom="readingOrder {index:2;}">
                    <Coords points="491,2455 634,2455 634,2486 491,2486"/>
                    <TextEquiv>
                        <Unicode>semblant</Unicode>
                    </TextEquiv>
                    <TextStyle fontFamily="Times New Roman" fontSize="7.0"/>
                </Word>
                <Word id="w_w1aab1b3b2c49c15ac47" language="English" custom="readingOrder {index:3;}">
                    <Coords points="659,2454 694,2454 694,2484 659,2484"/>
                    <TextEquiv>
                        <Unicode>de</Unicode>
                    </TextEquiv>
                    <TextStyle fontFamily="Times New Roman" fontSize="7.0"/>
                </Word>
                <Word id="w_w1aab1b3b2c49c15ac53" language="English" custom="readingOrder {index:4;}">
                    <Coords points="715,2454 898,2454 898,2485 715,2485"/>
                    <TextEquiv>
                        <Unicode>s’envoler...</Unicode>
                    </TextEquiv>
                    <TextStyle fontFamily="Times New Roman" fontSize="7.0"/>
                </Word>
                <Word id="w_w1aab1b3b2c49c15ac79" language="English" custom="readingOrder {index:5;}">
                    <Coords points="928,2455 961,2455 961,2484 928,2484"/>
                    <TextEquiv>
                        <Unicode>Je</Unicode>
                    </TextEquiv>
                    <TextStyle fontFamily="Times New Roman" fontSize="7.0"/>
                </Word>
                <Word id="w_w1aab1b3b2c49c15ac85" language="English" custom="readingOrder {index:6;}">
                    <Coords points="984,2456 1061,2456 1061,2485 984,2485"/>
                    <TextEquiv>
                        <Unicode>crois</Unicode>
                    </TextEquiv>
                    <TextStyle fontFamily="Times New Roman" fontSize="7.0"/>
                </Word>
                <Word id="w_w1aab1b3b2c49c15ac97" language="English" custom="readingOrder {index:7;}">
                    <Coords points="1086,2462 1142,2462 1142,2492 1086,2492"/>
                    <TextEquiv>
                        <Unicode>que</Unicode>
                    </TextEquiv>
                    <TextStyle fontFamily="Times New Roman" fontSize="7.0"/>
                </Word>
                <Word id="w_w1aab1b3b2c49c15ad105" language="English" custom="readingOrder {index:8;}">
                    <Coords points="1164,2456 1224,2456 1224,2485 1164,2485"/>
                    <TextEquiv>
                        <Unicode>tout</Unicode>
                    </TextEquiv>
                    <TextStyle fontFamily="Times New Roman" fontSize="7.0"/>
                </Word>
                <Word id="w_w1aab1b3b2c49c15ad115" language="English" custom="readingOrder {index:9;}">
                    <Coords points="1238,2462 1275,2462 1275,2484 1238,2484"/>
                    <TextEquiv>
                        <Unicode>va</Unicode>
                    </TextEquiv>
                    <TextStyle fontFamily="Times New Roman" fontSize="7.0"/>
                </Word>
                <Word id="w_w1aab1b3b2c49c15ad121" language="English" custom="readingOrder {index:10;}">
                    <Coords points="1294,2455 1369,2455 1369,2485 1294,2485"/>
                    <TextEquiv>
                        <Unicode>bien.</Unicode>
                    </TextEquiv>
                    <TextStyle fontFamily="Times New Roman" fontSize="7.0"/>
                </Word>
                <Word id="w_w1aab1b3b2c49c15ad133" language="English" custom="readingOrder {index:11;}">
                    <Coords points="1394,2466 1406,2466 1406,2481 1394,2481"/>
                    <TextEquiv>
                        <Unicode>»</Unicode>
                    </TextEquiv>
                    <TextStyle fontFamily="Times New Roman" fontSize="7.0"/>
                </Word>
                <Word id="w_w1aab1b3b2c49c15ad137" language="English" custom="readingOrder {index:12;}">
                    <Coords points="1441,2455 1462,2455 1462,2484 1441,2484"/>
                    <TextEquiv>
                        <Unicode>11</Unicode>
                    </TextEquiv>
                    <TextStyle fontFamily="Times New Roman" fontSize="7.0"/>
                </Word>
                <Word id="w_w1aab1b3b2c49c15ad143" language="English" custom="readingOrder {index:13;}">
                    <Coords points="1488,2455 1514,2455 1514,2484 1488,2484"/>
                    <TextEquiv>
                        <Unicode>le</Unicode>
                    </TextEquiv>
                    <TextStyle fontFamily="Times New Roman" fontSize="7.0"/>
                </Word>
                <Word id="w_w1aab1b3b2c49c15ad149" language="English" custom="readingOrder {index:14;}">
                    <Coords points="1546,2455 1610,2455 1610,2492 1546,2492"/>
                    <TextEquiv>
                        <Unicode>prie</Unicode>
                    </TextEquiv>
                    <TextStyle fontFamily="Times New Roman" fontSize="7.0"/>
                </Word>
                <TextEquiv>
                    <Unicode>culottes font semblant de s’envoler... Je crois que tout va bien. » Il le prie</Unicode>
                </TextEquiv>
                <TextStyle fontFamily="Times New Roman" fontSize="7.0"/>
            </TextLine>
            <TextLine id="tl_52" primaryLanguage="English" custom="readingOrder {index:8;}">
                <Coords points="261,2493 1612,2493 1612,2532 261,2532"/>
                <Baseline points="261,2524 1612,2524"/>
                <Word id="w_w1aab1b3b2c49c17ab1" language="English" custom="readingOrder {index:0;}">
                    <Coords points="261,2497 458,2497 458,2527 261,2527"/>
                    <TextEquiv>
                        <Unicode>d’embrasser</Unicode>
                    </TextEquiv>
                    <TextStyle fontFamily="Times New Roman" fontSize="7.0"/>
                </Word>
                <Word id="w_w1aab1b3b2c49c17ac25" language="English" custom="readingOrder {index:1;}">
                    <Coords points="482,2496 614,2496 614,2526 482,2526"/>
                    <TextEquiv>
                        <Unicode>diverses</Unicode>
                    </TextEquiv>
                    <TextStyle fontFamily="Times New Roman" fontSize="7.0"/>
                </Word>
                <Word id="w_w1aab1b3b2c49c17ac43" language="English" custom="readingOrder {index:2;}">
                    <Coords points="639,2501 813,2501 813,2531 639,2531"/>
                    <TextEquiv>
                        <Unicode>personnes,</Unicode>
                    </TextEquiv>
                    <TextStyle fontFamily="Times New Roman" fontSize="7.0"/>
                </Word>
                <Word id="w_w1aab1b3b2c49c17ac65" language="English" custom="readingOrder {index:3;}">
                    <Coords points="841,2494 935,2494 935,2531 841,2531"/>
                    <TextEquiv>
                        <Unicode>parmi</Unicode>
                    </TextEquiv>
                    <TextStyle fontFamily="Times New Roman" fontSize="7.0"/>
                </Word>
                <Word id="w_w1aab1b3b2c49c17ac77" language="English" custom="readingOrder {index:4;}">
                    <Coords points="956,2494 1110,2494 1110,2531 956,2531"/>
                    <TextEquiv>
                        <Unicode>lesquelles</Unicode>
                    </TextEquiv>
                    <TextStyle fontFamily="Times New Roman" fontSize="7.0"/>
                </Word>
                <Word id="w_w1aab1b3b2c49c17ac99" language="English" custom="readingOrder {index:5;}">
                    <Coords points="1138,2502 1170,2502 1170,2524 1138,2524"/>
                    <TextEquiv>
                        <Unicode>sa</Unicode>
                    </TextEquiv>
                    <TextStyle fontFamily="Times New Roman" fontSize="7.0"/>
                </Word>
                <Word id="w_w1aab1b3b2c49c17ad105" language="English" custom="readingOrder {index:6;}">
                    <Coords points="1195,2500 1273,2500 1273,2524 1195,2524"/>
                    <TextEquiv>
                        <Unicode>sœur</Unicode>
                    </TextEquiv>
                    <TextStyle fontFamily="Times New Roman" fontSize="7.0"/>
                </Word>
                <Word id="w_w1aab1b3b2c49c17ad115" language="English" custom="readingOrder {index:7;}">
                    <Coords points="1305,2494 1462,2494 1462,2532 1305,2532"/>
                    <TextEquiv>
                        <Unicode>(Elisabeth</Unicode>
                    </TextEquiv>
                    <TextStyle fontFamily="Times New Roman" fontSize="7.0"/>
                </Word>
                <Word id="w_w1aab1b3b2c49c17ad137" language="English" custom="readingOrder {index:8;}">
                    <Coords points="1480,2493 1612,2493 1612,2527 1480,2527"/>
                    <TextEquiv>
                        <Unicode>Cazotle,</Unicode>
                    </TextEquiv>
                    <TextStyle fontFamily="Times New Roman" fontSize="7.0"/>
                </Word>
                <TextEquiv>
                    <Unicode>d’embrasser diverses personnes, parmi lesquelles sa sœur (Elisabeth Cazotte,</Unicode>
                </TextEquiv>
                <TextStyle fontFamily="Times New Roman" fontSize="7.0"/>
            </TextLine>
            <TextLine id="tl_53" primaryLanguage="English" custom="readingOrder {index:9;}">
                <Coords points="260,2531 1142,2531 1142,2571 260,2571"/>
                <Baseline points="260,2563 1142,2563"/>
                <Word id="w_w1aab1b3b2c49c19ab1" language="English" custom="readingOrder {index:0;}">
                    <Coords points="260,2536 329,2536 329,2566 260,2566"/>
                    <TextEquiv>
                        <Unicode>dont</Unicode>
                    </TextEquiv>
                    <TextStyle fontFamily="Times New Roman" fontSize="7.0"/>
                </Word>
                <Word id="w_w1aab1b3b2c49c19ac11" language="English" custom="readingOrder {index:1;}">
                    <Coords points="347,2536 515,2536 515,2566 347,2566"/>
                    <TextEquiv>
                        <Unicode>l'héroïsme</Unicode>
                    </TextEquiv>
                    <TextStyle fontFamily="Times New Roman" fontSize="7.0"/>
                </Word>
                <Word id="w_w1aab1b3b2c49c19ac33" language="English" custom="readingOrder {index:2;}">
                    <Coords points="529,2540 620,2540 620,2564 529,2564"/>
                    <TextEquiv>
                        <Unicode>sauva</Unicode>
                    </TextEquiv>
                    <TextStyle fontFamily="Times New Roman" fontSize="7.0"/>
                </Word>
                <Word id="w_w1aab1b3b2c49c19ac45" language="English" custom="readingOrder {index:3;}">
                    <Coords points="635,2540 688,2540 688,2563 635,2563"/>
                    <TextEquiv>
                        <Unicode>son</Unicode>
                    </TextEquiv>
                    <TextStyle fontFamily="Times New Roman" fontSize="7.0"/>
                </Word>
                <Word id="w_w1aab1b3b2c49c19ac53" language="English" custom="readingOrder {index:4;}">
                    <Coords points="705,2533 786,2533 786,2571 705,2571"/>
                    <TextEquiv>
                        <Unicode>père,</Unicode>
                    </TextEquiv>
                    <TextStyle fontFamily="Times New Roman" fontSize="7.0"/>
                </Word>
                <Word id="w_w1aab1b3b2c49c19ac65" language="English" custom="readingOrder {index:5;}">
                    <Coords points="804,2532 849,2532 849,2563 804,2563"/>
                    <TextEquiv>
                        <Unicode>six</Unicode>
                    </TextEquiv>
                    <TextStyle fontFamily="Times New Roman" fontSize="7.0"/>
                </Word>
                <Word id="w_w1aab1b3b2c49c19ac73" language="English" custom="readingOrder {index:6;}">
                    <Coords points="870,2532 1014,2532 1014,2562 870,2562"/>
                    <TextEquiv>
                        <Unicode>semaines</Unicode>
                    </TextEquiv>
                    <TextStyle fontFamily="Times New Roman" fontSize="7.0"/>
                </Word>
                <Word id="w_w1aab1b3b2c49c19ac91" language="English" custom="readingOrder {index:7;}">
                    <Coords points="1033,2531 1142,2531 1142,2571 1033,2571"/>
                    <TextEquiv>
                        <Unicode>après).</Unicode>
                    </TextEquiv>
                    <TextStyle fontFamily="Times New Roman" fontSize="7.0"/>
                </Word>
                <TextEquiv>
                    <Unicode>dont l'héroïsme sauva son père, six semaines après).</Unicode>
                </TextEquiv>
                <TextStyle fontFamily="Times New Roman" fontSize="7.0"/>
            </TextLine>
            <TextEquiv>
                <Unicode>Epître singulière, où l’on voit très-bien que Cazotte fut mêlé aux intrigues
royalistes qui précédèrent le 10 août. — Son fils lui rend compte des diverses
démarches qu'il a faites, et, lui raconte, dans un langage mystique, qu'il est
monté sur une des tours de Notre-Dame; que, planant sur la ville, il a fait les
prières et les commandements. Le mot d'ordre a été Elisabeth, Paris.
« Vous saurés, ajoute-t-il, si j’ai agi. C’est de votre part et de celle de
Mmc la marq. C’est à vous que le compte doit se rendre... Quelques sans-
culottes font semblant de s’envoler... Je crois que tout va bien. » Il le prie
d’embrasser diverses personnes, parmi lesquelles sa sœur (Elisabeth Cazotte,
dont l'héroïsme sauva son père, six semaines après).</Unicode>
            </TextEquiv>
        </TextRegion>
        <TextRegion type="paragraph" id="r_2_26" custom="readingOrder {index:26;}">
            <Coords points="142,2575 1607,2575 1607,2624 142,2624"/>
            <TextLine id="tl_54" primaryLanguage="English" custom="readingOrder {index:0;}">
                <Coords points="143,2576 1606,2576 1606,2623 143,2623"/>
                <Baseline points="143,2611 1606,2611"/>
                <Word id="w_w1aab1b3b2c51b1ab1" language="English" custom="readingOrder {index:0;}">
                    <Coords points="143,2581 228,2581 228,2615 143,2615"/>
                    <TextEquiv>
                        <Unicode>4161</Unicode>
                    </TextEquiv>
                    <TextStyle fontFamily="Times New Roman" fontSize="9.5"/>
                </Word>
                <Word id="w_w1aab1b3b2c51b1b1b1" language="English" custom="readingOrder {index:1;}">
                    <Coords points="259,2580 464,2580 464,2623 259,2623"/>
                    <TextEquiv>
                        <Unicode>Ghaptal,</Unicode>
                    </TextEquiv>
                    <TextStyle fontFamily="Times New Roman" fontSize="9.0" bold="true"/>
                </Word>
                <Word id="w_w1aab1b3b2c51b1b2b1" language="English" custom="readingOrder {index:2;}">
                    <Coords points="491,2577 642,2577 642,2613 491,2613"/>
                    <TextEquiv>
                        <Unicode>célèbre</Unicode>
                    </TextEquiv>
                    <TextStyle fontFamily="Times New Roman" fontSize="9.5"/>
                </Word>
                <Word id="w_w1aab1b3b2c51b1b2c17" language="English" custom="readingOrder {index:3;}">
                    <Coords points="674,2576 871,2576 871,2611 674,2611"/>
                    <TextEquiv>
                        <Unicode>chimiste.</Unicode>
                    </TextEquiv>
                    <TextStyle fontFamily="Times New Roman" fontSize="9.5"/>
                </Word>
                <Word id="w_w1aab1b3b2c51b1b2c37" language="English" custom="readingOrder {index:4;}">
                    <Coords points="892,2597 928,2597 928,2603 892,2603"/>
                    <TextEquiv>
                        <Unicode>—</Unicode>
                    </TextEquiv>
                    <TextStyle fontFamily="Times New Roman" fontSize="9.5"/>
                </Word>
                <Word id="w_w1aab1b3b2c51b1b2c41" language="English" custom="readingOrder {index:5;}">
                    <Coords points="948,2576 990,2576 990,2612 948,2612"/>
                    <TextEquiv>
                        <Unicode>L.</Unicode>
                    </TextEquiv>
                    <TextStyle fontFamily="Times New Roman" fontSize="9.5"/>
                </Word>
                <Word id="w_w1aab1b3b2c51b1b2c47" language="English" custom="readingOrder {index:6;}">
                    <Coords points="1024,2587 1059,2587 1059,2612 1024,2612"/>
                    <TextEquiv>
                        <Unicode>a.</Unicode>
                    </TextEquiv>
                    <TextStyle fontFamily="Times New Roman" fontSize="9.5"/>
                </Word>
                <Word id="w_w1aab1b3b2c51b1b2c53" language="English" custom="readingOrder {index:7;}">
                    <Coords points="1089,2586 1117,2586 1117,2611 1089,2611"/>
                    <TextEquiv>
                        <Unicode>s.</Unicode>
                    </TextEquiv>
                    <TextStyle fontFamily="Times New Roman" fontSize="9.5"/>
                </Word>
                <Word id="w_w1aab1b3b2c51b1b2c59" language="English" custom="readingOrder {index:8;}">
                    <Coords points="1153,2576 1175,2576 1175,2611 1153,2611"/>
                    <TextEquiv>
                        <Unicode>à</Unicode>
                    </TextEquiv>
                    <TextStyle fontFamily="Times New Roman" fontSize="9.5"/>
                </Word>
                <Word id="w_w1aab1b3b2c51b1b2c63" language="English" custom="readingOrder {index:9;}">
                    <Coords points="1204,2587 1256,2587 1256,2611 1204,2611"/>
                    <TextEquiv>
                        <Unicode>un</Unicode>
                    </TextEquiv>
                    <TextStyle fontFamily="Times New Roman" fontSize="9.5"/>
                </Word>
                <Word id="w_w1aab1b3b2c51b1b2c69" language="English" custom="readingOrder {index:10;}">
                    <Coords points="1278,2576 1355,2576 1355,2611 1278,2611"/>
                    <TextEquiv>
                        <Unicode>ami</Unicode>
                    </TextEquiv>
                    <TextStyle fontFamily="Times New Roman" fontSize="9.5"/>
                </Word>
                <Word id="w_w1aab1b3b2c51b1b2c77" language="English" custom="readingOrder {index:11;}">
                    <Coords points="1373,2588 1381,2588 1381,2619 1373,2619"/>
                    <TextEquiv>
                        <Unicode>;</Unicode>
                    </TextEquiv>
                    <TextStyle fontFamily="Times New Roman" fontSize="9.5"/>
                </Word>
                <Word id="w_w1aab1b3b2c51b1b2c81" language="English" custom="readingOrder {index:12;}">
                    <Coords points="1411,2577 1507,2577 1507,2618 1411,2618"/>
                    <TextEquiv>
                        <Unicode>1784,</Unicode>
                    </TextEquiv>
                    <TextStyle fontFamily="Times New Roman" fontSize="9.5"/>
                </Word>
                <Word id="w_w1aab1b3b2c51b1b2c93" language="English" custom="readingOrder {index:13;}">
                    <Coords points="1534,2579 1544,2579 1544,2610 1534,2610"/>
                    <TextEquiv>
                        <Unicode>1</Unicode>
                    </TextEquiv>
                    <TextStyle fontFamily="Times New Roman" fontSize="9.5"/>
                </Word>
                <Word id="w_w1aab1b3b2c51b1b2c97" language="English" custom="readingOrder {index:14;}">
                    <Coords points="1569,2587 1606,2587 1606,2621 1569,2621"/>
                    <TextEquiv>
                        <Unicode>p.</Unicode>
                    </TextEquiv>
                    <TextStyle fontFamily="Times New Roman" fontSize="9.5"/>
                </Word>
                <TextEquiv>
                    <Unicode>4161 Chaptal, célèbre chimiste. — L. a. s. à un ami ; 1784, 1 p.</Unicode>
                </TextEquiv>
            </TextLine>
            <TextEquiv>
                <Unicode>4161 Chaptal, célèbre chimiste. — L. a. s. à un ami ; 1784, 1 p.</Unicode>
            </TextEquiv>
        </TextRegion>
        <TextRegion type="paragraph" id="r_2_27" custom="readingOrder {index:27;}">
            <Coords points="262,2622 1612,2622 1612,2660 262,2660"/>
            <TextLine id="tl_55" primaryLanguage="English" custom="readingOrder {index:0;}">
                <Coords points="263,2623 1611,2623 1611,2659 263,2659"/>
                <Baseline points="263,2658 1611,2658"/>
                <Word id="w_w1aab1b3b2c53b1ab1" language="English" custom="readingOrder {index:0;}">
                    <Coords points="263,2625 355,2625 355,2659 263,2659"/>
                    <TextEquiv>
                        <Unicode>in-4.</Unicode>
                    </TextEquiv>
                    <TextStyle fontFamily="Times New Roman" fontSize="9.5"/>
                </Word>
                <Word id="w_w1aab1b3b2c53b1ac13" language="English" custom="readingOrder {index:1;}">
                    <Coords points="1527,2623 1539,2623 1539,2655 1527,2655"/>
                    <TextEquiv>
                        <Unicode>1</Unicode>
                    </TextEquiv>
                    <TextStyle fontFamily="Times New Roman" fontSize="9.5"/>
                </Word>
                <Word id="w_w1aab1b3b2c53b1ac17" language="English" custom="readingOrder {index:2;}">
                    <Coords points="1567,2624 1611,2624 1611,2656 1567,2656"/>
                    <TextEquiv>
                        <Unicode>25</Unicode>
                    </TextEquiv>
                    <TextStyle fontFamily="Times New Roman" fontSize="9.5"/>
                </Word>
                <TextEquiv>
                    <Unicode>in-4. 1 25</Unicode>
                </TextEquiv>
                <TextStyle fontFamily="Times New Roman" fontSize="9.5"/>
            </TextLine>
            <TextEquiv>
                <Unicode>in-4. 1 25</Unicode>
            </TextEquiv>
        </TextRegion>
        <TextRegion type="paragraph" id="r_2_28" custom="readingOrder {index:28;}">
            <Coords points="143,2668 1613,2668 1613,2717 143,2717"/>
            <TextLine id="tl_56" primaryLanguage="English" custom="readingOrder {index:0;}">
                <Coords points="144,2669 1612,2669 1612,2716 144,2716"/>
                <Baseline points="144,2706 1612,2706"/>
                <Word id="w_w1aab1b3b2c55b1ab1" language="English" custom="readingOrder {index:0;}">
                    <Coords points="144,2676 231,2676 231,2710 144,2710"/>
                    <TextEquiv>
                        <Unicode>4162</Unicode>
                    </TextEquiv>
                    <TextStyle fontFamily="Times New Roman" fontSize="9.5"/>
                </Word>
                <Word id="w_w1aab1b3b2c55b1b1b1" language="English" custom="readingOrder {index:1;}">
                    <Coords points="256,2675 441,2675 441,2710 256,2710"/>
                    <TextEquiv>
                        <Unicode>Charles</Unicode>
                    </TextEquiv>
                    <TextStyle fontFamily="Times New Roman" fontSize="9.0" bold="true"/>
                </Word>
                <Word id="w_w1aab1b3b2c55b1b1c17" language="English" custom="readingOrder {index:2;}">
                    <Coords points="459,2672 552,2672 552,2714 459,2714"/>
                    <TextEquiv>
                        <Unicode>XII,</Unicode>
                    </TextEquiv>
                    <TextStyle fontFamily="Times New Roman" fontSize="9.0" bold="true"/>
                </Word>
                <Word id="w_w1aab1b3b2c55b1b2b1" language="English" custom="readingOrder {index:3;}">
                    <Coords points="573,2672 609,2672 609,2707 573,2707"/>
                    <TextEquiv>
                        <Unicode>le</Unicode>
                    </TextEquiv>
                    <TextStyle fontFamily="Times New Roman" fontSize="9.5"/>
                </Word>
                <Word id="w_w1aab1b3b2c55b1b2b7" language="English" custom="readingOrder {index:4;}">
                    <Coords points="636,2670 760,2670 760,2716 636,2716"/>
                    <TextEquiv>
                        <Unicode>grand</Unicode>
                    </TextEquiv>
                    <TextStyle fontFamily="Times New Roman" fontSize="9.5"/>
                </Word>
                <Word id="w_w1aab1b3b2c55b1b2c19" language="English" custom="readingOrder {index:5;}">
                    <Coords points="790,2670 848,2670 848,2705 790,2705"/>
                    <TextEquiv>
                        <Unicode>roi</Unicode>
                    </TextEquiv>
                    <TextStyle fontFamily="Times New Roman" fontSize="9.5"/>
                </Word>
                <Word id="w_w1aab1b3b2c55b1b2c27" language="English" custom="readingOrder {index:6;}">
                    <Coords points="869,2670 916,2670 916,2705 869,2705"/>
                    <TextEquiv>
                        <Unicode>de</Unicode>
                    </TextEquiv>
                    <TextStyle fontFamily="Times New Roman" fontSize="9.5"/>
                </Word>
                <Word id="w_w1aab1b3b2c55b1b2c33" language="English" custom="readingOrder {index:7;}">
                    <Coords points="936,2670 1078,2670 1078,2713 936,2713"/>
                    <TextEquiv>
                        <Unicode>Suède,</Unicode>
                    </TextEquiv>
                    <TextStyle fontFamily="Times New Roman" fontSize="9.5"/>
                </Word>
                <Word id="w_w1aab1b3b2c55b1b2c47" language="English" custom="readingOrder {index:8;}">
                    <Coords points="1100,2670 1196,2670 1196,2706 1100,2706"/>
                    <TextEquiv>
                        <Unicode>dont</Unicode>
                    </TextEquiv>
                    <TextStyle fontFamily="Times New Roman" fontSize="9.5"/>
                </Word>
                <Word id="w_w1aab1b3b2c55b1b2c57" language="English" custom="readingOrder {index:9;}">
                    <Coords points="1214,2669 1392,2669 1392,2705 1214,2705"/>
                    <TextEquiv>
                        <Unicode>Voltaire</Unicode>
                    </TextEquiv>
                    <TextStyle fontFamily="Times New Roman" fontSize="9.5"/>
                </Word>
                <Word id="w_w1aab1b3b2c55b1b2c75" language="English" custom="readingOrder {index:10;}">
                    <Coords points="1413,2679 1436,2679 1436,2704 1413,2704"/>
                    <TextEquiv>
                        <Unicode>a</Unicode>
                    </TextEquiv>
                    <TextStyle fontFamily="Times New Roman" fontSize="9.5"/>
                </Word>
                <Word id="w_w1aab1b3b2c55b1b2c79" language="English" custom="readingOrder {index:11;}">
                    <Coords points="1453,2669 1555,2669 1555,2705 1453,2705"/>
                    <TextEquiv>
                        <Unicode>écrit</Unicode>
                    </TextEquiv>
                    <TextStyle fontFamily="Times New Roman" fontSize="9.5"/>
                </Word>
                <Word id="w_w1aab1b3b2c55b1b2c91" language="English" custom="readingOrder {index:12;}">
                    <Coords points="1574,2670 1612,2670 1612,2705 1574,2705"/>
                    <TextEquiv>
                        <Unicode>la</Unicode>
                    </TextEquiv>
                    <TextStyle fontFamily="Times New Roman" fontSize="9.5"/>
                </Word>
                <TextEquiv>
                    <Unicode>4162 Charles XII, le grand roi de Suède, dont Voltaire a écrit la</Unicode>
                </TextEquiv>
            </TextLine>
            <TextEquiv>
                <Unicode>4162 Charles XII, le grand roi de Suède, dont Voltaire a écrit la</Unicode>
            </TextEquiv>
        </TextRegion>
    </Page>
</PcGts>
