1793 3007
181 168 240 202 No
262 162 307 201 2/

1103 163 1373 198 Mars-Avril
1397 163 1521 198 1869.

609 331 1075 396 revue

810 466 877 491 DES

126 558 1574 742 AUTOGRAPHES

659 816 705 862 DE
728 816 949 863 L'HISTOIRE
970 818 1002 862 &
1022 817 1069 862 DE
1097 817 1144 862 LA
1162 816 1400 862 BIOGRAPHIE

524 929 743 959 UE
764 929 906 961 MOIS,
921 929 1058 958 SOUS
1078 930 1151 957 LA
1165 927 1458 958 DIRECTION
1479 927 1547 955 DE

563 1024 1139 1067 GABRIEL CHARAVAY
228 1171 705 1210 ABONNEMENTS:
152 1237 800 1276 France, un an (12 Numéros) 3 fr.
157 1284 732 1328 Étranger .................. 4
1061 1176 1378 1205 BUREAUX:

891 1242 959 1275 50,
972 1249 1043 1271 rue
1056 1243 1544 1273 Saint-André-des-Arts,

1128 1295 1151 1320 à
1170 1292 1298 1321 Paris.

508 1374 565 1407 UN
603 1365 796 1407 NUMÉRO
828 1383 836 1407 :
875 1373 928 1407 25
959 1374 1188 1407 CENTIMES

127 1514 336 1550 Sommaire
358 1525 367 1549 :
395 1514 425 1549 1.
451 1514 625 1549 Collection
643 1515 781 1557 Gegner.
801 1516 843 1549 —
867 1515 900 1549 2.
931 1515 1078 1549 Variétés
1094 1515 1349 1558 rétrospectives.
1368 1516 1410 1549 —
1428 1516 1461 1549 3.
1486 1516 1579 1548 Faits

213 1559 335 1594 divers.
355 1577 397 1583 —
422 1559 454 1593 4.
480 1559 793 1602 Autographes
817 1561 844 1593 à
866 1559 969 1602 prix
991 1559 1214 1602 marqués.
1241 1560 1283 1593 —
1307 1560 1340 1593 5.
1365 1560 1488 1593 Prime.

476 1729 891 1773 COLLECTION
935 1730 1223 1773 GEGNER.

176 1830 223 1870 Le
244 1830 267 1868 9
287 1830 394 1876 avril,
415 1830 493 1868 doit
511 1830 611 1868 avoir
633 1831 701 1869 lieu
723 1842 788 1882 par
809 1832 841 1870 le
863 1831 1052 1870 ministère
1073 1831 1117 1870 de
1139 1832 1171 1871 M
1177 1840 1189 1855 e
1209 1832 1405 1883 Daupeley,
1438 1839 1473 1871 cl
1491 1844 1577 1871 sous

125 1886 228 1919 notre
247 1879 439 1925 direction,
464 1880 498 1918 la
524 1887 631 1918 vente
654 1881 763 1920 d’une
789 1881 980 1920 collection
1006 1882 1052 1920 de
1085 1881 1211 1920 lettres
1236 1882 1477 1932 autographes
1509 1895 1577 1933 peu

125 1930 353 1975 nombreuse,
377 1930 468 1968 mais
489 1930 841 1970 très-intéressante.
867 1932 914 1970 M.
937 1932 1095 1980 Gegner,
1130 1932 1191 1980 qui
1212 1932 1335 1970 l’avait
1355 1933 1493 1975 réunie,
1522 1939 1577 1972 est

128 1986 220 2018 mort
238 1981 460 2018 récemment
479 1979 543 2018 des
562 1980 676 2018 suites
694 1980 803 2019 d’une
827 1980 993 2020 affection
1022 1981 1066 2019 de
1098 1981 1270 2032 poitrine,
1300 1982 1391 2020 dont
1424 1982 1446 2019 il
1479 1984 1576 2022 avait

125 2030 294 2080 rapporté
320 2030 351 2068 le
373 2041 496 2079 germe
522 2030 566 2068 de
591 2029 746 2069 Crimée.
778 2031 801 2068 Il
833 2030 933 2069 avait
963 2030 1028 2069 fait
1058 2037 1157 2071 toute
1184 2037 1279 2070 cette
1308 2043 1508 2081 campagne
1532 2044 1575 2070 en

125 2080 263 2129 qualité
283 2079 486 2135 d’employé
504 2079 552 2118 du
571 2079 700 2118 Trésor
737 2081 868 2119 C’était
888 2092 936 2119 un
960 2080 1103 2119 homme
1121 2081 1232 2119 d'une
1252 2082 1391 2130 grande
1417 2082 1577 2120 douceur

124 2135 160 2167 et
179 2129 288 2168 d’une
307 2129 467 2168 timidité
485 2130 657 2168 extrême.
681 2130 756 2169 Son
775 2132 850 2169 état
869 2131 913 2168 de
935 2129 1138 2169 souffrance
1159 2131 1190 2169 le
1209 2131 1353 2169 rendait
1381 2131 1498 2170 même
1525 2143 1574 2169 un

128 2191 193 2228 peu
218 2180 412 2222 taciturne,
434 2180 533 2218 aussi
560 2179 664 2218 est-il
692 2192 757 2229 peu
789 2191 910 2219 connu
940 2180 985 2218 de
1012 2191 1070 2218 ses
1100 2181 1282 2230 collègues
1312 2183 1361 2219 les
1391 2188 1576 2220 amateurs

123 2227 416 2279 d’autographes.

176 2279 225 2318 M.
250 2280 396 2329 Gegner
413 2279 576 2318 assistait
596 2279 783 2318 lui-même
804 2290 875 2317 aux
895 2285 1021 2318 ventes
1039 2278 1335 2330 d’autographes,
1363 2280 1483 2331 quand
1508 2292 1573 2319 son

125 2331 200 2367 état
220 2330 265 2367 de
284 2330 388 2367 santé
407 2329 441 2367 le
462 2328 511 2367 lui
535 2330 755 2379 permettait,
774 2329 865 2367 mais
885 2329 907 2366 il
933 2329 993 2379 n’y
1015 2328 1134 2367 faisait
1155 2341 1219 2380 pas
1237 2329 1283 2368 de
1302 2330 1404 2368 folies
1423 2343 1430 2367 :
1453 2331 1574 2380 quand

126 2391 197 2418 une
217 2379 317 2429 pièce
335 2379 490 2417 montait
509 2385 589 2429 trop
610 2380 709 2428 haut,
733 2379 755 2416 il
778 2379 811 2417 la
826 2378 985 2423 lâchait,
1002 2380 1150 2417 suivant
1170 2391 1216 2417 un
1238 2387 1351 2419 terme
1367 2380 1413 2418 du
1432 2380 1571 2418 métier.

126 2428 154 2466 Il
177 2441 215 2468 se
233 2428 450 2474 contentait,
475 2441 563 2478 pour
585 2430 634 2467 les
652 2427 897 2479 autographes
914 2429 1000 2466 d’un
1017 2429 1133 2479 grand
1154 2429 1250 2479 prix,
1270 2430 1316 2469 de
1336 2435 1466 2469 mettre
1483 2429 1575 2468 dans

127 2478 161 2516 la
181 2479 353 2524 chemise,
372 2490 510 2517 comme
530 2479 631 2529 pièce
651 2479 840 2522 d’attente,
866 2489 913 2516 un
934 2479 1135 2517 fac-similé
1153 2491 1197 2517 ou
1221 2491 1268 2518 un
1290 2480 1457 2528 portrait.
1478 2478 1576 2517 C’est

125 2529 219 2567 ainsi
240 2540 310 2579 que
329 2540 420 2567 nous
438 2540 552 2566 avons
572 2530 697 2567 trouvé
712 2529 805 2566 dans
828 2539 869 2566 sa
893 2529 1083 2567 collection
1104 2528 1154 2567 les
1171 2540 1274 2567 noms
1296 2530 1346 2567 les
1374 2529 1455 2579 plus
1476 2528 1575 2566 écla¬

127 2583 224 2617 tants
242 2579 468 2628 représentés
488 2590 551 2628 par
567 2579 631 2617 des
651 2578 791 2616 feuilles
810 2578 853 2617 de
868 2578 1130 2628 VIsographie,
1146 2590 1190 2617 au
1207 2579 1355 2617 nombre
1373 2578 1417 2616 de
1434 2578 1516 2627 plus
1531 2578 1576 2616 de

126 2630 214 2667 trois
230 2634 345 2673 cents,
368 2633 403 2666 et
425 2634 552 2667 autant
570 2629 613 2667 de
633 2628 816 2678 portraits.
