1802 3007
702 212 741 219 -
773 192 791 229 7
823 214 865 221 -

169 288 348 318 chambellan
377 289 413 319 de
440 289 525 319 Henri
557 290 606 327 III,
634 297 705 321 avec
732 298 765 320 sa
791 291 909 320 cousine
922 291 1081 328 germaine.
1114 292 1158 322 On
1188 299 1204 329 y
1225 300 1240 321 a
1259 293 1331 329 joint
1353 293 1394 323 les
1412 293 1512 323 lettres

168 328 299 365 patentes
314 328 352 358 du
374 328 428 363 roi,
447 336 491 366 gr.
510 328 581 359 in-f°
600 329 690 366 vélin,
702 329 863 360 autorisant
875 333 947 360 cette
968 330 1153 367 publication.
1170 331 1325 361 Curieuses
1343 331 1450 368 pièces.

53 377 139 412 4093
160 377 287 413 Anne
305 377 572 420 d’Autriche,
592 377 704 413 reine
725 379 765 414 et
784 378 948 422 régente
969 379 1016 414 de
1036 379 1200 415 France.
1221 399 1263 406 —
1282 379 1399 415 Pièce
1419 380 1511 422 sig.;

166 422 263 462 1628,
289 422 350 463 1/2
368 431 405 466 p.
426 421 517 456 in-f.
1426 427 1447 460 5
1494 439 1510 458 »

207 464 300 495 Ordre
312 466 347 495 de
366 474 455 504 payer
475 467 530 496 100
548 467 597 498 liv.
618 468 633 497 à
654 475 706 497 son
721 467 799 497 valet
814 467 849 497 de
867 468 1043 505 garde-robe
1060 469 1113 499 Pb.
1129 468 1165 499 de
1185 469 1224 498 La
1241 469 1400 507 Frcsnays,
1413 469 1430 499 à
1446 470 1512 501 titre

170 503 206 533 de
221 504 275 534 don
292 511 366 542 pour
381 512 428 534 ses
446 505 520 535 bons
534 506 673 537 services.

53 548 137 583 4094
160 548 385 592 Antonelli
404 548 452 592 (le
475 549 679 593 cardinal),
701 549 736 584 le
757 549 911 584 célèbre
937 550 1120 587 ministre
1141 550 1187 585 de
1214 550 1284 585 Pie
1316 550 1384 586 IX.
1404 571 1447 577 —
1466 552 1510 587 L.

161 601 191 626 8.
207 591 229 625 à
248 591 336 627 l’év.
357 592 403 627 de
424 593 461 628 8.
478 593 668 628 Severino
681 606 690 637 ;
705 594 843 637 Rome,
866 596 961 637 1859,
988 598 1000 629 1
1024 606 1060 640 p.
1082 595 1178 630 in-4.
1429 599 1439 630 I
1468 599 1511 631 50

52 648 137 682 4095
160 648 397 691 Argenson
417 648 664 691 (Marc-René
696 648 757 692 d’),
778 648 891 684 lient,
925 650 971 684 de
1000 649 1126 695 police
1147 651 1188 684 et
1207 649 1327 695 garde
1348 650 1416 685 des
1441 660 1508 693 sc.,

160 690 375 726 inventeur
395 692 462 727 des
481 692 622 727 lettres
643 692 689 726 de
710 692 860 735 cachet,
882 693 928 727 de
949 694 1093 729 l’Acad.
1116 694 1240 729 franc.
1260 713 1303 719 —
1321 695 1364 729 L.
1388 705 1422 730 a.
1444 705 1474 729 s.
1489 695 1511 729 à

160 734 351 778 Danchet,
371 746 440 771 son
472 737 652 781 collègue
685 736 708 770 à
743 736 997 781 l’Académie;
1024 741 1068 773 22
1114 737 1190 773 fév.
1213 731 1327 782 "1706,
1358 741 1379 773 2
1398 738 1435 784 p.pl.

161 777 259 814 in-4.
1422 785 1444 817 6
1491 795 1508 815 »

205 823 382 855 Charmante
410 825 502 863 épitre
524 825 645 855 relative
674 824 691 854 h
711 824 827 862 Cyrus,
861 827 989 865 tragédie
1019 827 1055 858 de
1071 827 1209 861 Danchet,
1239 827 1307 864 qu'il
1338 831 1382 857 est
1403 827 1511 865 chargé

165 862 354 893 d’examiner.
376 864 395 893 Il
419 863 442 893 la
462 868 565 894 trouve
581 861 724 901 sublime,
745 867 771 894 et
789 865 816 898 il
827 865 864 894 lui
884 866 979 903 prédit
993 874 1030 896 un
1049 866 1140 904 grand
1159 867 1272 903 succès,
1293 865 1317 896 si
1333 867 1376 897 les
1394 869 1510 898 acteurs

165 901 225 931 font
244 902 306 932 leur
324 903 435 933 devoir.

50 952 134 987 4096
157 952 538 996 Arnould-Plessy
558 952 608 996 (M
613 959 651 974 me
654 953 677 997 ),
692 952 847 988 célèbre
861 953 1116 988 comédienne
1132 953 1183 988 du
1198 953 1368 988 Théâtre
1384 954 1507 989 Fran¬

159 995 253 1042 çais,
274 995 345 1029 née
366 996 387 1030 à
407 996 520 1031 Metz.
538 997 634 1031 —L.
656 1007 690 1032 a.
711 1007 741 1032 s.
763 998 785 1031 à
805 1008 857 1031 un
878 998 1082 1041 ministre;
1104 998 1254 1043 (Paris),
1275 1000 1296 1033 3
1315 999 1390 1033 oct.
1410 1000 1506 1041 1841,

157 1044 178 1075 2
204 1049 238 1084 p.
261 1039 357 1074 in-4.
378 1040 488 1075 Belle
509 1042 549 1075 et
575 1041 758 1076 curieuse
779 1041 901 1086 pièce.
1420 1046 1441 1078 2
1489 1055 1504 1074 »

49 1097 130 1130 4097
157 1095 411 1139 Artaignan
430 1095 580 1139 (Pierre
613 1095 673 1140 d’),
706 1096 863 1131 d’abord
896 1097 1205 1142 mousquetaire,
1232 1096 1432 1131 maréchal
1459 1097 1504 1131 de

156 1139 321 1181 France,
343 1149 598 1184 gouverneur
617 1140 664 1175 de
684 1140 858 1183 l’Artois,
886 1140 931 1175 de
957 1142 1170 1186 Bretagne,
1202 1141 1248 1175 de
1268 1141 1507 1192 Languedoc

157 1184 197 1218 et
217 1183 263 1217 de
287 1184 501 1226 Provence,
523 1195 576 1219 un
597 1184 664 1219 des
684 1185 773 1230 plus
793 1185 1012 1228 intrépides
1033 1185 1236 1230 guerriers
1255 1186 1306 1219 du
1319 1185 1437 1220 siècle
1458 1185 1505 1220 de

155 1227 276 1262 Louis
294 1227 398 1270 XIV,
419 1227 680 1264 immortalisé
701 1238 771 1274 par
781 1229 891 1264 Alex.
913 1230 1070 1264 Dumas.
1087 1229 1195 1268 Quit.
1212 1240 1281 1265 sur
1298 1229 1405 1264 vélin
1428 1229 1503 1275 sig.

157 1274 269 1306 Pierre
287 1274 510 1315 Dartaignan,
532 1284 625 1308 avec
644 1276 665 1308 5
685 1273 853 1319 grandes
889 1273 1019 1319 lignes
1051 1276 1200 1319 autog.,
1235 1277 1257 1309 5
1281 1273 1376 1308 août
1408 1275 1503 1316 1676,

157 1315 255 1351 in-8.
278 1318 458 1352 Très-rare.
1421 1320 1460 1353 10
1485 1331 1502 1350 »

202 1361 278 1399 Reçu
300 1362 336 1392 de
351 1361 409 1393 300
427 1362 514 1393 livres
541 1371 614 1400 pour
629 1371 677 1393 ses
695 1363 925 1402 appointements
956 1363 991 1394 de
1007 1365 1099 1402 major
1124 1363 1159 1394 de
1187 1363 1306 1403 brigade
1335 1364 1461 1401 pendant
1476 1364 1502 1394 le

164 1401 176 1431 1
182 1407 207 1421 er
227 1402 300 1432 mois
318 1402 353 1432 de
368 1402 395 1432 la
409 1409 568 1440 campagne
586 1403 622 1432 de
637 1402 724 1433 1676.

45 1452 129 1485 4098
153 1451 315 1493 Auber,
337 1450 491 1485 célèbre
512 1451 793 1496 compositeur,
815 1453 960 1487 auteur
991 1451 1038 1488 de
1066 1451 1105 1486 la
1138 1453 1269 1487 Muette.
1301 1471 1343 1478 —
1379 1451 1503 1486 Billet

156 1497 238 1530 aut.
259 1495 349 1540 sig.,
372 1496 433 1538 1/2
452 1505 488 1540 p.
509 1495 606 1530 in-8.
1419 1498 1430 1530 1
1459 1498 1503 1531 25

47 1551 131 1584 4099
154 1550 333 1594 Azeglio
352 1550 548 1593 (Massimo
579 1550 639 1592 d’),
660 1549 836 1585 éminent
856 1551 1010 1585 homme
1048 1550 1177 1586 d’Etat
1204 1552 1245 1586 et
1272 1551 1504 1586 littérateur

155 1594 310 1637 italien,
332 1594 612 1639 prédécesseur
632 1594 679 1628 de
699 1595 853 1630 Cavour
872 1596 894 1629 à
912 1595 950 1629 la
963 1594 1193 1639 présidence
1214 1595 1265 1630 du
1287 1595 1457 1630 Conseil.—

154 1638 197 1672 L.
230 1649 265 1673 a.
303 1648 332 1673 s.
371 1639 432 1683 (au
469 1640 596 1673 comte
634 1638 838 1683 Cibrario),
872 1641 969 1682 1863,
1006 1640 1026 1673 4
1057 1649 1093 1684 p.
1122 1639 1218 1683 in-8,
1250 1650 1337 1684 pap.
1375 1639 1397 1674 à
1432 1649 1502 1674 son

158 1682 311 1717 chiffre.
1416 1686 1438 1718 2
1461 1686 1504 1719 50

201 1728 347 1758 Demande
378 1728 413 1758 de
443 1727 648 1766 récompenses
671 1728 870 1766 honorifiques
896 1736 970 1766 pour
1003 1728 1029 1758 le
1047 1735 1142 1765 marq.
1157 1728 1192 1759 de
1210 1728 1313 1758 Breme
1327 1730 1356 1758 et
1376 1728 1503 1759 Fortuné

160 1768 257 1797 Lanci.

48 1811 134 1846 4100
155 1812 316 1856 Balzac
336 1812 448 1856 (Hon.
469 1810 543 1855 de),
564 1811 600 1845 le
622 1810 745 1856 grand
768 1811 1002 1846 romancier.
1014 1831 1057 1836 —
1070 1811 1113 1846 L.
1129 1821 1163 1845 a.
1179 1821 1209 1846 s.
1230 1821 1279 1845 au
1300 1810 1504 1846 directeur

157 1856 208 1890 du
228 1854 619 1902 Théâtre-Français,
645 1858 656 1890 1
680 1866 716 1900 p.
749 1855 864 1891 in-12.
902 1857 962 1891 Au
1000 1855 1106 1900 sujet
1141 1855 1256 1890 d’une
1277 1855 1385 1900 pièce
1406 1855 1502 1900 qu’il

157 1900 286 1935 donne
306 1902 328 1936 à
346 1911 389 1935 ce
407 1899 577 1935 théâtre.
1419 1902 1441 1934 2
1463 1902 1506 1934 50

49 1955 130 1990 4101
157 1955 523 1998 Barbé-Marbois
547 1954 602 1998 (F.
632 1954 705 1998 de),
739 1954 921 1989 ministre
941 1954 987 1989 de
1024 1953 1227 1999 Napoléon
1253 1954 1268 1988 I
1271 1960 1299 1975 ar
1303 1980 1312 1996 ,
1333 1954 1506 1998 premier

159 1999 364 2044 président
382 1999 429 2034 de
452 2000 488 2034 la
507 1999 611 2034 Cour
631 1998 697 2033 des
719 2001 904 2043 comptes,
921 1999 970 2033 né
991 1999 1013 2033 à
1030 1999 1145 2034 Metz.
1171 2017 1208 2023 —
1221 1998 1264 2033 L.
1280 2009 1314 2033 a.
1336 2008 1382 2041 s.,
1406 2001 1503 2040 1822,

162 2046 174 2077 1
199 2054 235 2088 p.
250 2044 353 2089 petit
371 2044 467 2079 in-4.
1422 2045 1435 2077 1
1463 2045 1506 2077 25

50 2099 136 2133 4102
157 2099 329 2143 Barbés
348 2097 558 2143 (Armand),
581 2097 736 2132 célèbre
757 2097 1111 2139 révolutionnaire,
1144 2097 1422 2143 représentant
1452 2097 1504 2133 du

160 2143 302 2188 peuple
323 2153 371 2178 en
394 2145 490 2177 1848.
521 2161 564 2166 —
597 2141 640 2176 L.
661 2152 700 2177 a.
726 2151 771 2184 s.,
792 2141 1006 2185 (Belle-Ile,
1040 2141 1148 2185 1853),
1179 2145 1200 2176 4
1230 2152 1265 2186 p.
1296 2141 1389 2176 in-8.
1421 2144 1508 2177 Belle

157 2189 261 2231 pièce.
1420 2188 1442 2220 9
1488 2199 1505 2219 »

205 2232 347 2262 Curieuse
376 2231 479 2269 épitre,
509 2230 646 2260 adressée
661 2230 678 2260 à
693 2237 731 2260 un
744 2229 956 2268 représentant,
985 2237 1037 2259 son
1058 2229 1158 2259 ancien
1175 2230 1315 2267 collègue,
1343 2230 1508 2268 prisonnier

168 2278 282 2301 comme
293 2271 332 2301 lui
348 2279 356 2301 :
376 2270 477 2300 détails
493 2269 683 2299 intéressants
695 2276 746 2299 sur
762 2268 971 2306 quelques-uns
985 2269 1021 2299 de
1038 2277 1086 2299 ses
1103 2276 1301 2307 compagnons
1320 2269 1507 2307 d’infortune,

169 2311 305 2347 gracieux
323 2309 442 2348 épisode
471 2316 521 2338 sur
535 2316 572 2338 un
587 2307 737 2338 bouvreuil
767 2308 873 2339 blessé.
902 2307 1057 2338 Nouvelles
1076 2307 1228 2345 politiques
1257 2315 1308 2337 sur
1331 2309 1357 2338 la
1388 2309 1509 2339 brouille

168 2348 216 2386 qui
233 2356 334 2379 amena
348 2350 374 2378 la
391 2355 496 2386 guerre
514 2347 654 2378 d’Orient.
685 2357 698 2372 «
721 2347 741 2376 Il
758 2347 864 2384 paraît,
895 2346 984 2384 dit-il,
1014 2354 1070 2385 que
1085 2347 1112 2377 le
1125 2347 1332 2378 thermomètre,
1361 2346 1435 2378 n’est
1456 2356 1509 2386 pas

169 2388 186 2417 h
201 2388 435 2419 l’enthousiasme
454 2387 596 2424 guerrier,
627 2388 655 2416 et
670 2393 726 2423 que
743 2385 800 2415 l’on
814 2385 907 2415 craint
923 2386 1054 2423 toujours
1073 2393 1128 2423 que
1146 2386 1172 2416 la
1195 2386 1302 2416 Prusse
1320 2394 1356 2415 ne
1377 2394 1408 2416 se
1423 2390 1508 2417 mette

172 2435 242 2458 avec
257 2427 283 2457 la
304 2427 443 2458 Russie...
469 2438 481 2453 »

54 2471 141 2506 4103
164 2470 386 2513 Barnave,
406 2470 443 2505 le
464 2469 551 2514 plus
571 2468 695 2514 grand
716 2469 878 2503 orateur
896 2468 942 2502 de
962 2467 1073 2503 l’Ass.
1095 2468 1364 2503 constituante
1396 2469 1509 2513 après

164 2515 385 2557 Mirabeau,
406 2513 454 2549 né
475 2515 497 2548 à
521 2512 731 2555 Grenoble,
751 2512 929 2557 décapité
955 2523 1003 2547 en
1038 2515 1133 2548 1793.
1154 2515 1196 2547 —
1215 2514 1321 2547 Etude
1346 2513 1392 2547 du
1425 2524 1509 2547 cœur

166 2561 315 2602 humain,
336 2558 498 2604 pensées
518 2559 667 2602 autog.,
688 2560 709 2593 2
728 2567 763 2602 p.
779 2559 858 2602 pet.
879 2557 975 2592 in-4.
994 2559 1078 2592 Jolie
1090 2560 1194 2601 pièce.
1425 2560 1446 2592 5
1493 2570 1509 2590 »

56 2615 141 2649 4104
164 2615 363 2658 Baroche
398 2614 471 2658 (J.),
508 2612 691 2648 ministre
712 2612 758 2647 de
778 2612 980 2657 Napoléon
1000 2612 1067 2648 III.
1088 2632 1131 2638 —
1160 2613 1203 2647 L.
1235 2623 1269 2647 a.
1290 2622 1343 2656 s.;
1370 2611 1512 2657 juillet

168 2661 265 2701 1849,
284 2661 305 2694 2
324 2669 360 2703 p.
380 2659 472 2694 in-8.
1426 2659 1448 2691 2
1494 2669 1510 2689 «
