1841 2972
909 96 953 133 -
981 96 1029 134 24
1058 118 1101 124 -

281 202 369 237 4076
392 202 667 248 Talleyrand
698 203 865 248 (Ch.-M.
895 204 969 249 de),
998 204 1035 239 le
1062 204 1187 249 grand
1213 204 1443 250 diplomate.
1476 224 1517 231 —
1545 205 1631 240 Let.
1658 206 1739 240 aut.

392 246 441 288 (à
475 247 528 283 M.
567 248 731 294 Perrey,
768 258 838 284 son
875 248 1090 284 secrétaire
1126 248 1304 295 intime);
1331 252 1376 285 24
1400 249 1495 295 juin
1528 251 1625 293 1812,
1652 251 1674 284 3
1704 259 1741 293 p.

395 290 489 327 in-8.
1656 295 1678 328 4
1724 305 1741 325 »

437 336 510 367 Jolie
527 337 610 367 lettre
626 337 715 368 écrite
729 337 781 368 des
799 345 872 367 eaux
891 338 926 368 de
946 337 1094 376 Bourbon,
1110 338 1183 368 dans
1209 339 1331 377 laquelle
1355 339 1375 369 il
1398 339 1493 370 donne
1520 339 1618 369 divers
1641 338 1744 368 ordres

400 382 475 411 pour
493 376 632 414 expédier
651 384 682 407 sa
702 377 965 415 correspondance.

281 414 365 449 4077
391 414 549 459 Thiers
584 415 694 460 (Ad.),
732 414 928 450 historien
965 416 1005 450 et
1041 415 1196 452 homme
1234 415 1378 452 d’Etat.
1417 435 1460 442 —
1497 416 1540 452 L.
1578 425 1613 451 a.
1651 425 1682 450 s.
1719 415 1741 448 à

393 457 446 492 M.
467 458 650 503 Mornan,
673 461 771 502 1827,
793 462 805 494 1
830 469 868 505 p.
889 459 981 495 in-f.
1003 461 1044 495 et
1063 459 1159 495 in-4.
1658 461 1679 494 5
1726 471 1743 490 »

281 502 369 536 4078
392 502 634 548 Thunberg
681 503 853 549 (Ch.-P.),
898 503 1099 539 botaniste
1141 503 1315 547 suédois,
1362 504 1472 539 élève
1516 504 1562 539 de
1604 502 1744 545 Linné,

392 545 548 581 célèbre
568 558 774 593 voyageur
792 559 841 583 au
861 548 1001 593 Japon.
1022 568 1066 574 —
1085 548 1127 583 L.
1148 559 1183 583 a.
1199 559 1244 592 s.,
1259 559 1307 583 en
1323 548 1511 597 français,
1525 548 1612 583 à.M.
1628 547 1744 582 d’An-

392 590 449 625 tic
476 591 596 636 (Bosc)
612 602 621 637 ;
649 592 808 638 Upsale,
833 595 854 628 3
879 603 969 628 nov.
1000 595 1096 636 1789,
1131 595 1152 628 3
1179 603 1216 638 p.
1248 593 1341 637 in-4,
1376 593 1578 638 fragment
1608 591 1655 627 de
1686 602 1746 626 ca¬

394 633 499 671 chet.
1658 638 1680 671 6
1726 648 1743 668 »

440 680 518 712 Belle
536 683 564 712 et
579 682 770 713 intéressante
788 682 872 713 lettre
886 682 1007 713 relative
1027 682 1044 712 à
1066 682 1118 712 des
1137 682 1238 713 envois
1256 685 1285 713 et
1301 682 1336 714 de
1356 682 1469 721 plantes
1483 684 1512 713 et
1523 681 1677 713 d’insectes
1691 688 1747 719 que

402 717 441 748 lui
461 718 512 751 fait
530 720 613 751 Bosc.

280 758 368 792 4079
390 758 675 804 Tocqueville
710 759 863 804 (Alexis
899 759 973 804 de),
1012 758 1224 804 publiciste
1261 761 1303 795 et
1339 760 1495 795 homme
1528 758 1670 802 d’Etat,
1697 758 1744 793 de

397 800 542 838 l’Acad.
565 804 613 839 fr.
634 824 677 829 —
696 805 739 839 L.
760 814 794 838 a.
814 814 860 847 s.,
884 806 946 846 1/2
965 813 1001 848 p.
1023 804 1119 839 in-8.
1657 805 1678 838 2
1724 814 1741 834 »

283 846 370 879 4080
394 846 570 896 Trenck
591 848 733 896 (Frôd.,
754 848 876 882 baron
895 848 969 892 de),
984 847 1139 883 célèbre
1155 857 1225 892 par
1244 858 1304 883 ses
1324 850 1538 883 aventures
1558 849 1599 882 et
1618 857 1689 892 par
1707 846 1746 881 la

395 890 493 925 dure
514 892 704 937 captivité
724 892 771 927 de
802 895 842 927 10
865 892 1011 927 années
1039 902 1115 937 que
1143 892 1200 926 lui
1222 892 1267 928 lit
1284 892 1396 927 subir
1417 891 1604 928 Frédéric
1635 891 1682 926 II.
1702 910 1744 915 —

393 934 518 971 Billet
537 938 619 972 aut.
640 938 730 981 g.,
750 947 798 971 en
819 936 1005 984 français,
1027 936 1049 970 à
1067 936 1106 971 la
1125 936 1335 982 citoyenne
1362 936 1527 982 Onfroy,
1549 935 1715 971 libraire
1732 948 1741 979 ;

395 978 456 1023 (en
478 980 626 1024 prison,
648 982 670 1015 à
684 978 827 1026 Paris),
846 984 867 1015 7
888 992 1003 1016 mess,
1024 981 1097 1025 (an
1116 982 1170 1025 2),
1195 983 1205 1015 1
1230 991 1266 1026 p.
1288 981 1385 1016 in-8.
1410 984 1589 1016 Très-rare.
1659 982 1703 1015 40
1728 991 1744 1011 »

442 1025 524 1056 Billet
539 1027 610 1056 écrit
624 1028 700 1064 juste
716 1034 753 1056 un
782 1027 855 1056 mois
872 1028 960 1056 avant
974 1025 1042 1063 qu’il
1069 1027 1112 1056 fut
1128 1026 1285 1063 guillotiné.
1307 1027 1328 1056 11
1349 1029 1448 1057 monta
1463 1034 1516 1057 sur
1541 1024 1703 1056 l'échafaud
1721 1025 1748 1055 lu

397 1064 490 1094 même
505 1066 573 1103 jour
590 1073 647 1104 que
665 1066 799 1096 Boucher
812 1068 840 1095 et
853 1066 952 1096 André
968 1064 1104 1097 Chénier,
1112 1064 1139 1095 le
1152 1065 1169 1094 7
1184 1064 1357 1102 thermidor,
1369 1065 1557 1096 avant-veille
1566 1064 1602 1096 de
1618 1064 1645 1094 la
1662 1065 1749 1095 chute

402 1104 439 1133 de
456 1104 661 1142 Bobespierre.
688 1121 726 1126 —
746 1105 765 1134 Il
794 1104 936 1135 demande
959 1104 976 1134 h
1002 1105 1028 1134 la
1058 1104 1208 1141 citoyenne
1236 1104 1344 1142 Onfroy
1378 1112 1415 1134 un
1440 1105 1617 1142 exemplaire
1632 1104 1667 1134 de
1694 1111 1746 1133 son

406 1143 548 1174 Histoire
567 1143 624 1182 (ses
639 1142 757 1175 curieux
774 1142 954 1180 Mémoires,
973 1143 1087 1181 publiés
1104 1150 1157 1181 par
1174 1143 1320 1173 lui-même
1335 1152 1369 1173 en
1400 1144 1528 1181 français
1546 1151 1580 1173 en
1607 1141 1704 1181 1789).
1728 1143 1748 1172 11

406 1184 432 1213 la
450 1183 564 1220 supplie
582 1184 618 1214 de
632 1191 668 1213 ne
686 1192 739 1221 pas
755 1181 899 1219 l’oublier,
930 1186 958 1212 et
983 1184 1080 1221 ajoute
1111 1182 1282 1213 tristement.
1302 1192 1315 1208 «
1337 1182 1370 1213 Je
1393 1190 1518 1220 manque
1539 1183 1574 1213 de
1586 1183 1658 1212 tout.
1677 1194 1689 1208 «
1710 1198 1747 1203 —

404 1221 448 1252 On
464 1229 477 1249 a
495 1222 569 1260 joint
592 1222 609 1251 k
621 1224 694 1252 cette
720 1222 853 1252 curieuse
872 1221 962 1259 pièce,
980 1228 1034 1251 son
1050 1221 1186 1259 portrait,
1203 1221 1334 1259 joliment
1351 1221 1441 1260 gravé
1461 1229 1516 1260 par
1535 1220 1651 1260 Lebert,
1672 1221 1710 1251 où
1730 1221 1746 1250 il

402 1262 444 1290 est
465 1260 632 1299 réprésenté
646 1261 782 1291 enchaîné
800 1260 872 1291 dans
885 1268 937 1290 son
957 1261 1059 1291 cachot
1077 1260 1112 1290 de
1130 1260 1343 1298 Magdebourg.

285 1300 368 1335 4081
395 1300 594 1343 Truguet
613 1299 811 1344 (L.-J.-F.),
832 1298 988 1333 célèbre
1009 1297 1164 1341 amiral,
1185 1298 1233 1333 né
1254 1298 1275 1333 à
1293 1299 1461 1334 Toulon.
1476 1318 1519 1324 —
1533 1299 1575 1334 L.
1597 1309 1631 1335 a.
1651 1309 1681 1334 s.
1697 1309 1746 1333 au

400 1346 527 1378 comte
541 1343 707 1389 Anglès;
727 1343 855 1386 Paris,
878 1345 918 1377 19
933 1342 1028 1388 juil.
1053 1345 1149 1385 1818,
1173 1345 1184 1377 1
1208 1353 1244 1388 p.
1272 1342 1368 1379 in-4.
1660 1346 1681 1378 3
1728 1355 1745 1376 »

443 1388 572 1419 Belative
589 1390 606 1419 k
624 1397 676 1419 son
692 1389 821 1427 mariage
839 1395 909 1419 avec
936 1389 964 1418 M
967 1394 1002 1408 me
1022 1389 1147 1418 Costalie
1163 1389 1288 1426 Truguet
1302 1388 1338 1418 de
1357 1389 1382 1418 la
1397 1389 1509 1423 Fitcau,
1525 1396 1558 1419 sa
1578 1387 1697 1427 pupille.

285 1427 372 1463 4082
395 1427 534 1471 Verdi
553 1427 735 1472 (Joseph),
756 1427 792 1462 le
813 1426 968 1461 célèbre
989 1426 1256 1471 compositeur
1275 1426 1430 1462 italien.
1460 1447 1503 1452 —
1521 1427 1645 1462 Billet
1664 1428 1746 1461 aut.

399 1471 475 1515 sig.
491 1471 513 1505 à
531 1471 571 1506 L.
594 1472 786 1514 Balestra,
811 1472 872 1515 1/2
890 1481 927 1516 p.
948 1471 1041 1505 in-8.
1662 1473 1683 1506 4
1730 1483 1746 1502 »

286 1516 373 1551 4083
395 1516 529 1560 Volta
547 1516 697 1560 (Alex.),
717 1516 876 1551 illustre
896 1514 1116 1560 physicien,
1132 1515 1346 1550 inventeur
1359 1515 1457 1550 delà
1470 1515 1655 1560 pile.—L.
1672 1525 1746 1550 a.s.

397 1560 420 1594 à
439 1570 492 1594 un
513 1560 605 1603 ami,
626 1561 648 1595 à
666 1550 771 1596 Pise.
792 1560 922 1603 Corne,
946 1562 985 1595 10
1004 1559 1087 1595 déc.
1107 1562 1202 1602 1819,
1222 1562 1243 1595 2
1258 1570 1293 1605 p.
1315 1560 1368 1605 pl.
1384 1560 1476 1594 in-f.
1492 1560 1603 1595 Belle
1623 1559 1746 1605 pièce.

397 1606 496 1639 Rare.
1656 1606 1699 1640 30
1724 1615 1741 1636 »

287 1649 375 1683 4084
398 1648 612 1689 Voltaire,
634 1648 820 1684 l’illustre
841 1648 1033 1683 écrivain.
1053 1667 1096 1673 —
1114 1648 1199 1683 Let.
1215 1647 1289 1693 sig.
1315 1651 1370 1692 F.,
1383 1648 1507 1683 écrite
1519 1658 1592 1693 par
1610 1658 1680 1684 son
1693 1658 1750 1684 se¬

400 1692 570 1727 crétaire
586 1693 818 1738 Wagnères,
839 1693 861 1727 à
879 1692 1078 1737 Algaroti,
1100 1692 1122 1727 à
1139 1693 1334 1738 Bologne;
1356 1693 1414 1728 les
1434 1692 1604 1736 Délices,
1628 1695 1746 1729 13au¬

399 1739 514 1781 guste
538 1739 634 1780 1762,
654 1741 675 1773 2
695 1748 731 1783 p.
757 1737 854 1780 in-4,
875 1735 1015 1772 cachet
1033 1738 1056 1772 à
1073 1747 1135 1772 ses
1155 1740 1295 1772 armes.
1321 1739 1410 1772 Belle
1423 1739 1528 1781 pièce.
1663 1739 1706 1772 20
1731 1749 1748 1769 »

447 1783 577 1813 Belative
601 1784 616 1812 k
637 1782 685 1813 ses
707 1782 955 1813 Commentaires
985 1789 1044 1811 sur
1074 1781 1242 1813 Corneille.
1256 1782 1279 1812 11
1292 1790 1309 1819 y
1324 1786 1426 1813 trouve
1457 1783 1537 1819 vingt
1552 1782 1647 1820 pièces
1663 1783 1749 1819 qu’on

405 1820 532 1852 n’aurait
547 1821 652 1859 jamais
671 1823 707 1852 dû
724 1821 885 1859 imprimer,
906 1821 979 1851 mais
1001 1820 1029 1851 le
1050 1820 1146 1858 public
1172 1825 1239 1851 veut
1257 1821 1339 1852 avoir
1365 1824 1461 1852 toutes
1492 1822 1535 1851 les
1568 1822 1685 1852 sottises
1699 1822 1750 1852 des

405 1861 514 1898 giands
531 1861 664 1892 hommes
694 1862 715 1891 11
734 1869 768 1891 ne
798 1860 943 1892 s’étendra
975 1866 1030 1897 que
1049 1867 1100 1890 sur
1119 1860 1204 1891 celles
1217 1860 1264 1898 qui
1281 1863 1329 1890 ont
1349 1868 1383 1891 eu
1406 1861 1443 1891 du
1460 1860 1577 1891 succès.
1601 1861 1630 1890 Si
1641 1862 1684 1891 les
1699 1861 1748 1891 dé¬

406 1903 482 1929 fauts
496 1900 530 1929 de
544 1899 689 1930 Corneille
707 1903 772 1930 sont
789 1899 1017 1935 innombrables,
1025 1907 1074 1929 ses
1086 1898 1205 1930 beautés
1215 1901 1279 1929 sont
1287 1900 1500 1938 très-grandes.
1529 1900 1550 1929 11
1565 1907 1581 1936 y
1597 1907 1751 1937 remarque

404 1941 507 1977 quatre
525 1947 561 1969 ou
575 1939 638 1969 cinr.
658 1942 740 1970 cents
756 1940 848 1969 beaux
868 1946 946 1973 vers,
967 1939 1016 1975 qui
1039 1941 1104 1968 sont
1133 1941 1194 1969 tout
1208 1946 1240 1969 ce
1253 1939 1303 1976 qui
1319 1946 1393 1969 nous
1407 1941 1486 1969 reste
1498 1938 1534 1969 de
1552 1938 1630 1969 3000
1649 1939 1745 1976 tragé¬

404 1979 468 2008 dies
484 1978 600 2016 jusqu'k
620 1978 741 2010 Bacine.
761 1980 859 2008 «Nous
879 1985 969 2008 avons
988 1977 1033 2007 été
1041 1977 1104 2007 bien
1122 1977 1273 2015 barbares,
1281 1978 1366 2014 dit-il,
1378 1978 1437 2016 j’en
1451 1978 1512 2008 suis
1531 1981 1592 2008 tout
1607 1977 1747 2015 effrayé.»

406 2016 507 2047 Pointe
522 2025 574 2047 sur
587 2018 613 2047 la
629 2018 759 2055 tragédie
778 2018 813 2048 de
832 2017 937 2048 Bussie
956 2015 1150 2054 (l’assassinat
1168 2018 1203 2047 de
1223 2017 1322 2047 Pierre
1341 2016 1405 2055 III.)
1438 2018 1555 2055 Engagé
1572 2018 1589 2046 k
1602 2017 1675 2047 faire
1691 2025 1747 2047 une

408 2056 537 2094 tragédie
554 2064 606 2087 sur
624 2057 793 2095 Cromwell,
822 2056 841 2086 il
860 2057 974 2087 déclare
995 2062 1032 2086 ne
1048 2056 1153 2094 jamais
1170 2056 1282 2087 vouloir
1308 2059 1413 2087 mettre
1441 2056 1486 2087 cet
1501 2056 1627 2087 illustre
1638 2056 1750 2096 fripon

413 2104 466 2126 sur
479 2096 504 2126 le
524 2096 647 2126 théâtre.

287 2135 374 2170 4085
397 2135 632 2180 Wiseman
651 2134 699 2180 (le
714 2133 918 2178 cardinal),
939 2133 1096 2169 célèbre
1117 2134 1245 2178 prélat
1265 2134 1494 2179 catholique
1519 2132 1687 2179 anglais.
1708 2153 1749 2159 —

400 2180 443 2215 L.
465 2189 500 2213 a.
522 2189 552 2213 s.
574 2179 596 2213 à
615 2190 668 2214 un
689 2177 780 2213 ami.
801 2177 991 2221 Londres,
1008 2181 1029 2214 5
1053 2178 1136 2213 déc.
1160 2180 1255 2225 1855,
1274 2180 1304 2214 A
1368 2178 1461 2214 in-8.
1663 2180 1685 2213 4
1731 2190 1749 2211 »

289 2224 377 2259 4086
400 2224 516 2267 Zeno
533 2224 541 2267 (
555 2223 744 2268 Apostolo
756 2223 778 2267 ),
800 2223 960 2258 illustre
981 2223 1094 2268 poète
1110 2223 1265 2276 lyrique
1281 2223 1422 2262 italien
1438 2222 1489 2258 du
1504 2232 1603 2257 xviii
1606 2229 1618 2244 0
1632 2222 1751 2257 siècle

401 2270 442 2303 et
460 2270 600 2303 savant
620 2267 860 2312 antiquaire.
872 2287 915 2292 —
925 2267 968 2302 L.
990 2278 1025 2302 a.
1046 2278 1076 2303 s.
1098 2267 1106 2311 (
1121 2278 1143 2302 a
1160 2267 1258 2305 J.-B.
1275 2266 1480 2311 Sabbioni,
1495 2267 1703 2312 à,Cologne
1719 2267 1727 2311 )
1741 2279 1750 2311 ;

402 2312 568 2355 Venise,
592 2314 631 2347 19
645 2311 738 2357 juin
762 2314 858 2354 1736,
877 2314 898 2347 2
918 2322 953 2356 p.
976 2311 1073 2347 in-4.
1665 2314 1687 2346 5
1734 2323 1749 2343 »

448 2357 613 2388 Très-belle
632 2358 736 2396 épitre,
755 2360 834 2388 toute
853 2357 1003 2388 littéraire.

1159 2589 1240 2614 lêriàle

574 2592 707 2615 Rouen.—
719 2590 743 2615 J.
758 2591 849 2620 I.ecerf,
871 2591 932 2622 imp.
950 2591 980 2614 de
994 2590 1016 2614 la
1034 2590 1103 2616 Cour
1115 2590 1240 2622 impériale
1253 2595 1276 2614 cl
1292 2589 1322 2613 de
1336 2588 1358 2613 la
1372 2589 1467 2616 Mairie.
