1850 2972
900 151 942 188 -
972 151 995 188 6
1022 171 1069 180 —

309 270 352 277 —
375 248 422 287 M.
450 250 489 286 À.
513 249 686 293 Decaïeu,
712 250 829 288 avoué
850 252 870 287 à
890 249 1053 294 Amiens,
1086 256 1251 288 amateur
1279 251 1602 300 très-intelligent,
1620 249 1717 287 écri¬

257 299 343 338 vain
363 300 385 336 à
406 310 465 337 ses
482 298 625 347 heures,
641 298 821 344 s’étonne,
837 298 929 337 dans
944 310 1015 337 une
1032 300 1138 337 lettre
1155 299 1243 350 qu’il
1262 311 1354 339 nous
1370 300 1527 342 adresse,
1546 300 1717 349 qu’après

260 349 293 386 le
315 351 441 387 succès
460 348 505 386 de
537 348 557 385 Y
563 349 824 397 Autographe,
850 348 873 386 il
903 360 948 387 ne
967 360 1005 387 se
1021 349 1093 387 soit
1124 361 1187 399 pas
1206 351 1287 388 créé
1316 362 1387 388 une
1408 350 1631 400 publication
1658 350 1718 387 ré¬

259 399 401 448 gulière
427 397 474 436 de
506 397 704 437 fac-similé
752 398 779 436 II
813 409 927 448 pense
958 398 1068 448 qu’on
1099 399 1348 438 accueillerait
1380 411 1467 438 avec
1498 400 1622 438 faveur
1650 409 1720 436 une

260 450 358 486 suite
389 447 434 486 de
467 447 662 486 fac-similé
697 448 993 498 d'autographes,
1032 448 1220 498 imprimés
1254 449 1343 487 d’un
1381 450 1456 488 seul
1495 450 1586 493 côté,
1633 448 1720 486 d’un

262 498 393 536 format
425 497 626 541 commode,
672 499 792 536 moins
828 498 914 535 cher
939 509 1009 547 que
1045 509 1133 536 ceux
1167 498 1211 537 de
1244 498 1507 548 YIsographie,
1533 504 1569 537 et
1600 498 1722 536 mieux

262 548 434 586 exécutés
456 558 526 596 que
550 558 641 585 ceux
662 547 708 585 du
729 548 872 597 journal
904 547 948 585 de
976 548 1024 585 M.
1057 547 1101 586 de
1122 548 1395 587 Villcmessanl.
1430 549 1477 587 M.
1502 548 1548 586 de
1571 548 1682 586 Caïeu
1702 559 1723 584 a

264 597 521 647 parfaitement
546 597 703 647 compris
736 603 918 635 comment
949 597 983 634 la
1006 597 1229 646 publication
1260 598 1405 636 devrait
1435 609 1473 636 se
1504 598 1609 642 faire,
1632 596 1724 635 mais

264 659 357 685 nous
378 657 424 684 ne
443 657 600 684 sommes
619 658 682 696 pas
702 647 747 685 de
767 658 834 685 son
853 648 932 685 avis
956 653 1070 696 quant
1088 659 1134 685 au
1159 648 1296 686 succès.
1326 647 1591 697 Y!Isographie
1606 648 1724 694 fran¬

264 697 362 741 çaise
368 727 374 740 ,
410 696 520 733 d’une
550 696 740 734 exécution
776 697 944 745 parfaite,
970 696 1028 734 n’a
1048 708 1111 746 pas
1139 698 1197 735 été
1227 708 1298 735 une
1326 698 1515 748 opération
1550 697 1725 735 brillante

266 757 408 783 comme
430 745 569 793 affaire,
591 751 627 784 et
640 745 676 795 je
699 757 744 784 ne
762 758 920 796 suppose
942 757 1004 796 pas
1026 758 1096 796 que
1115 747 1168 785 les
1201 746 1366 786 éditeurs
1384 747 1430 785 de
1450 747 1471 785 Y
1476 745 1726 795 Autographe

266 795 387 833 soient
410 795 575 844 disposés
594 797 615 832 à
636 807 921 834 recommencer.

316 844 483 895 Quelque
514 846 753 895 économique
784 857 857 895 que
876 845 948 883 soit
970 846 1002 883 le
1022 845 1172 894 procédé
1194 858 1265 894 que
1289 846 1359 885 l’on
1386 846 1616 896 emploierait
1636 856 1727 894 pour

267 906 326 932 ces
343 894 551 936 fac-similé,
573 906 665 933 nous
694 907 851 934 sommes
880 895 1057 945 persuadé
1089 907 1159 945 que
1193 896 1265 934 Ion
1289 908 1335 935 ne
1366 895 1566 936 trouverait
1587 907 1650 944 pas
1677 907 1726 933 un

268 944 454 983 débouché
475 944 644 983 suffisant
662 957 750 994 pour
771 957 915 984 couvrir
936 945 986 984 les
1006 945 1104 984 frais.

455 1171 855 1235 LETTRES
901 1171 1563 1237 AUTOGRAPHES

742 1308 780 1332 A
804 1308 955 1333 PRIX
982 1301 1265 1339 MARQUÉS

413 1409 470 1443 En
529 1411 647 1445 vente
696 1410 787 1445 chez
839 1410 1020 1445 Gabriel
1068 1410 1375 1444 GHARAVAY
1389 1436 1397 1452 ,
1444 1411 1607 1455 expert,

679 1480 750 1506 rue
776 1470 1261 1514 Saint-André-des-Arts,
1287 1473 1344 1506 50.

280 1580 366 1615 4087
389 1579 533 1629 Adam
553 1578 662 1629 (Ad.),
678 1579 833 1615 célèbre
853 1580 1133 1626 compositeur,
1154 1582 1300 1616 auteur
1319 1580 1373 1616 du
1393 1581 1517 1616 Chàlet.
1538 1599 1580 1605 —
1593 1580 1636 1615 L.
1659 1591 1693 1615 a.
1710 1591 1741 1615 s.

394 1623 416 1658 à
434 1623 487 1658 M.
508 1623 626 1668 Rety,
650 1626 662 1658 1
686 1633 722 1668 p.
744 1624 836 1659 in-8.
1659 1626 1681 1659 2
1728 1637 1745 1658 »

284 1680 370 1714 4088
393 1679 609 1722 Adélaïde
634 1678 726 1722 (M™
751 1679 922 1724 Marie-),
955 1680 1065 1714 tante
1091 1679 1138 1714 de
1164 1679 1286 1714 Louis
1310 1678 1415 1714 XVI.
1435 1698 1477 1704 —
1496 1679 1539 1713 L.
1561 1689 1594 1713 a.
1615 1689 1645 1714 s.
1667 1679 1690 1713 à
1708 1679 1748 1714 la

395 1724 586 1757 comtesse
607 1722 654 1757 de
675 1722 827 1766 Civrac,
858 1726 879 1758 9
897 1734 987 1759 nov.
1019 1726 1115 1766 1790,
1143 1725 1209 1767 3/4
1236 1723 1283 1758 de
1310 1733 1347 1768 p.
1367 1724 1447 1768 pet.
1475 1722 1567 1758 in-4.
1599 1723 1747 1759 Cachet

397 1766 550 1802 enlevé.
1659 1770 1681 1802 2
1704 1770 1748 1802 50

285 1823 372 1858 4089
394 1822 526 1866 Affry
545 1821 793 1866 (L.-A.-Aug.
814 1821 874 1866 d’),
895 1821 1049 1856 colonel
1069 1821 1136 1857 des
1151 1821 1427 1858 Cent-Suisses
1446 1821 1493 1856 de
1512 1821 1633 1857 Louis
1657 1822 1749 1858 XVI

389 1864 577 1911 jusqu’au
601 1868 640 1901 10
658 1865 765 1900 août.
786 1866 874 1901 —L.
896 1876 926 1901 s.
948 1866 971 1900 à
988 1866 1190 1910 Pastoret;
1215 1868 1341 1909 1791,1
1366 1876 1403 1911 p.
1425 1865 1516 1901 in-f.
1536 1868 1634 1902 Rare.
1660 1869 1681 1902 2
1729 1879 1746 1900 »

285 1922 371 1956 4090
395 1921 526 1964 Affry
544 1920 689 1964 (Louis,
704 1922 831 1955 comte
847 1920 908 1965 d’),
920 1920 983 1955 fils
995 1920 1046 1955 du
1062 1921 1288 1966 précédent,
1309 1921 1555 1967 lieut.-gén.,
1570 1921 1749 1956 landam-

398 1975 489 1998 man
503 1966 544 1999 et
557 1964 814 2008 pacificateur
831 1965 878 2000 de
899 1966 938 2000 la
956 1964 1090 2000 Suisse
1104 1976 1195 2001 sous
1216 1966 1251 2001 le
1271 1966 1521 2001 Consulat.—
1534 1966 1577 2001 L.
1593 1977 1627 2001 a.
1649 1976 1679 2001 s.
1701 1977 1750 2001 au

401 2008 564 2053 général
584 2008 689 2052 Vial,
709 2008 990 2045 ambassadeur
1009 2009 1055 2044 de
1075 2010 1245 2052 France;
1275 2010 1488 2055 Fribourg,
1521 2013 1559 2045 17
1591 2010 1751 2046 octobre

407 2055 501 2094 1807,
521 2055 543 2087 2
561 2063 598 2098 p.
618 2053 710 2089 in-4.
1666 2057 1687 2090 2
1710 2057 1754 2090 50

446 2098 542 2127 Lettre
561 2098 679 2128 relative
707 2105 764 2128 aux
782 2097 900 2129 affaires
920 2098 956 2129 de
976 2097 1003 2128 la
1024 2098 1137 2136 Suisse,
1164 2106 1234 2129 avec
1253 2098 1281 2129 la
1299 2099 1410 2129 minute
1440 2098 1475 2129 de
1501 2098 1529 2129 la
1555 2098 1681 2137 réponse
1713 2100 1750 2129 du

406 2136 525 2174 général
536 2136 611 2168 Vial.

291 2187 373 2221 4091
401 2186 663 2229 Aguesseau
677 2184 798 2229 (H.-F.
814 2185 875 2230 d’),
897 2185 1056 2221 illustre
1072 2186 1299 2221 chancelier
1318 2187 1366 2221 de
1386 2186 1557 2229 France,
1577 2186 1626 2221 né
1647 2186 1669 2220 à
1687 2185 1753 2221 Li¬

402 2239 551 2274 moges.
571 2249 614 2254 —
627 2229 670 2264 L.
698 2240 732 2265 a.
752 2240 782 2265 s.
804 2241 853 2265 au
869 2230 916 2265 R.
935 2230 980 2266 P.
1002 2230 1210 2276 Galipaud,
1232 2231 1422 2267 assistant
1449 2230 1496 2265 de
1520 2230 1755 2275 l’Oratoire;

402 2273 634 2316 Versailles,
654 2276 676 2309 5
694 2276 792 2319 sept.
816 2276 913 2317 1733,
934 2277 955 2310 2
972 2285 1009 2319 p.
1038 2277 1099 2319 1/4
1118 2274 1215 2310 in-4.
1237 2276 1323 2310 Belle
1339 2277 1440 2319 pièce.
1669 2278 1690 2310 5
1713 2277 1757 2310 50

448 2319 579 2349 Relative
607 2320 622 2347 à
643 2319 669 2348 la
687 2320 848 2356 promotion
880 2320 948 2350 d’un
967 2323 1002 2350 de
1016 2328 1063 2350 ses
1078 2322 1208 2357 parents,
1243 2321 1356 2358 évêque
1373 2321 1409 2351 de
1424 2319 1562 2354 Châlons,
1588 2319 1604 2349 îr
1632 2319 1755 2350 l'arche¬

409 2357 500 2388 vêché
518 2358 554 2387 de
572 2358 684 2388 Rouen.
718 2358 739 2388 Il
757 2366 793 2389 va
811 2359 849 2389 lui
868 2359 1090 2390 recommander
1113 2360 1155 2389 les
1167 2359 1239 2389 trois
1258 2361 1387 2390 maisons
1405 2366 1461 2397 que
1477 2359 1632 2389 l’Oratoire
1650 2367 1666 2389 a
1685 2360 1758 2389 dans

410 2405 444 2427 ce
462 2397 587 2428 diocèse.
607 2396 659 2435 (On
681 2398 736 2428 sait
754 2405 810 2435 que
824 2398 851 2429 le
867 2398 1029 2429 chancelier
1046 2398 1115 2429 était
1129 2398 1278 2429 favorable
1296 2406 1353 2429 aux
1369 2397 1568 2436 Jansénistes).

294 2448 380 2482 4092
404 2446 570 2490 Amyot
589 2445 793 2491 (Jacques),
816 2446 964 2492 évêque
985 2447 1215 2490 d’Auxerre,
1236 2447 1272 2482 le
1294 2447 1449 2482 célèbre
1460 2447 1697 2482 traducteur
1710 2446 1757 2482 de

403 2492 598 2534 Plutarque.
631 2510 672 2515 —
702 2491 819 2526 Pièce
851 2491 927 2537 sig.
948 2501 1018 2527 sur
1049 2491 1172 2535 vélin,
1203 2502 1252 2527 en
1289 2492 1406 2534 latin,
1437 2501 1530 2527 avec
1555 2501 1616 2526 ses
1640 2491 1758 2526 titres

406 2534 558 2578 à’évèque
577 2535 619 2569 et
638 2534 685 2579 de
704 2537 813 2579 grand
832 2538 1003 2570 aumônier
1027 2537 1108 2571 aut.
1123 2548 1132 2581 ;
1150 2538 1184 2571 11
1214 2535 1310 2571 août
1333 2538 1431 2580 1576,
1451 2536 1553 2579 in-f.,
1574 2546 1668 2570 avec
1686 2545 1757 2571 son

406 2589 523 2614 sceau
544 2589 592 2614 en
614 2578 710 2614 cire.
1675 2582 1715 2615 10
1740 2592 1757 2612 »

455 2624 635 2655 Publication
665 2625 751 2656 d’une
769 2624 847 2655 bulle
876 2625 915 2656 du
931 2632 1006 2664 pape
1034 2632 1106 2664 pour
1125 2625 1150 2656 le
1169 2625 1298 2664 mariage
1322 2625 1466 2657 d’Hubert
1493 2625 1529 2657 de
1555 2625 1601 2656 La
1618 2624 1757 2660 Rivière,
