1850 2972
891 177 1087 227 - 14 -
367 277 475 321 siège
496 278 542 312 de
562 278 689 314 Paris.
711 298 752 303 —
772 279 814 313 L.
837 289 882 322 s.,
904 290 952 314 en
974 280 1160 329 français,
1181 290 1230 314 au
1251 280 1379 314 comte
1401 279 1468 314 Ch.
1507 279 1553 314 de
1590 279 1718 314 Mans-

368 321 448 356 feld
463 334 471 365 ;
493 322 717 365 Bruxelles,
732 325 770 358 21
795 325 870 359 oct.
896 326 991 366 1589,
1016 327 1026 359 1
1047 317 1083 369 p!
1096 324 1188 368 in-f;
1205 323 1343 359 cachet
1357 324 1379 358 à
1390 335 1449 359 ses
1470 333 1610 358 armes.
1632 326 1652 358 4
1700 338 1716 355 »

415 367 434 397 II
455 368 481 397 le
497 376 611 398 nomme
625 376 661 398 en
679 368 904 406 remplacement
922 369 958 399 du
979 369 1109 407 marquis
1137 370 1172 399 de
1204 369 1383 405 Vurambon,
1416 370 1452 399 lui
1480 369 1718 399 recommandant

375 408 436 436 tout
452 413 485 437 ce
501 408 548 444 qui
565 407 670 438 touche
687 416 722 437 au
743 407 957 439 redressement
974 408 1025 438 des
1044 408 1159 439 affaires
1174 408 1210 438 du
1232 409 1272 438 roi
1292 407 1436 447 (Philippe
1456 407 1503 446 11).

254 446 342 479 4396
365 446 510 490 Favre
534 445 681 490 (Jules),
702 445 862 481 illustre
883 450 1059 489 orateur,
1086 447 1132 481 de
1153 446 1300 482 l’Acad.
1321 446 1480 488 Franc.,
1492 445 1541 480 né
1556 446 1578 480 à
1590 445 1715 491 Lyon.

366 508 409 514 —
422 488 465 524 L.
487 500 521 524 a.
543 499 572 524 s.
594 489 629 534 (à
646 489 698 525 M.
721 490 841 525 M.-A.
863 490 1057 535 Gromier)
1070 503 1079 535 ;
1117 490 1250 533 Paris,
1291 493 1330 525 16
1356 490 1449 535 juin
1489 492 1586 533 1868,
1623 493 1644 526 2
1680 501 1716 536 p.

369 533 466 568 in-8.
1631 537 1651 569 8
1699 548 1716 567 »

412 578 488 608 Belle
501 578 584 609 lettre
604 578 722 610 relative
737 579 753 609 h
773 587 809 609 un
832 587 1028 618 programme,
1050 580 1145 617 rédigé
1164 587 1217 618 par
1246 580 1282 610 M.
1307 579 1442 610 Gromier
1472 586 1546 616 pour
1579 579 1621 608 les
1641 579 1716 610 élec¬

373 617 447 647 tions
466 618 500 648 de
528 617 610 648 1869.
637 618 656 648 11
680 618 781 648 félicite
796 627 829 649 ce
846 626 1034 657 courageux
1051 619 1184 648 ouvrier
1210 619 1247 648 de
1265 617 1298 647 la
1314 617 1428 656 pennée
1459 618 1550 649 d’être
1570 618 1715 648 descendu

373 663 424 685 sur
443 656 468 685 le.
483 657 592 687 terrain
608 665 664 702 aux
685 656 858 702 premières
877 657 992 688 clartés
1011 657 1103 687 d'une
1120 665 1242 687 aurore
1257 656 1413 688 nouvelle.
1436 668 1448 682 «
1463 658 1551 687 Votre
1572 658 1713 694 drapeau,

373 695 538 733 ajoute-t-il,
557 699 599 726 est
618 696 690 726 celui
707 704 762 733 que
773 696 892 734 j’essaie
909 697 942 726 de
959 696 1097 726 défendre
1139 696 1213 733 Qu’il
1248 704 1320 725 vous
1340 695 1479 726 conduise
1497 698 1514 725 à
1534 697 1559 726 la
1578 698 1719 734 conquête

375 734 515 772 pacifique
534 735 584 765 des
605 736 810 772 intelligences,
832 742 867 765 au
903 736 1047 773 triomphe
1066 735 1101 765 de
1126 735 1151 764 la
1181 734 1295 765 théorie
1318 741 1374 773 que
1396 735 1424 772 je
1446 736 1561 766 résume
1592 743 1643 773 par
1671 744 1719 766 ces

375 774 465 803 mots:
489 774 534 803 La
554 774 678 804 France
689 783 722 804 se
737 777 937 812 gouvernant
954 772 1120 804 elle-même
1134 774 1156 803 à
1171 776 1243 803 tous
1266 771 1308 803 les
1329 773 1439 812 degrés
1471 774 1507 804 de
1532 774 1565 804 la
1591 774 1718 804 hiérar¬

374 811 440 842 chie
457 812 576 842 sociale
589 816 616 842 el
635 812 800 851 politique.

254 852 342 885 4397
365 851 539 895 Féraud
575 851 649 895 (J.),
671 851 977 886 conventionnel
998 850 1410 896 (Hautes-Pyrénées),
1439 850 1534 885 dont
1564 851 1717 887 l’assas¬

366 894 472 929 sinat
497 894 594 930 dans
626 895 660 930 le
681 896 766 931 sein
787 895 833 930 de
855 896 893 931 la
918 896 1164 931 Convention
1185 896 1230 929 lit
1249 895 1400 929 éclater
1420 894 1645 930 l’héroïsme
1669 896 1715 931 de

367 938 507 983 Boissy
527 940 727 985 d’Anglas.
749 960 792 965 —
811 940 920 975 Belle
942 940 1050 985 pièce
1071 940 1146 985 sig.
1166 942 1197 974 J.
1224 940 1354 974 Féraud
1358 950 1366 983 ,
1389 941 1561 983 président
1599 940 1657 984 (de
1678 941 1718 976 la

367 982 646 1028 Convention);'
663 986 702 1020 15
727 995 831 1019 mars
854 987 950 1026 1793,
975 987 985 1019 1
1010 995 1045 1028 p.
1068 985 1163 1019 in-4.
1190 987 1288 1019 Rare.
1485 1026 1490 1034 _
1631 987 1652 1019 6
1700 998 1716 1017 »

254 1029 342 1062 4398
365 1029 546 1073 Fourier
565 1028 671 1074 (Ch.),
694 1029 729 1064 le
745 1029 929 1064 créateur
949 1029 995 1064 de
1011 1036 1049 1064 la
1062 1029 1243 1064 doctrine
1258 1026 1653 1074 phalansthérienne,
1671 1029 1718 1064 né

367 1071 388 1105 à
406 1071 623 1121 Besançon.
643 1094 685 1098 —
704 1074 746 1108 L.
769 1084 802 1108 a.
824 1084 854 1108 s.
875 1074 909 1118 (à
928 1073 1021 1108 Ach.
1043 1073 1190 1117 Comte)
1204 1086 1212 1117 ;
1234 1072 1362 1115 Paris,
1383 1074 1403 1107 3
1422 1074 1498 1107 oct.
1524 1075 1617 1116 1829,
1639 1076 1660 1108 2
1680 1085 1716 1119 p.

367 1110 463 1151 in-4.
542 1110 552 1121 3
1632 1120 1652 1152 8
1700 1131 1716 1150 »

410 1161 635 1193 Très-curieuse
652 1162 744 1201 épître
758 1164 858 1194 contre
876 1163 902 1193 le
919 1163 1046 1201 système
1065 1163 1256 1192 communiste
1275 1162 1310 1192 de
1336 1161 1444 1192 Robert
1467 1160 1568 1196 Owcn,
1590 1163 1659 1193 dont
1677 1162 1720 1194 les

375 1202 513 1231 sectaires
528 1204 577 1231 ont
594 1202 679 1232 fondé
695 1209 751 1232 aux
771 1203 936 1233 Etats-Unis
955 1210 992 1232 un
1009 1202 1225 1234 établissement
1246 1202 1293 1239 qui
1318 1209 1333 1230 a
1354 1201 1576 1237 complètement
1594 1202 1715 1233 échoué.

372 1240 461 1270 Ovven
482 1240 581 1277 ignore
601 1241 626 1270 le
645 1241 817 1272 mécanisme
845 1241 1008 1277 sociétaire,
1041 1244 1069 1271 et
1088 1242 1104 1271 il
1128 1242 1176 1271 n’a
1196 1248 1234 1280 pu
1255 1244 1373 1270 trouver
1403 1248 1440 1269 un
1460 1241 1584 1277 procédé
1601 1241 1720 1272 elticace

375 1286 446 1315 pour
469 1280 603 1317 prévenir
620 1280 647 1310 le
666 1280 722 1315 vol;
744 1292 756 1306 «
778 1281 849 1311 Mais
870 1281 888 1310 il
906 1280 1070 1318 promettait
1084 1281 1119 1311 de
1137 1280 1266 1311 détruire
1283 1280 1324 1309 les
1345 1280 1437 1309 cultes
1454 1281 1482 1308 et
1512 1280 1553 1310 les
1580 1282 1692 1317 prêtres
1710 1288 1717 1310 :

374 1325 387 1346 a
405 1326 437 1348 ce
456 1319 519 1356 prix
535 1319 551 1348 il
567 1319 636 1349 était
653 1320 757 1350 assuré
773 1320 808 1350 de
826 1321 851 1350 la
874 1320 960 1350 haute
981 1320 1137 1358 protection
1160 1320 1198 1350 du
1217 1318 1380 1350 Sanhédrin
1399 1317 1631 1356 philosophique.
1645 1332 1656 1347 »

256 1357 343 1391 4399
367 1357 579 1400 François
597 1359 619 1391 1
626 1365 674 1400 er,
693 1368 735 1393 ro
740 1358 752 1392 i
773 1358 793 1392 d
799 1369 818 1393 e
839 1358 1003 1394 France.—L.
1116 1369 1149 1392 a.
1171 1368 1201 1392 s.
1224 1357 1246 1391 à
1267 1357 1514 1401 l’Empereur
1528 1357 1718 1401 (Charles-

366 1400 516 1446 Quint),
541 1404 552 1436 1
578 1412 612 1446 p.
635 1402 730 1438 in-4.
755 1404 839 1437 Belle
857 1407 887 1437 et
904 1414 978 1437 rare
994 1405 1095 1447 pièce.
1587 1405 1652 1438 200
1700 1416 1716 1435 »

411 1447 432 1475 Il
455 1448 492 1476 lui
514 1448 615 1477 envoie
630 1455 743 1478 comme
759 1448 968 1480 ambassadeur
984 1448 1012 1478 1
1027 1448 1106 1478 sieur
1123 1448 1157 1478 de
1173 1447 1348 1483 Calvimont,
1374 1446 1480 1477 second
1510 1446 1658 1484 président
1683 1456 1718 1478 en

373 1492 404 1514 sa
419 1493 490 1516 cour
506 1487 541 1516 de
560 1486 720 1525 parlement
741 1488 776 1517 de
793 1487 955 1519 Bordeaux.
976 1487 1068 1524 (Cette
1086 1487 1170 1517 lettre
1199 1490 1280 1524 porte
1303 1494 1359 1516 une
1382 1489 1445 1516 cote
1476 1488 1634 1525 espagnole
1650 1488 1718 1518 dont

373 1523 518 1555 l’écriture
536 1526 697 1556 ressemble
718 1526 866 1565 beaucoup
884 1528 900 1557 h
921 1527 991 1557 celle
1007 1527 1042 1556 de
1061 1525 1310 1565 Cliarles-Quinl.)

256 1563 343 1596 4400
368 1563 564 1608 Georges
583 1565 653 1606 I«r,
681 1565 741 1599 roi
774 1565 1062 1610 d’Angleterre,
1084 1565 1298 1600 fondateur
1328 1566 1376 1599 de
1396 1564 1435 1599 la
1464 1565 1647 1610 dynastie
1668 1566 1714 1600 de

368 1606 566 1644 Hanovre.
576 1609 668 1643 —B.
690 1620 735 1653 s.,
755 1620 803 1644 en
824 1610 963 1652 franc.,
985 1620 1062 1644 aux
1076 1608 1421 1645 Etats-Généraux
1440 1610 1486 1644 de
1501 1610 1716 1654 Hollande;

369 1651 415 1685 de
453 1663 495 1687 sa
531 1664 628 1688 cour
659 1653 705 1688 de
742 1654 1023 1696 Saint-James,
1056 1656 1099 1688 29
1118 1654 1202 1689 déc.
1226 1656 1321 1696 1719,
1342 1657 1363 1689 2
1382 1664 1418 1699 p.
1447 1654 1538 1690 in-f.
1576 1657 1720 1698 Superbe

364 1698 465 1739 pièce.
1633 1701 1654 1733 6
1702 1712 1718 1731 »

416 1742 498 1773 Pièce
526 1742 685 1781 historique
712 1743 830 1774 relative
846 1744 861 1773 à
883 1744 908 1774 la
927 1750 1032 1782 guerre
1054 1745 1153 1774 contre
1172 1744 1213 1774 les
1245 1743 1371 1773 révoltés
1402 1742 1529 1774 écossais
1560 1746 1588 1774 et
1620 1747 1720 1775 contre

374 1780 541 1820 l’Espagne,
561 1782 608 1820 qui
629 1783 671 1812 fut
689 1782 782 1813 suivie
802 1784 837 1813 de
856 1784 880 1812 la
906 1782 1066 1821 quadruple
1082 1784 1211 1813 alliance.
1235 1784 1271 1812 La
1291 1790 1398 1820 guerre
1415 1783 1491 1813 étant
1514 1783 1590 1819 finie,
1610 1783 1628 1813 il
1658 1784 1720 1814 leur

375 1820 479 1851 envoie
497 1821 522 1851 le
539 1829 626 1859 corps
643 1822 678 1851 de
695 1824 813 1860 troupes
831 1822 916 1860 qu’ils
945 1825 995 1852 ont
1020 1822 1074 1852 mis
1101 1823 1118 1852 à
1142 1830 1195 1852 son
1226 1824 1338 1852 service
1356 1825 1383 1852 et
1403 1823 1449 1859 qui
1469 1821 1541 1852 s’est
1569 1824 1719 1860 comporté

374 1866 446 1890 avec
464 1860 489 1889 la
507 1860 572 1898 plus
589 1860 699 1898 grande
716 1861 826 1892 valeur.
848 1862 866 1891 Il
884 1862 952 1891 rend
973 1869 1009 1891 un
1030 1861 1210 1900 témoignage
1237 1861 1345 1899 spécial
1363 1869 1399 1891 au
1421 1862 1510 1892 baron
1533 1862 1567 1891 de
1595 1862 1718 1900 Keppel,

375 1899 421 1928 uii
441 1899 482 1928 les
500 1900 695 1930 commandait
729 1901 747 1930 11
765 1901 878 1939 ajoute:
902 1912 914 1927 «
938 1902 1016 1930 Nous
1031 1900 1228 1931 n’oublierons
1245 1908 1297 1938 pas
1314 1908 1369 1930 non
1392 1901 1456 1938 plus
1472 1902 1498 1930 ni
1516 1901 1601 1930 celles
1620 1901 1655 1931 de
1668 1910 1719 1932 vos

378 1940 496 1976 Loupes
509 1939 557 1975 qui
577 1942 624 1969 ont
644 1947 677 1969 en
693 1942 758 1977 part
775 1941 790 1970 à
805 1939 924 1970 l’affaire
941 1941 976 1970 de
995 1940 1150 1970 Glonsehill
1164 1948 1199 1970 en
1220 1941 1338 1977 Ecosse,
1357 1941 1383 1969 ni
1399 1940 1424 1969 le.
1437 1940 1548 1970 colonel
1568 1940 1639 1970 Paul
1659 1941 1719 1971 Van

377 1977 576 2015 Hammingen,
598 1978 645 2016 qui
666 1987 682 2008 a
699 1980 743 2008 été
761 1979 778 2009 h
800 1979 862 2009 leur
878 1980 990 2016 tète;et
1008 1986 1120 2009 comme
1136 1980 1177 2009 les
1197 1979 1320 2009 rebelles
1340 1982 1389 2009 ont
1408 1979 1453 2009 été
1482 1979 1630 2018 dispersés
1648 1981 1720 2010 dans

376 2018 451 2046 cette
468 2017 574 2051 action,
594 2018 611 2048 il
630 2021 671 2048 est
685 2018 763 2056 juste
782 2026 837 2056 que
855 2026 930 2049 nous
949 2026 1021 2048 vous
1040 2018 1290 2050 recommandions
1318 2026 1389 2048 ceux
1420 2019 1455 2048 de
1474 2026 1526 2049 vos
1551 2019 1642 2057 sujets
1671 2020 1719 2057 qui

374 2055 418 2092 s’y
437 2059 504 2087 sont
518 2056 686 2094 distingués.
703 2069 715 2084 »

258 2093 341 2128 4401
370 2094 565 2139 Gessner
602 2096 824 2140 (Salomon),
863 2095 1018 2130 célèbre
1056 2095 1169 2140 poète
1201 2096 1327 2131 suisse
1357 2096 1408 2131 du
1436 2106 1534 2131 xviii
1537 2103 1549 2118 0
1580 2096 1714 2140 siècle,

370 2140 517 2173 auteur
536 2140 583 2174 de
604 2140 642 2175 la
661 2143 747 2175 Mort
764 2142 882 2175 d’Abel
901 2143 941 2175 et
960 2141 1027 2175 des
1045 2142 1181 2183 Idylles.
1201 2160 1243 2165 —
1262 2140 1305 2175 L.
1326 2151 1361 2176 a.
1383 2152 1428 2184 s.,
1455 2152 1504 2175 en
1531 2141 1717 2188 français,

373 2182 395 2216 à
414 2183 562 2228 Suard;
584 2184 742 2228 Zurich,
768 2188 806 2225 JO
824 2184 920 2220 août
942 2187 1037 2228 1772,
1057 2188 1079 2220 2
1099 2196 1133 2230 p.
1156 2184 1252 2219 in-4.
1610 2189 1653 2221 30
1701 2199 1716 2218 »

400 2228 477 2259 Belle
495 2232 522 2259 et
537 2229 804 2261 très-intéressante
822 2230 913 2269 épître
931 2233 1010 2261 toute
1028 2231 1147 2261 relative
1166 2232 1180 2259 à
1206 2231 1232 2260 la
1259 2230 1422 2261 traduction
1447 2230 1589 2267 française
1614 2232 1648 2261 de
1672 2240 1720 2261 ses

380 2266 493 2305 Idylles
521 2276 574 2306 par
591 2269 727 2304 Watelet,
749 2269 866 2300 Meister
884 2272 912 2300 et
929 2270 1033 2300 Suard.
1058 2282 1071 2295 «
1095 2270 1173 2300 Vous
1192 2278 1227 2300 ne
1246 2270 1355 2300 donne:
1381 2278 1433 2308 pas
1452 2268 1612 2300 seulement
1632 2278 1720 2300 vous-

381 2307 484 2342 même,
509 2308 595 2345 dit-il,
621 2311 702 2338 votre
732 2308 861 2346 suffrage
883 2309 900 2339 à
916 2316 978 2339 mes
996 2309 1144 2340 nouvelles
1164 2309 1279 2347 Idylles,
1296 2308 1382 2346 mais,
1397 2317 1450 2347 par
1463 2311 1526 2339 tout
1536 2316 1568 2340 ce
1581 2317 1636 2347 que
1648 2317 1721 2340 vous

378 2346 544 2377 contribuez
566 2347 581 2376 à
602 2354 636 2377 en
656 2348 866 2385 perfectionner
884 2348 908 2377 la
930 2348 1091 2379 traduction
1116 2349 1162 2386 qui
1186 2349 1245 2378 doit
1270 2348 1409 2386 paraître,
1435 2356 1506 2378 vous
1526 2349 1596 2378 allez
1617 2356 1721 2379 encore
1741 2362 1749 2366 -

379 2384 541 2416 m’assurer
554 2385 625 2416 celui
641 2388 675 2416 de
687 2387 713 2416 la
726 2388 837 2423 nation,
853 2386 978 2425 suffrage
994 2388 1063 2424 qu’il
1079 2389 1243 2425 m’importe
1257 2390 1320 2425 plus
1338 2394 1393 2425 que
1401 2388 1506 2425 jamais
1518 2387 1718 2419 d’obtenir...»

264 2424 350 2458 4402
373 2424 491 2468 Gigli
509 2424 751 2470 (Girolamo),
771 2425 926 2461 célèbre
948 2426 1061 2470 poète
1083 2425 1240 2471 lyrique
1260 2426 1450 2467 siennois,
1472 2425 1631 2460 éditeur
1652 2426 1719 2461 des

376 2469 515 2502 Œuvres
533 2470 573 2503 de
592 2471 707 2504 Sainte
726 2472 899 2506 Catherine
917 2471 956 2504 de
975 2472 1107 2505 Sienne.
1127 2490 1170 2495 —
1196 2470 1239 2505 L.
1260 2481 1304 2513 s.,
1326 2481 1421 2504 avec
1447 2470 1485 2505 la
1508 2470 1719 2515 souscript.

375 2515 457 2547 aut.
480 2513 514 2557 (à
532 2514 709 2559 Strozzi);
731 2515 890 2557 Sienne,
915 2517 954 2549 14
972 2514 1053 2549 déc!
1078 2517 1173 2557 1712,
1193 2517 1214 2550 4
1235 2526 1269 2560 p.
1291 2515 1383 2550 in-f.
1635 2517 1656 2550 2
1679 2518 1723 2550 50

410 2558 622 2589 très-curieuse
640 2559 736 2592 lettre,
758 2560 878 2591 relative
900 2568 916 2589 a
946 2568 1001 2590 une
1036 2560 1120 2590 chute
1149 2560 1222 2591 dans
1248 2569 1296 2591 ses
1322 2558 1471 2595 escaliers,
1505 2568 1558 2597 par
1587 2560 1660 2590 suite
1687 2560 1723 2589 de

383 2596 505 2635 laquelle
519 2598 536 2628 il
553 2607 568 2627 a
587 2598 624 2628 dû
640 2607 672 2630 se
688 2601 791 2630 mettre
804 2608 839 2630 au
856 2600 897 2630 lit.
918 2600 955 2629 Sa
975 2599 1078 2630 femme
1094 2607 1109 2629 a
1130 2599 1233 2637 profité
1252 2600 1286 2630 de
1305 2607 1358 2630 son
1377 2600 1436 2629 état
1449 2599 1484 2630 de
1500 2598 1634 2630 faiblesse
1648 2607 1723 2638 pour

384 2636 465 2667 venir
484 2637 644 2675 l’attaquer.
