1867 2930
776 161 822 199 —
852 160 898 199 13
935 183 972 189 -

148 252 187 289 la
206 254 449 291 Destruction
467 254 510 290 de
521 253 748 302 Jérusalem,
761 253 878 303 grand
889 253 1047 292 oratorio
1065 253 1109 291 de
1129 253 1324 302 Zingarelli
1338 253 1346 300 ;
1363 253 1395 290 le
1410 253 1600 295 Calvaire,

146 304 304 342 oratorio
325 303 441 342 inédit
458 302 504 341 de
524 303 714 350 Paisiello;
738 304 786 342 un
808 304 982 353 Requiem
1012 303 1138 347 inédit,
1163 303 1284 340 donné
1302 305 1323 340 à
1344 303 1518 341 Donizctti
1541 314 1604 351 par

146 363 211 389 son
236 359 377 398 auteur,
402 353 574 392 l’illustre
592 352 716 391 Simon
738 353 854 402 Mayr,
872 353 962 391 dont
981 352 1124 392 Rossini
1146 364 1167 391 a
1186 354 1244 391 été
1266 352 1404 400 l’éléve;
1422 352 1601 394 Camilla,

146 402 192 440 de
207 403 297 441 Paér
314 416 321 451 ;
339 403 428 442 trois
443 403 619 441 Miserere
629 406 816 453 composés
836 415 927 454 pour
941 403 975 441 la
993 403 1157 453 chapelle
1170 403 1318 451 sixtinc,
1337 414 1399 452 par
1413 401 1605 442 Valenlino

149 450 355 490 Pi
370 454 379 500 ;
403 454 442 491 la
461 454 571 493 Race,
593 452 639 491 de
655 453 843 500 Paisiello;
866 454 895 490 il
919 454 1090 491 Taccelto
1109 453 1359 494 d’Occidente,
1384 452 1430 491 de
1450 453 1582 493 Gara
1595 466 1603 500 ;

148 512 218 540 une
236 502 429 542 collection
449 501 562 542 d’airs
580 503 711 541 inédits
726 503 771 541 de
790 502 986 550 Scarlatli,
1006 515 1053 541 un
1072 503 1206 542 recueil
1226 501 1341 542 inédit
1358 502 1468 541 d’airs
1488 504 1605 541 orien¬

148 558 234 590 taux
257 553 303 592 de
321 552 447 601 Mayr;
471 553 571 591 enfin
593 552 673 602 plus
691 552 736 591 de
756 552 845 591 trois
867 564 911 591 ou
932 559 1062 603 quatre
1076 559 1180 591 cents
1199 552 1342 591 feuilles
1364 552 1526 591 volantes
1544 565 1606 591 sur

149 601 342 658 lesquelles
377 601 577 641 d'illustres
606 603 872 652 compositeurs
891 608 955 641 ont
989 603 1184 651 improvisé
1203 603 1248 641 de
1269 603 1400 652 petites
1433 603 1605 642 mélodies

148 652 208 701 qui
232 659 316 691 sont
335 653 519 691 devenues
542 652 759 703 populaires,
787 659 823 691 et
841 653 904 703 qui
926 659 1010 692 sont
1041 653 1152 692 allées
1172 653 1309 704 grossir
1343 653 1376 692 le
1409 653 1607 703 répertoire

148 702 337 742 charmant
356 703 419 742 des
442 703 637 741 Chansons
659 703 931 752 napolitaines.

325 923 725 989 LETTRES
781 923 1437 989 AUTOGRAPHES

605 1039 642 1064 A
682 1040 831 1065 r*I*IX
871 1032 1158 1070 MAnQUÉS

262 1114 317 1149 En
382 1116 499 1149 vente
554 1115 645 1150 chez
701 1116 881 1150 Gabriel
941 1116 1244 1150 GHARAVAY
1261 1142 1269 1157 ,
1330 1117 1468 1159 expert
1490 1141 1498 1153 ,

548 1192 619 1216 rue
656 1181 1139 1225 Saint-André-des-Arts,
1164 1184 1218 1217 50.

152 1410 241 1445 3924
264 1408 599 1452 Abd-el-Kader
619 1408 784 1453 (l’émir).
799 1429 842 1434 —
857 1408 899 1443 L.
920 1411 1017 1452 aut.,
1038 1409 1163 1445 année
1186 1411 1271 1445 1269
1291 1409 1337 1444 de
1359 1410 1511 1455 l’égire,
1537 1412 1547 1456 1
1575 1420 1609 1456 p.

269 1453 362 1489 in-4.
1523 1458 1544 1490 2
1569 1458 1612 1491 50

150 1500 239 1534 3925
261 1497 476 1541 Adélaïde
496 1496 686 1541 (Madame
707 1497 878 1542 Mario-),
899 1499 1009 1533 tante
1029 1499 1075 1533 de
1096 1498 1215 1533 Louis
1236 1498 1339 1540 XVI,
1360 1509 1430 1534 sur
1449 1499 1517 1545 qui
1534 1499 1610 1534 elle

264 1541 441 1589 exerçait
462 1552 514 1576 un
535 1541 659 1586 grand
681 1541 909 1577 ascendant.
929 1563 971 1568 —
991 1543 1032 1578 L.
1055 1554 1088 1578 a.
1109 1554 1139 1578 s.
1161 1553 1208 1578 au
1232 1542 1352 1587 garde
1374 1544 1440 1579 des
1461 1545 1609 1579 Sceaux

263 1586 548 1631 (Lamoignon),
569 1585 627 1628 1/2
648 1597 683 1631 p.
705 1586 796 1621 in-4.
823 1586 903 1622 Joli
924 1587 1062 1623 cachet
1082 1588 1104 1622 à
1122 1598 1183 1623 ses
1202 1597 1344 1623 armes.
1526 1590 1546 1623 4
1570 1591 1613 1623 50

310 1632 371 1661 Elle
389 1631 592 1662 recommande
609 1639 646 1662 un
666 1631 807 1667 médecin,
828 1633 855 1662 M
879 1632 969 1670 Brun,
985 1641 1059 1672 pour
1078 1641 1132 1663 une
1144 1633 1242 1663 chaire
1263 1637 1382 1663 vacante
1400 1633 1434 1664 de
1448 1634 1613 1671 professeur

272 1672 287 1700 ii
310 1672 506 1709 Montpellier.

153 1712 240 1746 3926
264 1710 387 1753 Affre
406 1709 564 1753 (Denis),
585 1709 831 1756 archevêque
852 1711 899 1745 de
919 1711 1045 1753 Paris,
1060 1710 1127 1746 tué
1150 1710 1322 1755 pendant
1342 1711 1399 1746 les
1418 1711 1612 1747 Journées

267 1754 313 1788 de
335 1753 444 1789 Juin.
464 1774 506 1779 —
526 1756 570 1789 L.
591 1764 624 1789 a.
645 1764 675 1789 s.
703 1755 725 1789 à
751 1766 827 1790 une
854 1755 966 1790 dame
992 1757 1157 1799 auteur;
1184 1755 1313 1798 Paris,
1344 1758 1382 1791 13
1407 1755 1482 1791 mai
1516 1758 1610 1791 1840.

266 1801 287 1834 2
307 1809 342 1843 p.
364 1798 457 1834 in-8.
1527 1803 1547 1835 4
1595 1814 1610 1833 »

154 1846 240 1879 3927
266 1844 476 1887 Alberoni
507 1843 561 1887 (le
593 1843 699 1878 card.
732 1844 876 1888 Jules),
910 1844 945 1879 le
977 1843 1136 1879 fameux
1165 1845 1337 1889 premier
1363 1843 1545 1880 ministre
1566 1845 1612 1879 de

266 1888 449 1933 Philippe
469 1888 572 1922 V.—
591 1888 634 1922 L.
656 1899 689 1923 a.
710 1899 739 1923 s.
762 1900 811 1924 au
831 1888 1010 1924 cardinal
1031 1889 1303 1934 Bentivoglio;
1326 1889 1611 1931 San-Lorenzo,

265 1935 307 1968 23
327 1935 403 1967 oct.
428 1934 524 1977 1719,
549 1935 559 1967 1
585 1942 620 1978 p.
644 1935 721 1984 pet.
741 1933 833 1968 in-4.
855 1933 1054 1978 Quelques
1075 1933 1208 1970 taches
1229 1934 1360 1978 d’eau;
1382 1933 1420 1968 la
1440 1934 1613 1980 suscrip-

268 1976 352 2012 tion
374 1976 425 2011 du
446 1976 514 2011 bas
534 1980 693 2022 coupeo.
719 1980 816 2013 Rare.
1526 1981 1547 2013 8
1594 1992 1610 2011 »

316 2024 336 2053 L
356 2025 411 2053 itre
432 2021 520 2053 écrite
539 2023 583 2052 six
604 2022 749 2054 semaines
764 2025 851 2054 avant
867 2031 919 2053 son
935 2023 1087 2061 expulsion
1109 2022 1287 2062 d’Espagne,

155 2064 242 2097 3928
265 2062 452 2104 Ancelot
472 2060 694 2105 (Virginie),
715 2061 869 2097 célèbre
891 2062 1003 2106 poète
1018 2061 1281 2107 dramatique.
1298 2083 1339 2088 —
1351 2062 1393 2097 L.
1417 2074 1450 2098 a.
1472 2073 1502 2098 s.
1524 2062 1546 2097 à
1561 2073 1612 2098 un

268 2105 439 2155 critique
461 2107 513 2140 du
533 2108 697 2140 Moniteur
709 2118 718 2149 ;
739 2106 828 2151 (oct.
853 2107 961 2150 1843),
986 2109 998 2141 1
1023 2117 1058 2151 p.
1083 2107 1143 2148 1/2
1163 2106 1273 2143 in-18.
1532 2110 1543 2142 1
1572 2110 1615 2143 25

312 2151 453 2181 Curieuse
471 2151 564 2189 épilre
579 2159 630 2181 sur
648 2159 680 2181 sa
698 2151 779 2188 pièce
795 2152 830 2182 de
853 2152 920 2181 M'"
934 2150 1067 2182 Roland.

158 2192 246 2225 3929
269 2190 560 2233 Antomarchi
581 2189 628 2233 (le
658 2189 851 2235 docteur),
880 2189 1042 2225 dernier
1068 2190 1246 2225 médecin
1273 2191 1319 2226 de
1345 2191 1547 2237 Napoléon
1569 2192 1584 2227 I
1586 2198 1614 2214 er

269 2236 309 2270 et
328 2235 474 2269 auteur
492 2233 539 2268 de
559 2236 728 2268 Mémoires
747 2244 821 2270 sur
839 2245 900 2271 ses
920 2233 1101 2270 derniers
1121 2237 1329 2271 moments.
1350 2256 1392 2261 —
1414 2239 1445 2271 1°
1465 2236 1508 2271 L.
1528 2247 1562 2271 a.
1583 2247 1613 2272 s.

270 2279 292 2313 à
320 2289 372 2313 un
402 2279 527 2313 maire
554 2278 601 2313 de
626 2278 755 2322 Paris,
784 2281 881 2323 1833,
911 2282 922 2313 1
957 2289 992 2324 p.
1019 2279 1116 2314 in-4.
1148 2283 1185 2315 2°
1213 2279 1330 2316 Pièce
1357 2282 1507 2327 autog.,
1531 2283 1553 2316 4
1578 2291 1613 2326 p.

270 2323 367 2358 in-4.
1527 2329 1548 2360 7
1595 2339 1611 2357 »

157 2369 245 2403 3930
268 2368 506 2412 Aquaviva
525 2366 709 2412 (Claude),
731 2367 886 2403 célèbre
908 2368 1069 2410 général
1090 2368 1157 2403 des
1181 2368 1371 2412 Jésuites,
1392 2370 1460 2416 qui
1483 2370 1615 2405 obtint

269 2412 315 2447 de
335 2411 460 2447 Henri
481 2412 529 2447 IV
551 2411 642 2447 leur
660 2413 799 2447 retour
818 2423 866 2447 en
888 2412 1037 2447 France
1052 2414 1092 2448 et
1104 2415 1281 2458 protesta
1295 2416 1431 2449 contre
1452 2414 1490 2450 la
1509 2414 1617 2450 théo¬

270 2457 328 2491 rie
348 2456 525 2502 régicide
546 2456 593 2491 de
614 2467 674 2492 ses
694 2457 967 2492 subordonnés
987 2457 1009 2491 à
1027 2457 1233 2493 l’occasion
1256 2458 1307 2493 du
1329 2459 1450 2494 crime
1471 2459 1517 2494 de
1537 2460 1615 2494 Ra¬

268 2501 426 2536 vaillac.
451 2521 493 2527 —
525 2501 635 2537 Belle
668 2501 791 2547 pièce,
823 2501 898 2547 sig.
930 2512 1079 2537 comme
1113 2502 1276 2547 général
1315 2503 1382 2539 des
1418 2504 1615 2549 Jésuites;

268 2546 406 2587 Rome,
430 2548 526 2587 1592,
550 2548 612 2589 1/2
630 2556 667 2590 p.
689 2546 791 2590 in-f.,
812 2546 950 2582 cachet
970 2546 1016 2581 de
1036 2546 1075 2582 la
1094 2547 1341 2593 compagnie.
1527 2552 1548 2584 3
1595 2563 1611 2581 »

157 2593 239 2627 3931
268 2591 416 2634 Arago
447 2591 572 2634 (Fr.),
606 2591 765 2627 illustre
802 2592 1040 2627 astronome.
1082 2611 1124 2617 —
1161 2592 1203 2627 L.
1236 2603 1270 2627 a.
1307 2603 1354 2636 s.,
1395 2595 1490 2635 1843,
1527 2596 1537 2628 1
1579 2605 1613 2637 p.

271 2635 385 2670 in-12.
1531 2641 1542 2673 1
1570 2642 1613 2674 25
