1793 3007
726 170 771 208 -
800 170 822 208 8
851 191 895 199 -

84 267 280 306 Belhaven.
307 267 404 306 Elles
418 279 458 307 se
473 275 684 319 composent
702 269 789 307 d’un
810 270 952 308 meuble
969 281 1013 308 en
1036 271 1149 308 ivoire
1167 273 1257 310 orné
1270 271 1316 309 de
1331 272 1475 310 dessins
1490 283 1535 310 en

84 317 221 361 écaille,
248 317 442 357 d’environ
479 324 609 368 quatre
630 320 732 370 pieds
756 319 803 357 de
831 319 1002 367 hauteur;
1045 320 1151 359 d’une
1186 320 1318 359 bourse
1355 321 1442 360 faite
1473 320 1537 359 des

85 378 230 417 propres
254 367 373 406 mains
396 367 441 406 de
473 368 586 407 Marie
607 368 728 413 Suart,
751 374 787 407 et
809 375 959 420 portant
992 381 1036 407 en
1066 370 1182 412 relief,
1209 382 1254 408 en
1276 370 1310 409 fil
1335 370 1426 415 d’or,
1465 382 1537 409 une

84 428 277 462 couronne,
302 428 351 455 un
381 424 536 468 sceptre,
569 430 639 457 une
667 419 756 468 épée
793 424 830 457 et
863 431 924 457 ces
958 425 1073 457 mots:
1113 434 1132 456 «
1165 420 1254 458 Dieu
1287 432 1398 459 sauve
1427 420 1461 459 le
1482 421 1535 459 roi

82 467 234 516 Jacques
250 467 256 504 !
280 480 298 501 »
318 467 404 505 d’un
428 479 592 506 morceau
612 467 781 510 d’hostie,
803 470 977 507 conservé
1003 469 1093 507 dans
1123 482 1195 508 une
1216 476 1386 514 cassette,
1422 476 1458 509 et
1473 470 1534 519 qui

83 517 194 554 serait
212 528 261 554 un
282 516 463 565 fragment
483 517 528 556 de
547 518 639 557 celle
658 530 728 567 que
751 518 864 557 Marie
883 519 1003 557 aurait
1026 519 1122 568 prise
1138 531 1182 557 en
1208 526 1379 558 recevant
1399 531 1439 558 sa
1457 520 1539 558 der¬

85 565 183 604 nière
204 567 439 604 communion
453 579 460 612 ;
478 567 589 611 enlin,
616 567 726 606 d’une
748 574 862 606 tresse
879 567 924 607 de
939 580 997 607 ses
1012 568 1186 607 cheveux.
1218 569 1297 608 Une
1315 570 1456 619 relique
1475 570 1535 619 qui

84 615 169 654 irait
189 616 259 653 fort
280 615 365 654 bien
394 627 482 654 avec
497 616 676 660 celles-ci,
698 624 734 655 et
756 618 817 668 qui
843 619 892 656 du
914 618 1030 657 moins
1063 631 1083 656 a
1119 619 1152 657 le
1173 619 1302 657 mérite
1331 619 1441 657 d’une
1469 630 1537 657 au¬

83 665 275 704 thenticité
295 665 532 711 irrécusable,
548 666 636 706 c’est
659 667 691 705 la
709 666 877 706 dernière
898 667 1005 706 lettre
1024 668 1138 706 écrite
1158 679 1221 717 par
1252 669 1365 707 Marie
1396 670 1534 715 Stuart,

85 715 118 752 la
137 714 244 753 veille
274 715 319 752 de
338 727 404 754 son
425 718 631 764 exécution,
653 722 690 755 et
712 718 891 756 terminée
909 729 954 755 au
976 723 1137 755 moment
1156 718 1200 757 de
1220 724 1361 756 monter
1382 730 1446 757 sur
1470 718 1537 756 l’é—

83 763 259 802 chaflaud.
278 765 382 803 Celle
400 767 586 816 précieuse
604 767 711 805 lettre
728 766 792 805 fait
812 767 928 817 partie
947 766 992 805 de
1008 767 1041 805 la
1053 767 1245 806 collection
1256 767 1537 818 d’autographes

83 813 167 852 d’un
186 820 354 853 amateur
372 815 416 853 de
437 816 551 854 Paris.

134 938 177 945 —
206 917 263 956 On
283 929 305 956 a
324 920 464 964 trouvé,
483 918 506 957 il
526 931 551 969 y
569 931 590 957 a
609 919 768 969 quelque
789 925 921 969 temps,
940 919 1030 958 dans
1054 919 1188 958 l’élude
1213 920 1302 959 d’un
1325 921 1466 959 notaire
1492 920 1538 960 de

84 964 439 1018 Château-Thierry,
472 968 535 1008 des
558 971 700 1019 papiers
720 970 1060 1008 très-intéressants
1078 970 1218 1008 relatifs
1237 973 1258 1008 à
1278 970 1327 1008 La
1343 971 1535 1018 Fontaine,

84 1029 128 1055 au
150 1017 300 1055 nombre
319 1018 491 1068 desquels
511 1025 566 1057 est
583 1030 647 1057 son
667 1025 865 1057 testament
900 1020 968 1058 Ces
987 1020 1131 1070 papiers
1152 1020 1291 1059 étaient
1321 1020 1433 1059 mêlés
1450 1022 1472 1059 à
1493 1020 1538 1060 de

83 1066 224 1105 vieilles
245 1068 406 1107 minutes
431 1080 501 1118 que
523 1068 557 1107 le
577 1069 720 1108 notaire
740 1069 838 1107 avilit
858 1070 922 1107 fait
934 1069 1135 1108 descendre
1155 1070 1201 1107 du
1220 1070 1376 1119 grenier,
1410 1077 1446 1108 et
1473 1071 1536 1120 qui

83 1116 244 1165 gisaient
263 1117 394 1167 depuis
415 1118 596 1168 plusieurs
630 1118 722 1157 mois
740 1131 825 1157 sous
848 1131 896 1157 un
919 1119 1027 1162 table,
1052 1119 1174 1169 quand
1210 1131 1258 1157 un
1282 1119 1327 1157 de
1345 1131 1404 1158 ses
1429 1121 1534 1164 amis,

82 1172 247 1205 amateur
269 1168 444 1217 parisien,
467 1174 530 1206 eut
552 1168 656 1208 l’idée
674 1168 734 1219 d’y
753 1168 914 1208 fouiller.
945 1169 973 1207 Il
994 1169 1181 1208 découvrit
1203 1170 1255 1208 les
1277 1169 1445 1219 précieux
1472 1170 1537 1207 do¬

83 1223 261 1262 cuments,
278 1217 369 1256 dont
389 1224 475 1268 peut
496 1218 765 1269 s'enorgueillir
798 1219 1027 1269 aujourd’hui
1051 1219 1082 1257 le
1113 1219 1256 1257 notaire
1288 1219 1334 1257 de
1353 1217 1537 1258 Château-

81 1265 247 1316 Thierry,
274 1268 365 1306 mais
389 1268 465 1323 qui,
487 1280 574 1307 sans
590 1280 631 1308 ce
653 1268 798 1315 hasard,
820 1269 981 1308 seraient
1009 1269 1187 1319 peut-être
1214 1271 1235 1308 à
1251 1269 1381 1318 jamais
1406 1269 1536 1320 perdus

82 1328 171 1367 pour
188 1316 364 1357 l’histoire
384 1317 575 1358 littéraire.

132 1443 175 1449 —
205 1421 261 1459 Un
284 1422 331 1460 de
350 1434 417 1461 nos
436 1422 598 1462 abonnés
619 1434 709 1462 nous
725 1422 817 1462 écrit
837 1425 858 1461 à
877 1435 1009 1473 propos
1027 1423 1072 1462 de
1089 1429 1195 1462 notre
1206 1426 1333 1473 procès
1347 1436 1354 1461 :
1376 1438 1392 1459 «
1412 1423 1537 1470 Quant

83 1481 153 1509 aux
172 1470 288 1510 droits
307 1472 372 1512 des
392 1473 552 1511 notaires
571 1473 615 1512 de
636 1473 880 1534 revendiquer
903 1474 1001 1512 leurs
1032 1474 1191 1512 minutes
1212 1476 1233 1512 à
1252 1474 1469 1524 perpétuité,
1491 1474 1536 1512 ils

81 1519 270 1559 devraient
289 1534 335 1560 en
363 1522 512 1561 déduire
545 1522 768 1573 l’obligation
794 1523 839 1561 de
872 1523 923 1562 les
949 1534 1142 1562 conserver
1168 1534 1255 1561 avec
1272 1524 1363 1562 soin.
1385 1523 1454 1560 J’ai
1474 1535 1534 1569 eu,

83 1569 224 1609 l’année
251 1571 430 1615 dernière,
463 1574 485 1610 à
506 1573 594 1611 faire
622 1573 685 1611 des
719 1572 932 1612 recherches
953 1573 1046 1612 dans
1067 1584 1138 1612 une
1152 1572 1260 1612 étude
1277 1573 1322 1611 de
1345 1573 1458 1620 Paris,
1488 1575 1534 1612 où

81 1630 151 1658 une
170 1622 288 1670 partie
304 1622 369 1660 des
391 1623 548 1661 minutes
567 1629 650 1661 sont
670 1625 856 1661 entassées
873 1623 1072 1673 pêle-mêle
1094 1622 1187 1661 dans
1215 1635 1262 1660 un
1292 1622 1439 1661 cabinet
1453 1624 1535 1661 noir

81 1676 226 1709 servant
249 1671 295 1710 de
314 1671 499 1711 débarras.
523 1675 637 1722 Après
649 1672 693 1711 de
713 1673 865 1720 longues
884 1672 1109 1719 recherches,
1130 1673 1152 1711 il
1172 1684 1194 1710 a
1210 1673 1267 1711 été
1281 1684 1442 1711 reconnu
1462 1684 1534 1722 que

84 1718 134 1757 les
155 1727 253 1759 actes
270 1721 360 1760 dont
388 1722 518 1772 j’avais
539 1722 665 1761 besoin
685 1722 856 1761 faisaient,
875 1722 992 1773 partie
1025 1722 1112 1761 d’un
1137 1722 1320 1762 trimestre
1347 1723 1396 1761 du
1423 1721 1533 1762 siècle

82 1768 242 1819 dernier,
261 1771 392 1809 dévoré
412 1784 489 1821 par
505 1773 555 1810 les
574 1779 668 1810 rats.

132 1890 175 1897 —
196 1869 298 1909 Nous
329 1882 485 1922 croyons
516 1871 642 1910 devoir
676 1870 816 1910 donner
841 1872 874 1910 le
904 1882 1080 1910 concours
1111 1870 1156 1909 de
1186 1876 1291 1909 notre
1320 1870 1494 1920 publicité
1511 1874 1534 1911 à

82 1917 184 1958 l’avis
199 1920 348 1959 suivant
371 1921 490 1960 inséré
508 1921 599 1960 dans
620 1922 651 1960 le
668 1921 838 1959 Journal
858 1921 999 1969 officiel
1018 1922 1067 1960 du
1088 1919 1136 1959 28
1156 1920 1287 1959 février
1310 1933 1317 1958 :

134 1999 152 2021 «
178 1985 227 2024 Le
258 1987 464 2037 cinquième
493 1987 646 2037 registre
677 1987 741 2025 des
776 1987 1018 2035 Conférences
1053 1987 1096 2024 de
1135 1984 1363 2024 l’Académie
1401 1988 1533 2036 royale

84 2034 99 2071 «
130 2034 424 2074 d’architecture
462 2048 617 2087 manque
645 2037 777 2087 depuis
809 2037 989 2086 plusieurs
1022 2037 1159 2075 années
1187 2048 1256 2075 aux
1289 2035 1455 2074 archives
1489 2037 1534 2076 de

86 2098 103 2118 «
133 2083 322 2126 l’Institut.
359 2087 409 2125 Ce
436 2088 579 2125 volume
608 2092 664 2125 est
696 2086 854 2133 in-folio,
892 2086 1102 2131 manuscrit,
1130 2087 1221 2125 relié
1249 2096 1296 2123 en
1321 2085 1530 2135 parchemin

84 2147 101 2168 «
130 2134 249 2180 blanc,
274 2136 361 2175 doré
376 2147 440 2175 sur
459 2136 619 2182 tranche,
637 2136 733 2175 fileté
743 2147 796 2182 or;
818 2136 840 2174 il
858 2142 959 2185 porte
977 2147 1040 2174 sur
1051 2147 1108 2174 scs
1124 2136 1219 2186 plats
1236 2136 1414 2174 l’écusson
1431 2136 1531 2186 royal

85 2197 103 2219 «
130 2186 283 2224 entouré
300 2186 350 2224 du
367 2186 493 2225 collier
510 2186 556 2225 de
579 2186 709 2225 l’ordre
730 2185 778 2224 du
797 2185 1063 2236 Saint-Esprit,
1083 2191 1119 2224 et
1135 2197 1196 2224 sur
1210 2186 1242 2224 le
1260 2184 1326 2223 dos
1342 2184 1405 2223 des
1424 2184 1533 2225 fleurs

85 2247 104 2269 «
130 2233 176 2272 de
198 2234 254 2280 lis,
279 2247 367 2274 avec
389 2235 593 2285 l’étiquette
622 2235 843 2274 manuscrite
868 2235 1035 2274 suivante
1054 2236 1060 2273 :
1084 2235 1284 2273 Académie
1307 2235 1531 2273 d’architec-

85 2290 103 2321 «
131 2290 228 2333 turc,
261 2286 419 2334 registre
448 2285 540 2324 1711
575 2286 599 2323 à
627 2285 733 2324 1723.
765 2306 807 2312 —
842 2286 891 2324 Le
923 2285 1200 2324 bibliothécaire
1229 2297 1273 2324 ou
1311 2291 1410 2324 toute
1428 2290 1533 2324 autre

86 2347 104 2369 «
132 2345 314 2383 personne
344 2336 405 2385 qui
438 2336 604 2375 auraient
628 2335 891 2374 connaissance
922 2335 967 2373 de
992 2346 1035 2373 ce
1061 2335 1216 2383 registre
1244 2341 1328 2373 sont
1362 2335 1462 2387 priés
1489 2334 1534 2374 de

86 2397 104 2419 «
132 2383 272 2423 vouloir
291 2385 376 2424 bien
399 2396 446 2425 en
464 2385 603 2424 donner
622 2385 701 2425 avis
720 2397 766 2424 au
784 2385 998 2424 secrétariat
1013 2385 1058 2424 de
1074 2385 1265 2424 l’Institut.
1296 2398 1314 2421 »

129 2504 179 2511 —
200 2483 249 2521 Le
272 2484 513 2534 propriétaire
531 2485 647 2523 actuel
662 2483 709 2522 du
723 2483 879 2522 château
897 2483 941 2523 de
955 2483 1197 2529 Saint-Brice,
1218 2486 1300 2534 près
1315 2484 1359 2522 de
1376 2483 1531 2532 Rennes,

80 2531 182 2571 vient
213 2533 258 2571 de
292 2534 434 2573 donner
475 2546 543 2573 aux
571 2533 736 2573 archives
768 2534 1099 2584 départementales
1122 2533 1450 2573 d’Ille-et-Vilaine
1483 2532 1534 2572 les

81 2582 187 2621 titres
221 2589 259 2621 et
306 2590 387 2623 tous
424 2585 476 2624 les
508 2585 681 2635 registres
717 2584 763 2623 de
791 2584 825 2622 la
843 2583 976 2634 justice
1003 2584 1142 2623 féodale
1167 2584 1212 2623 de
1232 2588 1326 2623 cette
1354 2583 1535 2623 ancienne

79 2631 297 2682 seigneurie-
