1793 3007
714 225 756 235 -
787 205 810 243 3
839 227 879 234 -

70 298 106 335 et
128 298 290 344 Cosimo,
315 310 360 338 en
374 299 466 340 deux
488 301 604 351 lignes
624 302 754 343 reliées
769 315 832 354 par
848 316 919 343 une
934 305 1117 355 accolade,
1146 318 1191 345 au
1212 307 1337 347 milieu
1358 314 1393 348 cl
1412 311 1433 348 à
1447 311 1528 350 côté

70 346 116 386 de
141 348 296 398 laquelle
333 351 389 389 est
423 352 467 389 d;
504 353 676 392 Mèdicis.
720 353 772 393 En
809 354 989 394 l'absence
1008 356 1053 394 de
1078 357 1283 401 l’accolade,
1319 358 1342 395 il
1379 357 1529 400 devient

70 398 221 437 difficile
239 399 284 438 de
303 412 343 439 se
361 412 576 451 prononcer,
613 404 641 442 si
677 404 748 442 l'on
782 405 842 443 n’a
871 417 937 455 pas
966 406 1011 444 de
1034 407 1153 456 pièces
1182 407 1228 447 de
1258 410 1527 459 comparaison.

72 449 190 497 Ainsi,
213 450 247 488 la
268 449 373 489 lettre
391 451 435 490 de
454 454 564 492 Côme
585 453 599 492 I
604 463 632 479 er
650 454 696 492 de
718 455 887 500 Mèdicis,
918 456 965 494 du
987 464 1027 494 n°
1042 458 1129 507 224,
1152 464 1208 497 est
1226 470 1313 498 sans
1345 461 1528 506 accolade,

72 505 108 536 et
126 511 218 538 nous
237 511 284 539 ne
297 501 468 542 saurions
482 504 562 542 dire
582 504 612 543 si
633 504 703 543 elle
725 511 781 544 est
801 505 926 550 écrite,
958 506 1020 545 oui
1052 519 1097 546 on
1133 520 1220 556 non,
1262 509 1309 547 de
1350 521 1392 548 sa
1415 511 1527 550 main.

73 547 173 587 Nous
204 551 408 600 éprouvons
443 554 475 593 le
504 555 624 593 même
654 553 766 594 doute
791 567 854 594 sur
874 555 926 595 les
947 556 1073 597 lettres
1094 559 1326 606 cataloguées
1361 571 1446 600 sous
1482 561 1534 600 les

73 607 127 637 n"
145 600 229 642 128,
253 602 340 651 283,
360 603 430 641 257
452 611 487 643 et
504 604 588 644 298.

126 655 219 694 Pour
238 668 282 695 en
303 660 447 699 revenir
465 662 486 699 à
507 660 541 698 la
560 660 667 700 lettre
684 660 729 701 de
760 662 1264 715 Laurent-le-Magnifique,
1300 677 1392 705 nous
1421 678 1536 706 avons

77 710 154 743 tout
175 706 245 745 lieu
265 707 309 746 de
326 708 359 746 la
380 710 496 749 croire
511 711 749 761 authentique
769 718 805 750 et
824 723 915 752 nous
934 713 967 751 la
987 715 1240 763 garantissons
1270 727 1410 755 comme
1437 717 1535 756 telle.

80 755 275 796 L’écriture
292 758 337 797 de
352 766 446 800 cette
464 762 564 811 pièce
586 772 631 799 ne
651 762 850 801 ressemble
867 774 912 801 en
932 763 1012 802 rien
1031 765 1052 801 à
1074 765 1107 803 la
1130 765 1223 804 belle
1237 765 1477 817 calligraphie
1492 767 1538 805 de

79 804 111 843 la
134 806 239 846 lettre
259 807 304 847 de
321 810 588 860 Isographie,
608 811 670 861 qui
693 817 749 852 est
766 812 1013 852 évidemment
1037 814 1082 853 de
1113 815 1145 853 la
1180 816 1278 854 main
1307 816 1393 855 d’un
1416 818 1539 856 secré¬

77 856 180 895 taire.

129 912 229 952 Nous
253 915 443 964 appelons,
469 928 531 955 sur
548 923 645 956 cette
662 917 830 957 curieuse
848 919 1034 969 question,
1057 920 1261 960 l’attention
1276 921 1340 960 des
1355 928 1539 961 amateurs

77 961 361 1014 d’autographes
380 967 443 1015 qui
468 968 666 1017 possèdent
682 967 746 1007 des
768 968 896 1008 lettres
911 968 1100 1009 d’anciens
1120 970 1264 1021 princes
1287 971 1445 1012 italiens.

365 1233 555 1272 ENCORE
582 1234 672 1273 DES
702 1235 828 1273 FAUX
855 1235 1207 1276 AUTOGRAPHES
1238 1239 1245 1275 !

133 1366 421 1409 Dernièrement,
442 1369 493 1408 les
506 1368 685 1420 journaux
702 1376 766 1409 ont
786 1370 851 1408 fait
864 1369 978 1419 grand
997 1369 1095 1409 bruit
1109 1369 1154 1408 de
1173 1369 1416 1409 l’arrestation
1432 1370 1544 1409 d’une

81 1418 211 1457 femme
231 1424 267 1456 et
284 1417 329 1457 de
349 1430 414 1457 son
434 1419 504 1462 fils,
527 1422 548 1457 à
568 1431 700 1470 propos
719 1419 764 1459 de
781 1420 862 1458 faux
878 1419 1136 1470 autographes.
1157 1419 1255 1458 Voici
1275 1420 1307 1458 le
1327 1420 1404 1465 fait,
1421 1420 1544 1460 réduit

80 1470 102 1506 k
121 1480 163 1508 sa
182 1469 264 1519 plus
285 1468 418 1519 simple
436 1469 647 1520 expression
661 1482 669 1507 :

132 1524 188 1563 Un
204 1524 316 1574 jeune
336 1524 493 1569 homme,
519 1527 664 1564 nommé
683 1524 748 1569 H.,
773 1537 812 1564 se
833 1525 1047 1575 présentait,
1069 1525 1092 1563 il
1117 1537 1139 1575 y
1173 1537 1195 1563 a
1224 1525 1383 1576 quelque
1410 1532 1542 1576 temps,

80 1573 172 1613 dans
191 1575 224 1612 la
245 1574 409 1613 librairie
425 1576 469 1614 de
487 1575 531 1614 M.
556 1574 728 1619 Claudin,
754 1582 789 1614 et
822 1574 943 1614 offrait
977 1588 1022 1613 au
1056 1577 1206 1614 commis
1235 1588 1283 1614 un
1319 1577 1369 1614 lot
1398 1575 1545 1615 d’auto¬

82 1625 239 1675 graphes
271 1624 474 1664 modernes.
503 1625 634 1664 L’était
664 1627 829 1676 très-peu
863 1626 907 1663 de
934 1624 1043 1664 chose
1069 1638 1075 1664 :
1099 1638 1145 1664 on
1176 1637 1220 1664 en
1242 1625 1377 1664 choisit
1397 1626 1490 1664 dans
1513 1626 1545 1665 le

82 1675 231 1714 nombre
251 1686 342 1724 pour
362 1687 433 1714 une
452 1676 593 1714 sixaine
611 1675 658 1714 de
677 1675 809 1715 francs.
843 1675 988 1714 Revenu
1010 1686 1082 1714 une
1101 1676 1257 1714 seconde
1280 1675 1360 1720 fois,
1381 1687 1470 1715 avec
1497 1688 1544 1714 un

81 1732 186 1764 autre
205 1730 351 1776 paquet,
379 1726 401 1762 il
422 1737 469 1764 ne
492 1732 555 1775 put
574 1737 620 1764 en
642 1724 778 1765 vendre
795 1737 866 1787 que
886 1737 976 1776 pour
995 1726 1085 1764 trois
1104 1726 1236 1765 francs.
1267 1726 1321 1765 Un
1337 1737 1404 1775 peu
1419 1726 1546 1777 désap¬

85 1775 221 1825 pointé,
244 1776 265 1812 il
287 1775 465 1814 demanda
484 1778 504 1814 à
527 1775 723 1815 l’acheteur
737 1777 842 1826 quels
861 1775 1000 1814 étaient
1020 1775 1114 1815 donc
1134 1777 1184 1814 les
1204 1776 1449 1826 autographes
1469 1788 1548 1815 mo¬

82 1824 214 1864 dernes
233 1825 294 1876 qui
318 1827 466 1865 avaient
485 1826 529 1864 de
546 1827 580 1864 la
599 1825 738 1866 valeur.
762 1825 818 1866 On
841 1826 891 1864 lui
913 1825 987 1864 cita
1005 1827 1184 1876 quelques
1205 1837 1311 1864 noms
1330 1838 1375 1864 au
1396 1826 1543 1871 hasard,

83 1882 120 1915 et
141 1887 227 1914 sans
244 1887 283 1914 se
299 1874 428 1915 douter
449 1875 494 1915 de
514 1876 652 1925 l’usage
671 1875 760 1926 qu’il
781 1876 922 1926 pensait
941 1876 1030 1914 faire
1049 1875 1093 1915 de
1112 1888 1171 1915 ces
1192 1876 1426 1915 indications.

136 1931 202 1969 Les
224 1930 376 1969 lauriers
395 1930 439 1970 de
457 1932 582 1975 Lucas,
602 1932 634 1970 le
646 1931 910 1982 mystificateur
922 1931 967 1969 de
982 1931 1030 1970 M.
1057 1931 1220 1976 Chasles,
1249 1931 1546 1982 l’empêchaient,

85 1980 268 2031 paraît-il,
284 1980 330 2019 de
343 1980 492 2020 dormir.
513 1981 541 2020 Il
563 1993 601 2020 se
619 1982 733 2021 disait
751 1993 837 2020 sans
852 1982 964 2020 doute
979 1992 1050 2032 que
1066 1982 1096 2020 si
1120 1981 1191 2020 l’on
1208 1981 1306 2020 avait
1323 1993 1370 2032 pu
1386 1989 1546 2033 tromper

85 2032 182 2070 aussi
203 2031 410 2069 facilement
428 2042 477 2069 un
499 2031 658 2070 membre
679 2031 724 2069 de
744 2031 935 2081 l’Institut,
960 2031 983 2070 il
1002 2043 1025 2082 y
1045 2032 1165 2070 aurait
1185 2032 1264 2082 plus
1281 2032 1370 2070 beau
1385 2033 1445 2083 jeu
1460 2044 1547 2071 avec

85 2082 130 2120 de
149 2081 300 2130 simples
320 2081 551 2120 marchands.
581 2080 683 2119 Voilà
701 2083 748 2121 où
771 2082 860 2120 était
885 2081 1050 2126 l’erreur,
1076 2093 1138 2121 car
1170 2082 1202 2120 le
1229 2081 1405 2121 faussaire
1435 2084 1548 2121 Lucas

85 2133 149 2171 eût
167 2131 305 2170 échoué
322 2131 370 2168 du
393 2132 551 2181 premier
568 2143 663 2181 coup
680 2131 737 2171 s’il
757 2143 797 2171 se
818 2131 873 2170 fût
890 2131 1038 2170 adressé
1054 2142 1125 2170 aux
1146 2143 1349 2182 personnes
1367 2133 1430 2183 qui
1452 2133 1546 2171 s’oc¬

86 2188 221 2233 cupent
242 2180 503 2231 spécialement
522 2182 568 2221 de
586 2193 626 2219 ce
644 2193 757 2232 genre
776 2182 821 2220 de
848 2181 1034 2220 curiosité.
1057 2182 1086 2220 Il
1118 2181 1204 2220 s’est
1234 2182 1316 2220 bien
1345 2182 1459 2231 gardé
1485 2183 1550 2221 des

86 2238 246 2282 experts,
268 2236 304 2270 et
328 2231 416 2270 c’est
436 2231 543 2282 grâce
562 2236 582 2270 à
598 2237 694 2271 cette
711 2231 908 2283 prudence,
938 2238 975 2270 et
1008 2243 1054 2269 en
1081 2244 1120 2270 se
1148 2232 1304 2270 bornant
1333 2236 1354 2270 à
1385 2244 1435 2271 un
1468 2233 1545 2272 seul

86 2282 216 2324 client,
242 2280 329 2332 qu’il
348 2292 369 2318 a
391 2293 435 2332 pu
457 2284 648 2320 continuer
667 2293 707 2320 sa
730 2282 842 2333 petite
861 2281 1042 2320 industrie
1064 2282 1223 2332 pendant
1241 2283 1297 2321 six
1317 2293 1394 2321 ans.

140 2338 187 2376 Le
202 2338 314 2387 jeune
332 2336 376 2375 H.
400 2348 438 2375 se
458 2338 525 2375 mil
540 2338 634 2376 donc
650 2339 672 2376 à
693 2337 873 2387 fabriquer
891 2337 955 2375 des
977 2337 1224 2387 autographes
1245 2349 1331 2376 sous
1362 2338 1414 2377 les
1443 2348 1547 2376 noms

87 2387 175 2438 qu’il
196 2387 296 2425 avait
314 2385 421 2426 saisis
436 2398 482 2425 au
501 2387 556 2425 vol
575 2387 668 2425 dans
688 2387 723 2425 la
741 2386 1006 2431 conversation,
1030 2389 1202 2436 espérant
1214 2399 1259 2426 en
1275 2388 1366 2426 tirer
1382 2387 1548 2427 meilleur

89 2438 183 2488 parti
213 2449 287 2488 que
305 2436 352 2474 de
365 2448 475 2479 ceux,
501 2437 871 2488 très-authentiques,
898 2436 990 2475 mais
1011 2436 1263 2488 insignifiants
1280 2469 1288 2483 ,
1323 2437 1414 2487 qu’il
1449 2438 1548 2475 avait

90 2487 239 2527 vendus.
261 2486 288 2525 Il
313 2486 365 2525 les
388 2486 428 2525 fit
447 2489 634 2538 présenter
664 2498 728 2538 par
748 2499 790 2526 sa
823 2489 932 2530 mère,
958 2486 1046 2525 chez
1080 2487 1113 2527 le
1146 2488 1263 2527 même
1299 2487 1460 2526 libraire.
1499 2487 1547 2524 Le

88 2538 239 2576 commis
256 2536 383 2576 n’était
406 2537 485 2588 plus
506 2537 538 2575 le
555 2537 671 2576 même
694 2550 700 2575 :
724 2536 855 2576 C’était
879 2538 926 2576 M.
949 2536 1049 2576 René
1069 2537 1206 2580 Muffat,
1229 2537 1360 2576 ancien
1382 2537 1542 2576 libraire.

92 2588 115 2626 Il
139 2600 162 2639 y
183 2589 282 2627 avait
307 2587 460 2627 environ
479 2588 695 2638 vingt-cinq
720 2587 858 2627 lettres.
880 2586 907 2626 Il
933 2598 979 2626 en
1011 2586 1110 2626 offrit
1141 2588 1246 2636 vingt
1276 2587 1411 2626 francs.
1435 2587 1493 2626 On
1516 2587 1548 2624 le

92 2639 164 2687 prit
184 2649 228 2676 au
251 2643 337 2676 mot.
360 2636 388 2675 Il
408 2637 589 2676 demanda
605 2641 626 2676 à
641 2643 737 2677 celle
755 2638 886 2676 femme
915 2648 982 2676 son
1006 2636 1166 2677 adresse.
1192 2637 1270 2675 Elle
1290 2637 1346 2676 dit
1367 2637 1549 2688 s’appeler
