1793 3007
747 128 790 166 -
819 127 867 166 23
902 150 938 157 -

121 222 209 257 4059
233 222 405 265 Rouget
422 222 477 257 de
501 221 632 263 Lisle,
658 220 832 256 l’auteur
859 221 906 256 do
933 221 971 256 la
995 223 1226 256 Marseillaise.
1247 224 1290 256 —
1314 224 1361 256 La
1383 224 1471 257 Mèi'e
1497 225 1526 256 et
1551 223 1579 256 le

234 268 317 301 Lion
343 265 524 311 (légende
554 265 607 300 du
632 265 732 300 Lion
761 265 809 300 de
837 265 1054 311 Florence),
1076 266 1185 311 pièce
1205 266 1252 301 de
1271 276 1361 302 vers
1381 267 1480 310 aut.,
1499 268 1521 301 2
1539 276 1577 311 p.

233 309 322 346 in-f.
1491 313 1513 346 9
1560 323 1577 343 »

120 361 208 395 4060
230 361 460 404 Rousseau
484 360 618 404 (J.-J.),
644 359 833 395 l’illustre
865 359 1055 395 écrivain.
1076 380 1118 385 —
1140 360 1181 395 L.
1211 371 1244 395 a.
1271 371 1301 395 s.
1331 371 1380 395 au
1411 360 1577 395 libraire

232 404 454 448 Duchesne,
476 405 635 440 éditeur
654 403 701 437 de
724 414 785 439 ses
805 414 981 448 œuvres;
1002 404 1309 448 Montmorenci,
1328 407 1368 441 10
1384 404 1462 441 fév.
1481 406 1576 448 1762,

237 451 248 483 1
271 459 308 494 p.
330 449 382 494 pl.
404 450 496 485 in-4.
520 450 604 484 Belle
617 449 721 492 pièce.
1469 451 1513 484 48
1559 461 1577 481 »

278 494 407 525 Relative
425 496 440 525 à
453 496 480 525 la
498 494 671 533 publication
685 493 721 523 de
739 500 787 523 ses
800 500 915 524 œuvres
931 493 1098 531 complètes.
1115 494 1138 524 11
1155 502 1172 532 y
1186 494 1314 533 ajoutera
1334 502 1390 524 une
1402 494 1490 531 table,
1506 501 1580 531 pour

239 532 330 563 éviter
346 542 380 564 an
397 534 516 564 libraire
531 533 566 563 de
583 533 611 562 la
631 532 700 562 faire
713 532 839 569 rédiger.
861 542 874 555 «
894 533 926 563 Je
942 540 978 563 ne
995 540 1068 563 vous
1090 533 1160 563 ferai
1180 541 1232 572 pas
1247 534 1379 563 attendre
1400 536 1474 564 cette
1489 533 1577 569 table,

238 573 326 607 dit-il,
346 581 401 603 non
426 573 489 611 plus
505 580 561 611 que
580 572 607 602 la
626 571 754 610 préface,
772 571 837 601 telle
857 578 912 609 que
931 571 959 610 je
977 572 1004 602 la
1023 572 1139 610 pourrai
1159 572 1336 603 barbouiller
1352 572 1425 603 dans
1442 572 1521 603 l’état
1541 572 1578 603 où

235 612 263 649 je
282 611 353 642 suis.
376 624 388 639 »

120 656 203 690 4061
232 656 414 702 Sadolet
432 654 638 702 (Jacques),
658 652 819 688 illustre
838 653 1015 689 écrivain
1035 654 1087 689 du
1107 661 1189 689 xvi°
1207 654 1340 698 siècle,
1361 654 1577 690 secrétaire

232 699 279 734 de
298 699 405 734 Léon
425 703 474 742 X,
496 700 645 743 évoque
673 697 720 732 de
749 698 1000 741 Carpentras.
1021 719 1064 725 —
1088 699 1174 734 Let.
1200 699 1290 744 sig.,
1310 710 1359 734 en
1385 699 1501 743 latin,
1528 709 1577 734 au

232 754 322 779 nom
343 744 389 778 de
409 744 516 779 Léon
536 743 586 785 X,
607 742 629 776 à
647 741 802 776 Achille
823 739 1024 787 Pelacani,
1045 744 1155 786 légat
1175 743 1197 778 à
1215 743 1391 789 Bologne
1407 756 1416 788 ;
1437 744 1577 786 Rome,

230 791 251 823 9
271 788 348 823 mai
372 790 470 831 1513,
492 786 626 822 in-fol.
647 786 807 831 oblong,
828 787 937 822 trace
957 787 1004 822 de
1025 789 1176 823 cacnet.
1474 790 1513 824 12
1561 800 1577 820 »

118 839 208 873 4062
231 836 588 881 Saint-Huberty
617 835 758 880 (Cécile
791 837 911 877 Clavel,
943 837 1053 883 dite),
1090 837 1245 873 célèbre
1274 837 1497 873 cantatrice
1530 838 1577 872 de

234 882 403 927 l’Opéra,
429 883 572 917 femme
603 880 655 915 du
687 881 815 915 comte
835 880 1129 928 d’Antraigues,
1156 883 1373 918 assassinée
1399 893 1494 918 avec
1519 882 1577 917 lui

231 937 279 961 en
303 929 399 962 1812.
419 947 461 952 —
480 926 524 961 L.
547 924 623 971 sig.
643 926 684 959 de
701 926 980 969 Saint-IIuberty,
1002 930 1023 962 3
1042 937 1078 972 p.
1099 927 1210 962 in-4.’
1492 929 1513 961 6
1560 939 1577 959 »

279 972 355 1003 Relie
376 975 404 1003 et
423 972 556 1003 curieuse
580 971 662 1001 lettre
680 977 735 1008 par
752 970 875 1007 laquelle
895 971 950 1001 elle
969 972 1067 1003 refuse
1090 973 1125 1003 de
1145 980 1177 1002 se
1198 971 1303 1003 revêtir
1326 972 1365 1002 du
1390 973 1519 1003 costume
1544 972 1579 1002 de

237 1011 381 1049 Pénélope
398 1019 470 1049 pour
489 1011 515 1041 le
531 1011 591 1040 rôle
608 1009 763 1043 d’Alceste,
786 1009 889 1046 qu’elle
908 1018 943 1040 va
960 1010 1054 1048 jouer.

118 1056 205 1090 4063
229 1055 528 1098 Saint-Pierre
548 1052 783 1098 (Bernardin
799 1052 872 1097 de),
887 1053 1062 1089 l’auteur
1080 1054 1127 1090 de
1147 1056 1233 1089 Paul
1245 1059 1275 1089 et
1292 1056 1459 1097 Virginie.
1475 1074 1517 1079 —
1534 1054 1577 1089 L.

231 1110 265 1134 a.
287 1110 319 1135 s.
339 1100 361 1134 à
381 1110 458 1134 une
479 1099 606 1141 dame,
628 1098 695 1141 3/4
713 1097 760 1132 de
781 1107 818 1142 p.
839 1097 936 1133 in-8.
1491 1101 1512 1133 6
1536 1102 1579 1134 50

117 1151 205 1185 4064
228 1149 430 1193 Saintine
449 1148 600 1193 (X.-B.),
622 1158 675 1182 un
695 1147 742 1182 de
764 1157 834 1182 nos
849 1147 936 1192 plus
952 1148 1144 1194 gracieux
1158 1149 1416 1192 romanciers,
1433 1150 1580 1183 auteur

230 1194 277 1229 de
297 1195 453 1229 Picciola.
474 1213 516 1218 —
535 1192 579 1227 L.
601 1203 635 1227 a.
656 1202 686 1227 s.
708 1192 730 1226 à
747 1191 974 1235 Altaroche,
997 1195 1095 1237 1>51,
1119 1196 1131 1228 1
1154 1204 1190 1238 p.
1209 1193 1328 1228 in-18.
1492 1195 1514 1228 2
1561 1204 1578 1225 »

117 1244 205 1279 4065
228 1243 350 1288 Salm
369 1243 420 1288 (la
437 1242 637 1289 princesse
658 1240 731 1284 de),
753 1240 909 1276 célèbre
929 1242 1073 1276 femme
1086 1243 1213 1288 poète,
1226 1242 1298 1277 née
1318 1242 1339 1277 à
1357 1241 1522 1278 Nantes.
1537 1262 1580 1267 —

228 1288 271 1323 L.
293 1298 327 1322 a.
348 1298 377 1322 s.
399 1287 422 1321 à
439 1284 492 1322 M.
511 1285 725 1328 Audiffret,
749 1287 846 1328 1837,
870 1287 882 1319 1
907 1296 943 1331 p.
965 1286 1062 1321 in-8.
1175 1325 1181 1334 ,
1497 1289 1509 1321 1
1537 1288 1580 1322 50

117 1338 204 1373 4066
228 1336 474 1382 Salvandy,
496 1335 555 1381 (N.
578 1335 650 1381 de),
672 1334 869 1371 historien
890 1337 930 1371 et
949 1335 1104 1372 homme
1125 1325 1267 1380 d’État,
1289 1336 1335 1372 de
1356 1335 1503 1372 l’Acad.
1529 1336 1577 1372 fr.

228 1402 271 1407 —
289 1382 332 1417 L.
354 1392 388 1417 a.
408 1392 436 1417 s.
459 1382 482 1416 à
499 1384 552 1415 M.
573 1380 772 1416 Fournier
791 1379 1063 1426 (imprimeur),
1087 1384 1097 1416 1
1122 1392 1159 1427 p.
1183 1382 1279 1416 in-8.
1497 1383 1508 1415 1
1537 1384 1581 1416 50

118 1433 203 1468 4007
230 1431 453 1473 Santerre,
475 1431 637 1465 fameux
650 1430 838 1464 brasseur
852 1429 903 1464 du
919 1430 1119 1476 faubourg
1133 1430 1456 1473 Saint-Antoine,
1474 1441 1579 1465 com¬

229 1475 419 1511 mandant
455 1475 618 1521 général
654 1474 701 1509 de
738 1475 778 1508 la
814 1474 934 1519 garde
971 1475 1174 1511 nationale
1202 1475 1249 1510 de
1278 1475 1393 1510 Paris
1420 1475 1501 1510 lors
1532 1475 1578 1510 de

229 1520 467 1555 l’exécution
487 1519 534 1553 de
554 1519 675 1554 Louis
695 1518 799 1553 XVI.
819 1538 862 1544 —
880 1519 923 1553 L.
953 1529 983 1554 s.
1012 1530 1061 1554 au
1093 1520 1253 1565 citoyen
1283 1520 1339 1555 La
1367 1519 1576 1564 Saulsaye;

228 1567 249 1599 4
269 1565 370 1600 avril
393 1567 489 1607 1793,
513 1566 525 1598 1
548 1573 585 1608 p.
606 1563 713 1606 in-f.,
733 1563 816 1598 tête
837 1563 1059 1608 imprimée.
1494 1567 1516 1599 3
1561 1576 1578 1596 »

118 1616 205 1650 4068
229 1616 345 1659 Saxe
364 1614 527 1659 (Marie),
547 1612 703 1648 célèbre
725 1612 986 1648 musicienne.
1007 1633 1050 1639 —
1069 1613 1112 1648 L.
1134 1623 1168 1649 a.
1188 1624 1218 1649 s.
1240 1613 1263 1649 à
1281 1613 1333 1649 M.
1349 1613 1578 1656 Désarbres,

234 1662 245 1693 1
269 1659 424 1704 p.in-8.
1495 1660 1508 1692 1
1536 1660 1580 1693 25

119 1709 206 1745 4069
231 1709 404 1752 Second
423 1706 620 1752 (Albéric),
648 1707 836 1747 spirituel
862 1705 1135 1752 chroniqueur
1159 1709 1199 1743 et
1224 1709 1370 1743 auteur
1395 1707 1579 1750 dramat.,

230 1753 279 1787 né
299 1753 321 1787 à
339 1751 597 1798 Angoulème.
618 1770 660 1776 —
678 1751 723 1786 L.
744 1761 778 1786 a.
801 1761 847 1792 s.,
871 1753 883 1785 1
907 1761 943 1796 p.
965 1752 1063 1786 in-8.
1498 1755 1511 1786 1
1538 1754 1581 1787 25

119 1804 206 1838 4070
231 1803 510 1845 Sénancourt
529 1800 613 1845 (de),
644 1800 822 1835 écrivain
842 1800 1089 1846 philosophe,
1116 1801 1306 1846 éloquent
1331 1803 1372 1836 et
1397 1801 1579 1845 profond,

229 1849 376 1882 auteur
395 1847 418 1881 d
421 1846 629 1881 'Obermann.
649 1864 691 1870 —
711 1844 828 1880 Pièce
849 1846 932 1880 aut.
952 1845 1027 1891 sig.
1039 1858 1048 1890 ;
1069 1845 1198 1888 Paris,
1218 1848 1239 1881 3
1258 1855 1347 1881 nov.
1373 1848 1468 1889 1825,
1502 1847 1514 1880 1
1543 1856 1579 1890 p.

230 1890 328 1926 in-4.
349 1890 542 1926 Portrait.
1492 1892 1513 1925 3
1561 1901 1578 1922 »

275 1936 373 1966 Traité
393 1944 468 1974 pour
486 1936 512 1965 la
531 1934 704 1973 publication
726 1934 762 1964 de
780 1935 833 1965 son
853 1932 985 1965 Résumé
1002 1934 1039 1964 de
1062 1934 1217 1964 l’histoire
1241 1934 1295 1965 des
1320 1934 1495 1965 traditions
1518 1942 1581 1964 mo¬

237 1975 324 2005 rales
342 1978 370 2004 et
391 1974 587 2013 religieuses.

119 2021 201 2055 4071
230 2019 423 2062 Sergent
440 2017 596 2062 (Louis),
618 2016 749 2051 habile
771 2027 956 2062 graveur,
971 2016 1280 2052 conventionnel
1300 2018 1578 2062 montagnard,

230 2062 455 2097 beau-frère
482 2062 528 2096 de
554 2065 754 2104 Marceau,
781 2061 829 2096 né
855 2062 877 2096 à
901 2061 1102 2097 Chartres.
1134 2081 1175 2086 —
1193 2061 1238 2096 L.
1268 2071 1302 2096 a.
1329 2061 1405 2106 sig.
1426 2064 1579 2105 Sw'gmt-

229 2109 394 2148 Marceau,
415 2117 464 2141 en
484 2106 640 2149 italien,
667 2116 717 2141 au
743 2106 900 2151 peintre
925 2105 1018 2148 Joli,
1045 2106 1068 2140 à
1091 2105 1275 2148 Brescia;
1302 2105 1442 2149 Milan,
1483 2109 1579 2150 1817,

234 2154 245 2186 1
269 2162 305 2197 p.
327 2151 379 2196 pl.
400 2151 492 2185 in-4.
513 2151 697 2187 Relative
718 2151 740 2185 à
758 2161 828 2186 son
848 2151 948 2186 beau
967 2150 1139 2195 portrait
1152 2150 1199 2185 de
1213 2150 1414 2186 Marceau.
1493 2153 1515 2185 4
1562 2163 1578 2183 »

119 2202 206 2238 4072
230 2200 413 2245 Servais
433 2200 582 2245 (A.-F.),
603 2199 760 2235 célèbre
779 2199 1086 2236 violoncelliste.
1107 2220 1149 2225 —
1171 2201 1215 2236 L.
1231 2210 1265 2235 a.
1292 2210 1338 2243 s.,
1361 2199 1453 2244 Hal,
1482 2203 1579 2243 1853,

229 2249 250 2281 3
269 2255 305 2290 p.
327 2244 419 2279 in-8.
440 2244 646 2279 Curieuse.
1492 2247 1514 2280 2
1538 2247 1581 2280 50

117 2296 205 2332 4073
228 2294 516 2339 Spallanzani
528 2294 709 2339 (Lazare),
725 2293 964 2329 naturaliste
979 2295 1019 2329 et
1031 2303 1238 2339 voyageur
1251 2293 1408 2337 italien,
1423 2294 1579 2329 célèbre

229 2349 300 2391 par
335 2348 396 2373 ses
428 2339 686 2373 nombreuses
717 2337 989 2373 découvertes.
1021 2358 1063 2363 —
1094 2338 1137 2373 L.
1170 2349 1204 2374 a.
1237 2349 1267 2374 s.
1298 2349 1348 2373 au
1377 2338 1579 2374 botaniste

229 2383 361 2419 Fortis
377 2395 385 2417 :
407 2382 642 2426 Scandiano,
663 2385 706 2418 23
725 2384 824 2427 sept.
848 2384 945 2425 1770,
968 2384 979 2417 1
992 2383 1030 2426 /2
1049 2393 1085 2427 p.
1106 2383 1195 2418 in-f.
1492 2386 1514 2419 3
1561 2396 1577 2416 »

119 2429 205 2464 4074
229 2417 352 2471 Staël
371 2417 422 2471 (la
440 2426 614 2461 baronne
635 2427 708 2471 de),
729 2427 872 2461 femme
893 2427 1066 2462 illustre.
1082 2447 1124 2452 —
1138 2427 1180 2462 L.
1199 2438 1232 2462 a.
1248 2437 1278 2462 s.
1295 2427 1317 2461 à
1335 2427 1431 2464 MM.
1451 2427 1581 2473 Leroy

230 2474 270 2507 et
289 2470 457 2516 Bayard,
479 2471 501 2505 à
519 2471 767 2516 New-York;
790 2472 949 2516 Coppet,
973 2473 1012 2507 12
1031 2473 1131 2516 sept.
1155 2474 1250 2511 1815,
1276 2474 1287 2506 1
1311 2482 1348 2517 p.
1369 2471 1466 2508 in-4.
1489 2475 1581 2507 Très-

229 2518 310 2551 belle
323 2518 426 2560 pièce.
470 2519 476 2527 '
1474 2518 1514 2551 12
1561 2529 1578 2549 »

118 2562 205 2597 4075
228 2560 433 2604 Taglioni
451 2558 615 2603 (Marie),
636 2559 675 2594 la
693 2559 849 2595 célèbre
870 2559 1075 2595 danseuse.
1097 2579 1139 2585 —
1158 2560 1244 2596 Let.
1271 2561 1353 2595 aut.
1380 2560 1470 2605 sig.,
1499 2563 1512 2606 1
1542 2571 1578 2606 p.

230 2605 321 2639 in-8.
1496 2606 1508 2639 1
1537 2608 1580 2640 50
