1841 2972
877 174 921 211 -
951 174 974 211 8
1000 195 1048 201 —

340 273 396 307 des
419 273 688 315 Inaugurations,
721 271 769 306 né
796 271 885 317 près
916 271 1135 306 d’Orléans.
1154 291 1196 297 —
1214 271 1258 307 L.
1291 283 1325 307 a.
1357 282 1388 307 s.
1402 284 1411 315 ;
1440 270 1696 316 Argenteuil,

346 318 442 357 1779,
467 318 480 350 1
503 326 540 362 p.
562 315 654 350 in-4.
1608 317 1630 350 3
1677 327 1694 346 »

230 362 318 396 4325
340 361 479 404 Beyle
493 359 655 404 (Henri),
671 359 847 394 écrivain
862 359 1029 397 célèbre,
1047 369 1100 394 un
1115 359 1182 394 des
1196 359 1305 394 chefs
1318 359 1376 394 les
1388 359 1477 404 plus
1490 359 1697 404 fougueux

343 404 394 438 du
415 403 703 446 Romantisme,
723 414 852 438 connu
873 414 964 438 sous
982 403 1040 438 les
1071 403 1361 449 pseudonymes
1392 403 1439 439 de
1468 403 1630 439 Stendhal
1657 404 1697 437 et

342 448 389 483 de
408 449 560 490 Durand,
581 447 629 482 né
650 448 672 482 à
690 448 901 483 Grenoble.
920 468 963 473 —
981 447 1024 482 L.
1046 459 1080 482 a.
1102 447 1176 493 sig.
1196 449 1338 482 Durand
1347 475 1355 490 ,
1375 451 1396 483 2
1416 457 1452 493 p.
1474 447 1563 482 in-8.
1610 450 1632 483 2
1654 450 1698 482 50

232 495 319 528 4326
342 493 538 528 Blanche
571 493 626 526 de
664 492 950 534 Montferrat,
983 492 1174 527 duchesse
1206 491 1253 526 de
1285 491 1441 533 Savoie,
1473 491 1616 526 femme
1650 491 1696 525 de

345 536 506 571 Charles
526 536 541 571 I
545 542 572 558 er
577 563 585 579 ,
607 535 666 571 dit
686 538 714 571 le
732 538 900 572 Guerrier.
921 556 964 562 —
982 536 1026 571 L.
1047 546 1078 571 s.
1107 546 1156 570 au
1189 536 1265 571 duc
1296 535 1342 570 de
1375 536 1500 570 Milan
1514 548 1522 579 ;
1554 535 1695 577 Turin,

347 582 386 615 16
409 579 520 625 janv.
548 581 657 624 (vers
679 581 799 625 1495),
834 582 895 623 1/2
925 591 961 625 p.
994 580 1087 623 in-4,
1120 580 1260 615 cachet
1291 581 1314 614 à
1344 590 1405 615 ses
1437 590 1577 615 armes.
1614 583 1636 614 B
1639 581 1699 614 elle

341 626 444 669 pièce.
1610 626 1632 659 6
1678 636 1695 656 »

391 670 452 699 Elle
470 678 502 699 se
517 669 582 699 loue
601 669 635 699 de
649 668 850 706 l'intelligence
868 671 896 699 et
913 669 951 699 du
968 668 1028 699 zèle
1046 669 1083 699 de
1098 676 1208 699 messer
1227 669 1442 707 Chrislophoro
1458 668 1494 700 de
1507 668 1612 706 Bulla,
1635 676 1697 698 am¬

350 708 509 738 bassadeur
528 708 565 738 du
584 708 639 738 duc
656 708 673 738 à
692 708 794 744 Turin,
812 711 840 738 et
852 708 899 745 qui
915 708 976 738 s'en
996 710 1134 738 retourne
1151 708 1168 737 à
1183 707 1284 740 Milan.

234 747 321 782 4327
344 747 570 787 Boïeldieu
589 746 782 790 (F.-Ad.),
803 746 957 781 célèbre
976 746 1259 790 compositeur,
1280 747 1427 781 auteur
1457 745 1504 780 de
1536 747 1569 779 la
1596 748 1699 781 Dame

342 791 486 826 Blanche
488 817 497 833 ,
518 790 567 825 né
587 791 610 825 à
627 791 782 825 Rouen.
802 810 845 816 —
863 790 906 826 L.
927 801 961 826 a.
983 801 1013 825 s.
1035 790 1057 824 à
1075 793 1212 835 Roger
1230 791 1277 826 de
1295 789 1509 833 Beauvoir,
1536 792 1557 824 2
1575 800 1612 835 p.
1637 791 1699 833 1/4

346 834 438 869 in-8.
1610 836 1631 869 3
1679 847 1695 866 »

391 879 522 909 Relative
538 880 553 909 à
570 887 603 909 sa
619 881 731 909 cantate
750 879 765 909 b
788 878 1179 917 Notre-Dame-îles-Arts,
1197 880 1267 910 dont
1284 880 1382 917 Roger
1398 880 1432 910 de
1449 879 1593 909 Beauvoir
1616 887 1632 908 a
1652 879 1701 909 fait

352 919 392 948 les
412 918 537 956 paroles.

234 958 320 992 4328
344 957 515 1000 Bonald
534 957 590 1000 (le
610 955 781 990 vicomte
803 956 887 1001 de),
907 955 1063 990 célèbre
1084 955 1297 999 publiciste
1319 954 1631 998 ultramontain,
1653 955 1699 990 de

345 1000 490 1035 l’Acad.
513 1000 577 1042 fr.,
599 1000 645 1034 né
666 999 762 1034 dans
783 1000 1008 1045 l’Aveyron.
1028 1019 1070 1024 —
1086 999 1132 1034 L.
1154 1011 1187 1035 a.
1209 1000 1284 1045 sig.
1305 1000 1368 1043 B.,
1390 1000 1413 1034 à
1443 1001 1494 1035 M.
1529 1000 1699 1042 Briatte,

345 1043 617 1079 référendaire
646 1044 668 1078 à
695 1044 735 1079 la
763 1044 868 1079 Cour
899 1044 966 1079 des
997 1044 1194 1089 Comptes,
1216 1045 1278 1088 (29
1303 1043 1416 1089 janv.
1448 1045 1557 1089 1815),
1581 1045 1643 1087 1/2
1664 1054 1700 1090 p.

347 1089 439 1124 in-8.
1614 1090 1635 1123 6
1683 1101 1699 1120 »

394 1133 534 1164 Curieuse
552 1132 645 1169 épitre
661 1133 781 1163 relative
795 1133 810 1162 b
823 1140 879 1163 une
892 1133 975 1163 lettre
985 1133 1074 1164 écrite
1087 1140 1140 1170 par
1153 1133 1242 1164 Louis
1256 1133 1434 1171 Bonaparte,
1443 1134 1485 1164 roi
1500 1133 1535 1163 de
1548 1133 1706 1170 Hollande,

354 1173 369 1202 b
387 1173 423 1201 M.
445 1173 480 1202 de
499 1172 620 1207 Bonald,
641 1179 676 1201 en
697 1172 781 1206 1810,
801 1180 876 1210 pour
896 1172 934 1202 lui
955 1179 1098 1210 proposer
1123 1172 1150 1201 la
1174 1172 1256 1209 place
1274 1173 1309 1202 de
1331 1180 1517 1210 gouverneur
1534 1173 1569 1202 de
1587 1180 1641 1202 son
1659 1173 1705 1202 tils

355 1211 431 1247 ainé,
449 1214 478 1241 et
496 1211 627 1249 produite
646 1218 698 1246 par
713 1212 750 1242 M.
765 1211 880 1248 Tripier
901 1212 974 1241 dans
990 1211 1015 1240 le
1032 1211 1135 1249 procès
1151 1213 1233 1241 entre
1248 1211 1335 1241 Louis
1354 1215 1380 1241 et
1399 1212 1426 1241 la
1442 1213 1523 1242 reine
1543 1211 1700 1242 Hortense.

237 1251 324 1284 4329
347 1251 408 1284 Le
426 1250 582 1284 même.
591 1269 634 1274 —
644 1249 687 1283 L.
701 1260 734 1283 a.
747 1258 777 1284 s.
791 1259 839 1284 au
853 1249 978 1284 baron
989 1249 1035 1284 de
1050 1249 1255 1293 Tremont,
1270 1250 1400 1295 préfet
1414 1251 1461 1285 de
1476 1249 1703 1294 l’Aveyron,

347 1296 368 1328 6
381 1292 492 1338 janv.
517 1296 613 1336 1812,
633 1295 655 1328 2
673 1303 709 1338 p.
730 1293 827 1328 in-4.
1616 1296 1637 1329 5
1684 1307 1701 1325 »

393 1340 431 1369 Le
450 1339 546 1368 décret
566 1346 616 1368 sur
636 1339 660 1367 la
679 1338 873 1375 conscription
893 1340 937 1368 est
950 1337 1047 1375 publié
1065 1339 1093 1368 et
1112 1338 1130 1367 il
1149 1338 1224 1368 croit
1239 1346 1295 1376 que,
1311 1347 1344 1369 ce
1362 1339 1438 1370 n’est
1463 1347 1517 1377 pas
1539 1341 1602 1369 tout
1619 1339 1636 1368 b
1655 1339 1707 1369 fait

355 1384 410 1407 une
428 1385 529 1407 cevure
541 1377 576 1407 de
592 1377 712 1407 charité.
736 1388 747 1403 «
766 1377 886 1408 Comme
908 1377 951 1407 les
973 1376 1080 1407 années
1098 1384 1133 1406 ne
1158 1380 1223 1407 sont
1247 1385 1300 1415 pas
1322 1381 1389 1416 trop
1414 1378 1537 1414 bonnes,
1560 1378 1653 1411 dit-il.
1678 1378 1706 1416 je

355 1417 432 1446 crois
450 1424 506 1454 que
521 1416 630 1454 l’usage
646 1416 681 1446 de
694 1416 842 1447 souhaiter
857 1418 883 1446 la
902 1416 996 1446 bonne,
1014 1416 1106 1446 année
1120 1424 1151 1446 se
1169 1417 1239 1453 perd
1258 1418 1504 1448 insensiblement.
1527 1417 1548 1447 Il
1568 1418 1646 1447 avait
1662 1417 1707 1447 été

354 1455 439 1485 établi
460 1459 533 1486 dans
550 1456 602 1485 des
618 1458 713 1493 temps
732 1456 796 1492 plus
813 1456 957 1491 heureux,
983 1455 1019 1485 où
1035 1455 1093 1484 l’on
1113 1463 1147 1485 ne
1167 1456 1285 1492 pouvait
1302 1465 1334 1487 se
1357 1456 1468 1487 désirer
1489 1456 1707 1487 mutuellement

356 1502 411 1531 que
431 1495 456 1525 la
476 1495 677 1525 conservation
697 1495 734 1525 du
755 1494 886 1525 bonheur
899 1495 967 1525 dont
986 1502 1022 1524 on
1039 1494 1228 1532 jouissait...
1254 1507 1267 1521 »

238 1534 325 1569 4330
346 1534 613 1577 Bonaparte,
638 1535 650 1567 1
656 1539 684 1555 er
703 1533 861 1568 Consul.
883 1553 924 1558 —
944 1533 1091 1567 Brevet
1109 1532 1183 1578 sig.
1205 1543 1275 1568 sur
1292 1533 1416 1576 vélin,
1438 1544 1532 1569 avec
1547 1534 1586 1569 la
1599 1533 1704 1568 belle

349 1577 530 1622 vignette
551 1577 597 1612 de
616 1578 763 1623 Roger,
785 1588 834 1612 an
853 1577 921 1620 XI,
942 1576 1086 1612 double
1107 1576 1216 1612 in-f°.
1621 1580 1642 1613 3
1688 1590 1705 1610 »

240 1629 321 1662 4331
351 1629 606 1671 Bonaparte
627 1627 822 1672 (Joseph),
843 1627 903 1662 roi
924 1627 1156 1672 d’Espagne.
1177 1647 1220 1652 —
1239 1627 1280 1661 L.
1304 1638 1338 1662 a.
1359 1627 1434 1673 sig.
1455 1629 1572 1672 Joseph
1577 1639 1585 1671 ,
1604 1631 1712 1662 comte

349 1672 390 1706 de
407 1673 624 1716 Survilliers;
644 1671 964 1709 Pointe-Breese,
989 1674 1085 1714 1820,
1110 1673 1122 1706 1
1146 1681 1182 1716 p.
1204 1671 1298 1706 in-4.
1619 1674 1640 1706 4
1688 1685 1704 1704 »

241 1723 329 1757 4332
352 1722 525 1765 Bonnet
562 1721 693 1765 (Ch.),
731 1721 886 1756 célèbre
924 1720 1166 1756 naturaliste
1203 1721 1451 1766 philosophe.
1472 1741 1514 1747 —
1533 1721 1576 1757 L.
1615 1733 1645 1757 s.
1688 1722 1710 1756 à

351 1765 403 1800 M.
427 1766 596 1811 Strange
633 1765 936 1811 (naturaliste);
963 1764 1168 1808 Genthod,
1193 1768 1232 1801 13
1252 1765 1335 1800 déc.
1360 1768 1461 1808 1773,
1493 1769 1513 1802 3
1544 1776 1580 1811 p.
1615 1766 1708 1808 in-4,

353 1809 504 1845 cachet.
1620 1813 1641 1845 8
1690 1823 1706 1842 »

397 1855 590 1885 Intéressante
599 1855 703 1893 épitre,
713 1855 833 1885 relative
845 1855 861 1884 b
874 1854 1015 1885 l’histoire
1036 1854 1191 1891 naturelle,
1208 1857 1236 1885 et
1245 1862 1262 1884 a
1279 1855 1305 1885 la
1322 1857 1400 1885 mort
1414 1855 1450 1885 de
1466 1863 1521 1885 son
1535 1855 1707 1894 beau-père,

356 1893 405 1930 qui
424 1901 439 1923 a
458 1894 576 1925 inst.tué
587 1902 620 1925 sa
639 1894 743 1924 femme
762 1901 815 1924 son
831 1893 987 1924 exécuteur
1005 1894 1235 1930 testamentaire,
1252 1895 1280 1923 et
1295 1894 1356 1923 leur
1373 1902 1389 1923 a
1407 1893 1495 1924 laissé
1526 1895 1550 1925 le
1577 1895 1711 1925 domaine

359 1933 394 1962 de
411 1933 556 1964 Genthod.

246 1978 329 2012 4333
352 1977 529 2021 Bouilly
559 1976 719 2021 (J.-N.),
746 1976 902 2011 célèbre
931 1977 1099 2011 conteur
1127 1977 1167 2011 et
1199 1977 1346 2011 auteur
1373 1976 1640 2022 dramatique.
1667 1997 1709 2002 —

352 2021 395 2055 L.
415 2032 449 2055 a.
471 2031 500 2056 s.
522 2021 544 2055 à
563 2031 616 2055 un
631 2020 889 2067 journaliste,
914 2023 1009 2063 1828,
1034 2023 1046 2055 1
1069 2031 1106 2066 p.
1127 2020 1220 2055 in-8.
1626 2024 1638 2056 1
1666 2025 1710 2056 50

241 2072 328 2106 4334
351 2071 603 2115 Boulanger
622 2070 801 2115 (Louis),
823 2071 979 2116 peintre
1000 2071 1147 2114 d’hist.,
1170 2081 1223 2105 un
1245 2070 1313 2105 des
1332 2070 1421 2114 plus
1442 2069 1641 2106 éminents
1663 2072 1710 2106 de

352 2114 489 2150 l’école
509 2115 776 2161 romantique.
795 2135 838 2140 —
856 2115 900 2150 L.
921 2126 956 2150 a.
976 2125 1006 2150 s.
1033 2116 1056 2149 à
1079 2115 1132 2150 M.
1160 2115 1309 2150 Ansart
1337 2114 1577 2160 d’Aubigny,
1612 2118 1710 2158 1845,

351 2161 373 2194 2
392 2169 428 2204 p.
449 2159 546 2194 in-8.
1628 2162 1640 2194 1
1669 2163 1712 2195 50

242 2209 329 2244 4335
353 2209 594 2253 Bourbotte
625 2209 828 2254 (Pierre),
861 2208 1170 2244 conventionnel
1208 2208 1474 2253 montagnard
1516 2208 1711 2253 (Yonne),

351 2253 564 2288 défenseur
583 2253 630 2287 de
651 2253 829 2297 Carrier,
862 2253 1080 2288 condamné
1101 2253 1123 2287 à
1142 2254 1247 2288 mort
1278 2263 1379 2298 pour
1410 2263 1454 2287 sa
1483 2253 1710 2297 complicité

352 2297 449 2332 dans
469 2297 508 2332 la
520 2297 691 2342 journée
712 2298 764 2333 du
788 2300 826 2333 13
845 2298 1026 2343 prairial,
1047 2299 1088 2332 et
1108 2297 1324 2342 guillotiné
1344 2297 1458 2342 après
1485 2296 1602 2332 s’ètre
1626 2298 1709 2342 poi¬

354 2341 517 2385 gnardé.
537 2362 581 2367 —
600 2342 642 2377 L.
664 2353 698 2377 a.
718 2353 748 2377 s.
770 2342 792 2376 à
811 2353 871 2377 ses
897 2342 1099 2388 collègues
1129 2341 1176 2376 de
1208 2341 1368 2376 l’armée
1398 2341 1445 2376 de
1475 2341 1639 2377 Sambre
1671 2347 1712 2377 et

352 2389 488 2421 Meuse
504 2399 512 2429 ;
532 2386 692 2429 Trêves,
711 2389 732 2422 9
751 2387 871 2422 fruct.
893 2398 942 2422 an
961 2386 1010 2422 II.
1034 2389 1046 2421 1
1070 2397 1107 2432 p.
1132 2388 1194 2429 1/2
1213 2386 1317 2429 in-f°,
1333 2385 1531 2431 vignette.
1606 2388 1645 2421 10
1692 2399 1708 2419 »

400 2431 530 2462 Relative
548 2440 583 2462 au
597 2432 733 2462 bataillon
756 2433 794 2463 du
815 2433 906 2469 Cher,
925 2435 952 2462 et
970 2441 1006 2462 au
1025 2435 1142 2462 concert
1162 2434 1176 2461 b
1196 2431 1299 2461 établir
1319 2434 1399 2461 entre
1425 2432 1468 2461 les
1494 2431 1714 2469 représentants

360 2478 415 2500 aux
435 2470 565 2501 diverses
581 2471 705 2506 armées,
722 2480 796 2509 pour
814 2480 846 2502 se
863 2471 973 2502 donner
990 2472 1208 2502 mutuellement
1224 2471 1433 2501 connaissance
1454 2471 1490 2501 de
1511 2471 1590 2501 leurs
1608 2471 1712 2508 opéra¬

359 2510 445 2540 tions.

240 2556 327 2591 4336
350 2554 585 2598 Bourrette
600 2554 608 2598 (
620 2554 825 2589 Charlotte
838 2557 967 2598 Renyer
972 2554 996 2598 ),
1010 2554 1154 2589 femme
1167 2554 1189 2588 à
1202 2554 1241 2589 la
1252 2553 1365 2589 mode
1378 2554 1431 2588 du
1446 2564 1544 2589 xvm
1547 2560 1559 2575 e
1573 2553 1713 2596 siècle,

350 2599 464 2643 poète
493 2600 533 2634 et
563 2600 710 2634 auteur
739 2599 923 2642 dramat.,
954 2598 1206 2634 surnommée
1238 2600 1272 2633 la
1302 2601 1393 2633 Muse
1419 2599 1649 2633 limonadière.
1668 2618 1712 2624 —
