1793 3007
788 192 831 230 -
865 192 908 230 13
939 214 982 220 -

156 289 244 323 4383
267 289 335 323 Du
358 290 479 333 Bary
498 289 549 333 (la
567 292 785 334 comtesse),
806 290 981 326 fameuse
1003 290 1211 327 maîtresse
1232 291 1278 325 de
1315 291 1435 326 Louis
1455 291 1539 326 XV.
1578 311 1619 317 —

267 332 391 367 Billet
410 333 505 378 sig.,
531 337 541 368 1
566 345 603 380 p.
624 334 721 369 in-8.
741 336 826 369 Jolie
840 337 944 378 pièce.
1537 337 1576 370 15
1602 348 1618 367 »

157 378 244 411 4384
267 378 335 411 Du
353 378 511 422 Bellay
530 379 578 422 (le
599 378 778 413 cardinal
804 378 930 422 Jean),
951 379 1110 415 illustre
1137 379 1277 430 prélat,
1300 379 1581 415 ambassadeur
1601 380 1622 414 à

268 421 407 464 Rome,
428 424 659 467 protecteur
679 423 725 457 de
744 423 945 458 Rabelais.
978 444 1019 448 —
1049 424 1093 459 L.
1126 435 1216 469 sig.,
1238 434 1331 459 avec
1352 424 1390 459 la
1408 423 1621 470 souscript.

270 467 311 500 et
329 468 350 500 2
369 465 499 511 lignes
520 469 617 510 aut.,
639 478 688 502 au
709 466 769 501 roi
790 467 927 511 (Henri
947 468 994 513 II)
1007 481 1015 512 ;
1041 469 1179 511 Rome,
1212 470 1251 503 16
1278 470 1378 513 sept.
1411 471 1507 511 1548,
1536 471 1557 503 2
1585 479 1621 514 p.

270 509 377 552 in-f.,
399 513 507 546 trace
528 511 575 546 de
595 511 745 546 cachet.
1517 515 1557 547 10
1605 526 1621 544 »

337 555 413 586 Belle
437 557 515 593 pièce
533 557 683 595 politique,
704 563 738 586 on
757 556 849 594 partie
866 564 899 586 on
920 557 1047 593 chiffres,
1067 561 1240 588 concernant
1262 556 1371 587 Octave
1387 557 1513 588 Farnèse
1528 561 1556 587 et
1571 566 1622 588 son

276 594 370 624 duché
388 595 423 625 do
443 594 603 631 Plaisance,
623 597 693 626 dont
709 596 937 632 (’.harlcs-Quint
955 596 1023 626 s’est
1039 596 1157 634 emparé
1169 600 1196 626 et
1213 596 1280 633 qu'il
1296 604 1331 626 ne
1344 599 1411 627 veut
1431 597 1495 634 plus
1507 597 1622 627 rendre.

160 633 247 667 4385
270 633 464 678 Dufaure
478 634 552 679 (J.),
568 633 724 669 célèbre
736 635 876 668 avocat
890 636 930 668 et
943 634 1099 668 homme
1115 634 1248 678 d’état,
1262 634 1308 669 de
1320 634 1466 670 l’Acad.
1483 635 1623 670 Franc.

271 696 313 701 —
326 676 369 711 L.
390 688 423 712 a.
440 688 484 720 s.,
509 681 606 721 1839,
630 681 643 712 1
673 688 709 723 p.
731 677 828 712 in-8.
1538 682 1559 714 2
1605 691 1623 712 ’»

161 721 248 755 4386
271 722 439 765 Dumas
459 723 610 766 (Alex.),
630 722 666 757 le
689 721 813 767 grand
835 721 1072 756 romancier.
1111 742 1152 747 —
1179 722 1409 757 Touchante
1438 722 1548 768 pièce
1578 724 1625 758 de

271 775 375 807 vers,
397 769 533 810 autog.
549 766 640 812 sig.,
661 776 731 801 sur
750 766 789 800 la
809 768 914 800 mort
934 766 1025 801 d’un
1046 767 1199 809 enfant,
1220 770 1289 812 2p.
1312 767 1408 803 in-8.
1539 771 1561 803 2
1607 780 1625 799 »

161 811 246 844 4387
271 811 439 854 Dumas
478 811 599 854 (J.-B.
614 810 648 855 ),
686 812 827 845 savant
868 810 1051 846 chimiste
1091 811 1389 857 contemporain
1422 838 1430 853 ,
1469 811 1626 846 homme

295 853 430 896 d’état,
451 854 499 890 né
520 854 674 892 àAlais.—L.
788 865 822 888 a.
835 864 864 889 s.
879 855 900 888 à
918 855 1014 890 Ach.
1034 855 1183 898 Comte,
1206 858 1267 898 1/2
1286 866 1321 900 p.
1338 855 1427 891 in-f.
1441 856 1626 891 Relative

252 898 274 932 à
292 899 331 933 la
349 898 598 942 publication
619 899 687 934 des
706 909 862 933 œuvres
884 898 932 934 de
953 899 1169 935 Lavoisier.
1541 903 1561 936 2
1609 913 1626 932 »

162 943 249 978 4388
273 944 705 987 Dumont-d’Urville
736 943 944 988 (l’amiral),
977 943 1137 979 illustre
1166 945 1207 979 et
1227 944 1432 979 infortuné
1464 945 1628 990 naviga¬

274 990 378 1029 teur,
400 987 448 1021 né
470 988 491 1022 à
510 987 942 1023 Condé-sur-Noireau.
958 988 1053 1023 —L.
1070 999 1104 1023 a.
1126 999 1155 1024 s.
1177 988 1210 1032 (à
1230 988 1496 1031 Lamouroux,
1518 989 1627 1025 bota¬

275 1031 391 1075 niste)
405 1044 413 1075 ;
429 1032 597 1071 Toulon.
625 1035 662 1067 21
687 1042 792 1067 mars
816 1034 911 1074 1819,
936 1035 947 1066 1
973 1043 1008 1078 p.
1031 1033 1082 1078 pl.
1105 1032 1197 1068 in-4.
1540 1036 1561 1068 6
1609 1047 1626 1064 »

320 1076 450 1107 Relative
466 1085 482 1107 a
499 1078 527 1107 la
547 1077 702 1115 botanique
723 1080 749 1107 et
769 1079 784 1107 à
804 1084 855 1107 son
873 1077 977 1116 départ
998 1086 1072 1116 pour
1088 1077 1273 1116 l’expédition
1295 1077 1474 1116 scientifique
1495 1078 1531 1108 de
1550 1079 1557 1108 1
1572 1080 1627 1108 Ar¬

277 1116 384 1154 chipel.
401 1127 413 1142 «
435 1117 524 1147 Notre
539 1116 712 1148 destination
731 1116 805 1146 dans
820 1116 845 1146 le
860 1118 979 1151 Levant,
999 1116 1087 1152 dit-il,
1108 1121 1155 1147 est
1172 1118 1208 1147 de
1229 1116 1355 1148 rectifier
1382 1117 1407 1147 la
1435 1117 1558 1156 position
1579 1119 1630 1148 des

280 1156 359 1186 côtes
373 1162 427 1192 par
443 1156 493 1186 des
512 1156 714 1187 observations
733 1156 1019 1193 agronomiques...
1046 1157 1125 1186 Vous
1150 1164 1261 1194 pouvez
1280 1155 1342 1186 bien
1363 1164 1468 1194 penser
1494 1164 1549 1194 que
1569 1160 1631 1188 tout

280 1195 305 1224 le
318 1197 414 1231 temps
430 1202 485 1232 que
501 1195 529 1232 je
550 1196 668 1233 pourrai
684 1194 809 1225 dérober
829 1196 844 1224 à
863 1194 973 1225 Uranie
991 1203 1058 1225 sera
1076 1196 1214 1225 consacré
1232 1197 1248 1224 il
1267 1196 1405 1225 Flore...
1417 1207 1428 1222 »

165 1235 252 1270 4389
276 1233 408 1277 Elgin
439 1233 537 1277 (lord
559 1233 657 1276 Th.),
684 1232 912 1278 antiquaire
942 1232 1110 1279 anglais,
1145 1234 1304 1268 fameux
1341 1244 1411 1278 par
1443 1233 1630 1268 l’enlève¬

277 1279 388 1312 ment
408 1277 475 1313 des
497 1278 721 1312 bas-reliefs
741 1277 793 1312 du
820 1277 1064 1312 Parthénon.
1086 1298 1127 1303 —
1147 1278 1190 1313 L.
1212 1289 1245 1313 a.
1267 1288 1312 1321 s.,
1333 1289 1380 1312 en
1403 1278 1589 1326 français,
1610 1279 1632 1313 à

277 1321 389 1357 Alex.
410 1322 659 1365 Vattemare;
681 1322 871 1365 Londres,
892 1324 935 1357 26
955 1332 1059 1365 nov.,
1074 1325 1095 1357 2
1114 1333 1149 1368 p.
1172 1315 1263 1357 in-8.
1544 1326 1565 1358 5
1613 1337 1629 1355 »

323 1367 365 1397 Un
370 1368 465 1399 rieuse
483 1369 567 1399 lettre
598 1368 719 1398 relative
735 1370 748 1396 ii
781 1369 808 1398 la
840 1369 986 1406 réception
1017 1369 1051 1399 de
1073 1369 1240 1400 Vattemare
1269 1376 1322 1406 par
1352 1367 1377 1398 le
1396 1367 1513 1406 général
1545 1370 1630 1403 Uass,

285 1407 494 1438 ambassadeur
512 1408 563 1438 des
581 1406 764 1439 F.tats-Unis.

166 1447 253 1483 4390
277 1447 440 1487 Ernest
459 1445 714 1489 (l’archiduc),
748 1455 1004 1490 gouverneur
1038 1446 1105 1481 des
1144 1445 1357 1491 Pays-Bas,
1395 1445 1504 1480 élevé
1542 1446 1564 1480 à
1595 1446 1633 1481 la

278 1500 375 1524 cour
394 1489 441 1524 de
462 1490 648 1535 Philippe
668 1490 716 1525 II.
738 1510 779 1515 —
801 1490 842 1524 L.
864 1500 898 1524 a.
921 1500 966 1532 s.,
988 1501 1037 1525 en
1057 1490 1260 1536 espagnol,
1276 1490 1298 1523 à
1311 1490 1350 1524 la
1369 1490 1479 1525 reine
1495 1490 1633 1526 Cathe¬

280 1534 368 1569 rine
390 1534 436 1568 de
457 1534 642 1578 Médicis;
664 1534 835 1577 Madrid,
856 1536 877 1569 3
897 1535 974 1569 mai
996 1535 1119 1579 (1569),
1143 1536 1204 1577 1/2
1234 1545 1269 1580 p.
1299 1534 1400 1576 in-f.,
1430 1534 1633 1580 fragment

280 1579 327 1613 de
348 1580 498 1615 cachet.
519 1582 617 1614 Mare.
1546 1582 1567 1613 6
1615 1592 1630 1611 »

325 1624 455 1655 Relative
473 1626 489 1654 à
508 1625 533 1654 la
548 1627 625 1655 mort
644 1624 678 1653 de
698 1624 722 1652 lu
736 1623 815 1653 reine
830 1623 995 1662 d’Espagne
1011 1623 1167 1663 (Elisabeth
1186 1624 1220 1653 île
1237 1624 1361 1655 France,
1379 1623 1433 1653 tille
1450 1624 1486 1654 de
1505 1624 1592 1654 Henri
1610 1625 1631 1654 11

284 1665 313 1694 et
327 1664 362 1694 de
380 1663 536 1695 Catherine
558 1666 592 1692 de
611 1662 739 1699 Médicis,
760 1663 908 1693 troisième
927 1664 1032 1694 femme
1044 1665 1080 1694 de
1099 1659 1231 1701 Philippe
1249 1664 1293 1699 11).
1316 1674 1327 1686 «
1351 1663 1382 1692 .le
1405 1663 1632 1700 l’aimais,dit-il,

285 1709 397 1733 comme
418 1710 472 1733 une
493 1703 634 1733 véritable,
648 1702 738 1732 mère.
757 1714 770 1729 »
793 1702 813 1732 11
831 1702 892 1732 fera
912 1710 943 1732 ce
965 1710 1020 1740 que
1038 1702 1064 1732 la
1084 1702 1162 1732 reine
1181 1702 1291 1733 voudra
1308 1701 1373 1731 bien
1392 1702 1429 1732 lui
1444 1703 1564 1733 mander
1582 1710 1635 1741 par

286 1742 313 1773 le
325 1742 407 1772 canal
420 1743 457 1773 du
471 1743 598 1773 cardinal
618 1742 652 1772 de
671 1741 770 1772 Cuise.

169 1787 251 1822 4391
279 1787 461 1830 Estrées
482 1785 697 1830 (Gabrielle
718 1784 779 1830 d’),
800 1784 992 1820 duchesse
1009 1785 1055 1819 de
1075 1785 1279 1826 Beaufort,
1302 1785 1340 1820 la
1359 1784 1514 1820 célèbre
1536 1784 1638 1820 maî¬

279 1832 406 1865 tresse
419 1825 473 1865 'de
493 1830 619 1865 Henri
639 1829 704 1865 IV.
725 1849 767 1854 —
787 1829 897 1864 Belle
919 1829 1028 1874 pièce
1048 1832 1070 1865 2
1088 1829 1163 1864 fois
1183 1829 1257 1874 sig.
1269 1841 1278 1873 ;
1310 1829 1437 1872 Paris,
1475 1832 1514 1865 31
1549 1830 1632 1865 déc.

283 1877 381 1917 1598,
404 1877 416 1909 1
441 1885 477 1920 p.
502 1876 564 1918 1/4
583 1874 671 1909 in-f.
1524 1877 1567 1910 40
1615 1888 1631 1906 »

326 1921 483 1950 Indemnité
502 1921 538 1950 de
567 1920 679 1957 48,000
699 1919 787 1949 livres
817 1919 929 1949 donnée
949 1927 1001 1957 par
1032 1919 1177 1949 Gabrielle
1210 1917 1358 1948 d’Estrées
1382 1920 1398 1950 b
1431 1920 1465 1950 N.
1488 1919 1523 1950 de
1553 1919 1636 1950 Mail¬

285 1958 384 1990 lerais.

170 2003 257 2039 4392
281 2003 463 2044 Estrées
483 2002 531 2044 (le
553 2002 659 2037 card.
682 2003 801 2038 César
821 2001 881 2046 d’),
903 2001 1051 2046 évêque
1073 2001 1119 2036 de
1145 2001 1265 2044 Laon,
1287 2001 1568 2037 ambassadeur
1588 2001 1635 2036 de

283 2047 403 2082 Louis
433 2046 525 2081 XIV
561 2047 583 2081 à
613 2048 752 2089 Rome,
786 2056 840 2080 un
860 2046 928 2080 des
948 2048 1113 2081 auteurs
1139 2046 1186 2080 de
1202 2046 1240 2081 la
1254 2047 1439 2081 Guirlande
1456 2048 1496 2081 de
1525 2048 1630 2089 Julie,

283 2091 427 2126 memb.
451 2091 498 2125 de
519 2091 665 2126 l’Acad.
688 2092 814 2126 franc.
835 2111 876 2115 —
900 2090 943 2125 L.
965 2101 999 2126 a.
1026 2101 1056 2125 s.
1089 2090 1124 2132 (à
1147 2090 1501 2133 Marie-Casimire,
1523 2091 1635 2125 reine

283 2136 330 2171 de
351 2136 560 2181 Pologne);
582 2127 914 2176 Fontainebleau,
939 2138 977 2170 12
1007 2136 1083 2170 oct.
1109 2137 1205 2176 1699,
1225 2136 1245 2169 4
1277 2145 1312 2179 p.
1334 2135 1386 2180 pl.
1420 2134 1517 2170 in-4.
1556 2137 1593 2169 12
1617 2148 1634 2165 »

330 2181 406 2211 Belle
427 2184 454 2210 et
471 2181 665 2211 intéressante
694 2181 787 2219 épilre
806 2181 929 2212 relative,
958 2181 972 2210 à
1005 2180 1060 2210 l’or
1072 2181 1112 2211 Ire
1147 2180 1184 2210 du
1205 2180 1404 2218 Saint-Esprit
1432 2179 1556 2211 accordé
1584 2188 1637 2218 par

291 2221 378 2251 Louis
397 2220 460 2251 XIV
478 2228 534 2250 aux
552 2221 667 2258 princes
686 2220 729 2250 fils
747 2221 783 2251 de
802 2219 1061 2250 Marie-Casimire.

173 2266 259 2300 4393
283 2266 462 2308 Eugène
487 2265 542 2298 de
578 2265 739 2308 Savoie
776 2264 823 2308 (le
845 2263 1009 2308 prince),
1031 2262 1192 2297 illustre
1231 2262 1531 2308 généralissime
1569 2262 1637 2297 des

283 2308 436 2343 armées
457 2308 791 2353 impériales.—L.
807 2319 852 2350 s.,
873 2318 922 2342 en
944 2307 1100 2351 italien,
1121 2308 1143 2341 à
1160 2306 1443 2351 Piccolomini;
1464 2307 1635 2349 Vienne,

287 2356 384 2396 1727,
410 2355 420 2387 1
444 2363 480 2398 p.
503 2353 591 2388 in-f.
611 2354 700 2387 Belle
710 2355 811 2397 pièce.
1549 2354 1570 2386 3
1618 2364 1634 2382 »

173 2404 260 2439 4394
283 2403 515 2446 Fabricius
541 2402 645 2447 (Fr.),
677 2402 832 2437 célèbre
864 2401 1098 2447 théologien
1126 2400 1365 2444 hollandais,
1405 2403 1565 2436 recteur
1590 2400 1636 2435 de

285 2447 523 2482 l’Académie
544 2447 590 2481 de
611 2446 756 2498 Leyde.
777 2466 819 2472 —
839 2446 882 2481 L.
905 2457 938 2481 a.
960 2456 1006 2489 s.,
1027 2457 1076 2480 en
1097 2446 1213 2489 latin,
1235 2446 1376 2481 àGluil,
1401 2445 1448 2480 de
1475 2445 1636 2490 Water;

284 2491 429 2537 Leyde,
455 2493 551 2535 1736,
571 2494 592 2527 4
612 2502 647 2537 p.
670 2493 762 2526 in-4.
1551 2492 1572 2524 2
1619 2503 1636 2521 »

171 2543 259 2577 4395
282 2542 477 2585 Farnèse
497 2541 758 2585 (Alexandre),
782 2540 906 2586 grand
936 2540 1150 2586 capitaine,
1172 2540 1248 2575 duc
1284 2540 1331 2574 de
1362 2539 1516 2581 Parme,
1539 2549 1637 2584 gou¬

279 2596 454 2620 verneur
473 2585 541 2621 des
561 2586 771 2630 Pays-Bas,
799 2596 851 2620 un
889 2585 957 2620 des
993 2585 1238 2630 vainqueurs
1264 2584 1310 2619 de
1347 2583 1535 2627 Lépante,
1568 2584 1634 2628 qui

278 2630 416 2666 chassa
435 2630 472 2665 le
493 2630 569 2666 duc
589 2623 757 2675 d'Anjou
780 2630 827 2665 de
853 2630 892 2665 la
907 2630 1080 2666 Flandre
1101 2632 1141 2666 et
1159 2630 1205 2665 fit
1226 2629 1335 2664 lever
1354 2629 1376 2664 à
1388 2626 1515 2668 Henri
1527 2626 1580 2664 IV
1602 2628 1637 2664 le
