<?xml version="1.0" encoding="UTF-8" standalone="yes"?>
<PcGts xmlns="http://schema.primaresearch.org/PAGE/gts/pagecontent/2013-07-15" xmlns:xsi="http://www.w3.org/2001/XMLSchema-instance" xsi:schemaLocation="http://schema.primaresearch.org/PAGE/gts/pagecontent/2013-07-15 http://schema.primaresearch.org/PAGE/gts/pagecontent/2013-07-15/pagecontent.xsd">
    <Metadata>
        <Creator></Creator>
        <Created>2018-04-27T11:50:32.901+02:00</Created>
        <LastChange>2018-09-28T19:56:33.297+02:00</LastChange>
        <Comments>
                Measurement unit: pixel
                PrimaryLanguage: English
                Language: FrenchStandard
                Producer: ABBYY FineReader Engine 11</Comments>
        <TranskribusMetadata docId="164153" pageId="6045752" pageNr="65" tsid="10277845" status="DONE" userId="10612" imgUrl="https://files.transkribus.eu/Get?id=JBVNKTOGFMLMXVCJCVIDFMJW&amp;fileType=view" xmlUrl="https://files.transkribus.eu/Get?id=ESJLPNBVUFPILACMGXJWZQCO" imageId="1316123"/>
    </Metadata>
    <Page imageFilename="2-REV DES AUTO 1868-69 OCR-65.png" imageWidth="1793" imageHeight="3007">
        <PrintSpace>
            <Coords points="104,169 1636,169 1636,2661 104,2661"/>
        </PrintSpace>
        <ReadingOrder>
            <OrderedGroup id="ro_1604139620475" caption="Regions reading order">
                <RegionRefIndexed index="0" regionRef="r_1_1"/>
                <RegionRefIndexed index="1" regionRef="r_2_1"/>
                <RegionRefIndexed index="2" regionRef="r_3_1"/>
                <RegionRefIndexed index="3" regionRef="r_4_1"/>
                <RegionRefIndexed index="4" regionRef="r_6_1"/>
                <RegionRefIndexed index="5" regionRef="r_7_1"/>
                <RegionRefIndexed index="6" regionRef="r_7_2"/>
                <RegionRefIndexed index="7" regionRef="r_7_3"/>
                <RegionRefIndexed index="8" regionRef="r_9_1"/>
                <RegionRefIndexed index="9" regionRef="r_9_2"/>
                <RegionRefIndexed index="10" regionRef="r_10_1"/>
                <RegionRefIndexed index="11" regionRef="r_10_2"/>
                <RegionRefIndexed index="12" regionRef="r_11_1"/>
                <RegionRefIndexed index="13" regionRef="r_12_1"/>
                <RegionRefIndexed index="14" regionRef="r_14_1"/>
                <RegionRefIndexed index="15" regionRef="r_14_2"/>
                <RegionRefIndexed index="16" regionRef="r_14_3"/>
                <RegionRefIndexed index="17" regionRef="r_14_4"/>
            </OrderedGroup>
        </ReadingOrder>
        <TextRegion type="paragraph" id="r_1_1" custom="readingOrder {index:0;}">
            <Coords points="173,185 325,185 325,223 173,223"/>
            <TextLine id="tl_1" primaryLanguage="English" custom="readingOrder {index:0;}">
                <Coords points="174,186 324,186 324,222 174,222"/>
                <Baseline points="174,220 324,220"/>
                <Word id="w_w1aab1b1b2b1b1ab1" language="English" custom="readingOrder {index:0;}">
                    <Coords points="174,186 234,186 234,221 174,221"/>
                    <TextEquiv>
                        <Unicode>No</Unicode>
                    </TextEquiv>
                    <TextStyle fontFamily="Times New Roman" fontSize="8.5"/>
                </Word>
                <Word id="w_w1aab1b1b2b1b1ab7" language="English" custom="readingOrder {index:1;}">
                    <Coords points="258,187 324,187 324,222 258,222"/>
                    <TextEquiv>
                        <Unicode>22.</Unicode>
                    </TextEquiv>
                    <TextStyle fontFamily="Times New Roman" fontSize="8.5"/>
                </Word>
                <TextEquiv>
                    <Unicode>N° 22.</Unicode>
                </TextEquiv>
                <TextStyle fontFamily="Times New Roman" fontSize="8.5"/>
            </TextLine>
            <TextEquiv>
                <Unicode>N° 22.</Unicode>
            </TextEquiv>
        </TextRegion>
        <TextRegion type="paragraph" id="r_2_1" custom="readingOrder {index:1;}">
            <Coords points="1103,186 1515,186 1515,223 1103,223"/>
            <TextLine id="tl_2" primaryLanguage="English" custom="readingOrder {index:0;}">
                <Coords points="1104,187 1514,187 1514,222 1104,222"/>
                <Baseline points="1104,222 1514,222"/>
                <Word id="w_w1aab1b3b2b1b1ab1" language="English" custom="readingOrder {index:0;}">
                    <Coords points="1104,187 1366,187 1366,222 1104,222"/>
                    <TextEquiv>
                        <Unicode>Mai-Juillet</Unicode>
                    </TextEquiv>
                    <TextStyle fontFamily="Times New Roman" fontSize="9.0" bold="true"/>
                </Word>
                <Word id="w_w1aab1b3b2b1b1ac25" language="English" custom="readingOrder {index:1;}">
                    <Coords points="1390,187 1514,187 1514,222 1390,222"/>
                    <TextEquiv>
                        <Unicode>1869.</Unicode>
                    </TextEquiv>
                    <TextStyle fontFamily="Times New Roman" fontSize="9.0" bold="true"/>
                </Word>
                <TextEquiv>
                    <Unicode>Mai-Juillet 1869.</Unicode>
                </TextEquiv>
                <TextStyle fontFamily="Times New Roman" fontSize="9.0" bold="true"/>
            </TextLine>
            <TextEquiv>
                <Unicode>Mai-Juillet 1869.</Unicode>
            </TextEquiv>
        </TextRegion>
        <TextRegion type="paragraph" id="r_3_1" custom="readingOrder {index:2;}">
            <Coords points="604,354 1071,354 1071,422 604,422"/>
            <TextLine id="tl_3" primaryLanguage="English" custom="readingOrder {index:0;}">
                <Coords points="605,355 1070,355 1070,421 605,421"/>
                <Baseline points="605,418 1070,418"/>
                <Word id="w_w1aab1b5b2b1b1ab1" language="English" custom="readingOrder {index:0;}">
                    <Coords points="605,355 1070,355 1070,421 605,421"/>
                    <TextEquiv>
                        <Unicode>REVUE</Unicode>
                    </TextEquiv>
                    <TextStyle fontFamily="Times New Roman" fontSize="16.0" bold="true"/>
                </Word>
                <TextEquiv>
                    <Unicode>REVUE</Unicode>
                </TextEquiv>
                <TextStyle fontFamily="Times New Roman" fontSize="16.0" bold="true"/>
            </TextLine>
            <TextEquiv>
                <Unicode>REVUE</Unicode>
            </TextEquiv>
        </TextRegion>
        <TextRegion type="paragraph" id="r_4_1" custom="readingOrder {index:3;}">
            <Coords points="804,488 874,488 874,516 804,516"/>
            <TextLine id="tl_4" primaryLanguage="English" custom="readingOrder {index:0;}">
                <Coords points="805,489 873,489 873,515 805,515"/>
                <Baseline points="805,515 873,515"/>
                <Word id="w_w1aab1b7b2b1b1ab1" language="English" custom="readingOrder {index:0;}">
                    <Coords points="805,489 873,489 873,515 805,515"/>
                    <TextEquiv>
                        <Unicode>DES</Unicode>
                    </TextEquiv>
                    <TextStyle fontFamily="Times New Roman" fontSize="7.0"/>
                </Word>
                <TextEquiv>
                    <Unicode>DES</Unicode>
                </TextEquiv>
                <TextStyle fontFamily="Times New Roman" fontSize="7.0"/>
            </TextLine>
            <TextEquiv>
                <Unicode>DES</Unicode>
            </TextEquiv>
        </TextRegion>
        <TextRegion type="paragraph" id="r_6_1" custom="readingOrder {index:4;}">
            <Coords points="117,573 1567,573 1567,755 117,755"/>
            <TextLine id="tl_7" primaryLanguage="English" custom="readingOrder {index:0;}">
                <Coords points="118,574 1566,574 1566,754 118,754"/>
                <Baseline points="118,752 1566,752"/>
                <Word id="w_w1aab1c11b2b1b1ab1" language="English" custom="readingOrder {index:0;}">
                    <Coords points="118,574 1566,574 1566,754 118,754"/>
                    <TextEquiv>
                        <Unicode>AUTOGRAPHES</Unicode>
                    </TextEquiv>
                    <TextStyle fontFamily="Times New Roman" fontSize="44.0"/>
                </Word>
                <TextEquiv>
                    <Unicode>AUTOGRAPHES</Unicode>
                </TextEquiv>
                <TextStyle fontFamily="Times New Roman" fontSize="44.0"/>
            </TextLine>
            <TextEquiv>
                <Unicode>AUTOGRAPHES</Unicode>
            </TextEquiv>
        </TextRegion>
        <TextRegion type="paragraph" id="r_7_1" custom="readingOrder {index:5;}">
            <Coords points="291,821 1393,821 1393,880 291,880"/>
            <TextLine id="tl_8" primaryLanguage="English" custom="readingOrder {index:0;}">
                <Coords points="292,822 1392,822 1392,879 292,879"/>
                <Baseline points="292,877 1392,877"/>
                <Word id="w_w1aab1c13b2b1b1ab1" language="English" custom="readingOrder {index:0;}">
                    <Coords points="292,832 367,832 367,877 292,877"/>
                    <TextEquiv>
                        <Unicode>DES</Unicode>
                    </TextEquiv>
                    <TextStyle fontFamily="Times New Roman" fontSize="10.5"/>
                </Word>
                <Word id="w_w1aab1c13b2b1b1ab9" language="English" custom="readingOrder {index:1;}">
                    <Coords points="389,822 626,822 626,877 389,877"/>
                    <TextEquiv>
                        <Unicode>CURIOSITÉS</Unicode>
                    </TextEquiv>
                    <TextStyle fontFamily="Times New Roman" fontSize="10.5"/>
                </Word>
                <Word id="w_w1aab1c13b2b1b1ac31" language="English" custom="readingOrder {index:2;}">
                    <Coords points="655,832 702,832 702,877 655,877"/>
                    <TextEquiv>
                        <Unicode>DE</Unicode>
                    </TextEquiv>
                    <TextStyle fontFamily="Times New Roman" fontSize="10.5"/>
                </Word>
                <Word id="w_w1aab1c13b2b1b1ac37" language="English" custom="readingOrder {index:3;}">
                    <Coords points="725,832 945,832 945,878 725,878"/>
                    <TextEquiv>
                        <Unicode>L’HISTOIRE</Unicode>
                    </TextEquiv>
                    <TextStyle fontFamily="Times New Roman" fontSize="10.5"/>
                </Word>
                <Word id="w_w1aab1c13b2b1b1ac59" language="English" custom="readingOrder {index:4;}">
                    <Coords points="966,835 997,835 997,878 966,878"/>
                    <TextEquiv>
                        <Unicode>&amp;</Unicode>
                    </TextEquiv>
                    <TextStyle fontFamily="Times New Roman" fontSize="10.5"/>
                </Word>
                <Word id="w_w1aab1c13b2b1b1ac63" language="English" custom="readingOrder {index:5;}">
                    <Coords points="1018,833 1064,833 1064,879 1018,879"/>
                    <TextEquiv>
                        <Unicode>DE</Unicode>
                    </TextEquiv>
                    <TextStyle fontFamily="Times New Roman" fontSize="10.5"/>
                </Word>
                <Word id="w_w1aab1c13b2b1b1ac69" language="English" custom="readingOrder {index:6;}">
                    <Coords points="1093,834 1135,834 1135,878 1093,878"/>
                    <TextEquiv>
                        <Unicode>LA</Unicode>
                    </TextEquiv>
                    <TextStyle fontFamily="Times New Roman" fontSize="10.5"/>
                </Word>
                <Word id="w_w1aab1c13b2b1b1ac75" language="English" custom="readingOrder {index:7;}">
                    <Coords points="1158,833 1392,833 1392,878 1158,878"/>
                    <TextEquiv>
                        <Unicode>BIOGRAPHIE</Unicode>
                    </TextEquiv>
                    <TextStyle fontFamily="Times New Roman" fontSize="10.5"/>
                </Word>
                <TextEquiv>
                    <Unicode>DES CURIOSITÉS DE L’HISTOIRE &amp; DE LA BIOGRAPHIE</Unicode>
                </TextEquiv>
                <TextStyle fontFamily="Times New Roman" fontSize="10.5"/>
            </TextLine>
            <TextEquiv>
                <Unicode>DES CURIOSITÉS DE L’HISTOIRE &amp; DE LA BIOGRAPHIE</Unicode>
            </TextEquiv>
        </TextRegion>
        <TextRegion type="paragraph" id="r_7_2" custom="readingOrder {index:6;}">
            <Coords points="145,939 1545,939 1539,985 139,985"/>
            <TextLine id="tl_9" primaryLanguage="English" custom="readingOrder {index:0;}">
                <Coords points="144,941 1542,941 1540,982 142,982"/>
                <Baseline points="142,973 1540,973"/>
                <Word id="w_w1aab1c13b2b3b1ac35" language="English" custom="readingOrder {index:0;}">
                    <Coords points="760,945 903,945 903,976 760,976"/>
                    <TextEquiv>
                        <Unicode>MOIS,</Unicode>
                    </TextEquiv>
                    <TextStyle fontFamily="Times New Roman" fontSize="7.0" bold="true"/>
                </Word>
                <Word id="w_w1aab1c13b2b3b1ac47" language="English" custom="readingOrder {index:1;}">
                    <Coords points="917,944 1054,944 1054,974 917,974"/>
                    <TextEquiv>
                        <Unicode>SOUS</Unicode>
                    </TextEquiv>
                    <TextStyle fontFamily="Times New Roman" fontSize="7.0" bold="true"/>
                </Word>
                <Word id="w_w1aab1c13b2b3b1ac57" language="English" custom="readingOrder {index:2;}">
                    <Coords points="1074,945 1146,945 1146,973 1074,973"/>
                    <TextEquiv>
                        <Unicode>LA</Unicode>
                    </TextEquiv>
                    <TextStyle fontFamily="Times New Roman" fontSize="7.0" bold="true"/>
                </Word>
                <Word id="w_w1aab1c13b2b3b1ac63" language="English" custom="readingOrder {index:3;}">
                    <Coords points="1159,943 1453,943 1453,974 1159,974"/>
                    <TextEquiv>
                        <Unicode>DIRECTION</Unicode>
                    </TextEquiv>
                    <TextStyle fontFamily="Times New Roman" fontSize="7.0" bold="true"/>
                </Word>
                <Word id="w_w1aab1c13b2b3b1ac83" language="English" custom="readingOrder {index:4;}">
                    <Coords points="1474,938 1540,938 1540,971 1474,971"/>
                    <TextEquiv>
                        <Unicode>bE</Unicode>
                    </TextEquiv>
                    <TextStyle fontFamily="Times New Roman" fontSize="7.0" bold="true"/>
                </Word>
                <Word id="word_1538156606421_256" custom="readingOrder {index:5;}">
                    <Coords points="143,942 509,942 509,974 143,974"/>
                    <TextEquiv>
                        <Unicode></Unicode>
                    </TextEquiv>
                </Word>
                <Word id="word_1538156610735_257" custom="readingOrder {index:6;}">
                    <Coords points="520,943 742,943 742,977 520,977"/>
                    <TextEquiv>
                        <Unicode></Unicode>
                    </TextEquiv>
                </Word>
                <TextEquiv>
                    <Unicode>PARAISSANT CHAQUE MOIS, SOUS LA DIRECTION DE</Unicode>
                </TextEquiv>
                <TextStyle fontFamily="Times New Roman" fontSize="7.0" bold="true"/>
            </TextLine>
            <TextEquiv>
                <Unicode>PARAISSANT CHAQUE MOIS, SOUS LA DIRECTION DE</Unicode>
            </TextEquiv>
        </TextRegion>
        <TextRegion type="paragraph" id="r_7_3" custom="readingOrder {index:7;}">
            <Coords points="559,1043 1136,1043 1136,1081 559,1081"/>
            <TextLine id="tl_10" primaryLanguage="English" custom="readingOrder {index:0;}">
                <Coords points="560,1044 1135,1044 1135,1080 560,1080"/>
                <Baseline points="560,1079 1135,1079"/>
                <Word id="w_w1aab1c13b2b5b1ab1" language="English" custom="readingOrder {index:0;}">
                    <Coords points="560,1044 799,1044 799,1079 560,1079"/>
                    <TextEquiv>
                        <Unicode>GABRIEL</Unicode>
                    </TextEquiv>
                    <TextStyle fontFamily="Times New Roman" fontSize="9.0" bold="true"/>
                </Word>
                <Word id="w_w1aab1c13b2b5b1ac17" language="English" custom="readingOrder {index:1;}">
                    <Coords points="830,1044 1135,1044 1135,1080 830,1080"/>
                    <TextEquiv>
                        <Unicode>CHARAVAY</Unicode>
                    </TextEquiv>
                    <TextStyle fontFamily="Times New Roman" fontSize="9.0" bold="true"/>
                </Word>
                <TextEquiv>
                    <Unicode>GABRIEL CHARAVAY</Unicode>
                </TextEquiv>
                <TextStyle fontFamily="Times New Roman" fontSize="9.0" bold="true"/>
            </TextLine>
            <TextEquiv>
                <Unicode>GABRIEL CHARAVAY</Unicode>
            </TextEquiv>
        </TextRegion>
        <TextRegion type="paragraph" id="r_9_1" custom="readingOrder {index:8;}">
            <Coords points="227,1188 707,1188 703,1224 223,1224"/>
            <TextLine id="tl_12" primaryLanguage="English" custom="readingOrder {index:0;}">
                <Coords points="225,1188 703,1189 702,1223 224,1222"/>
                <Baseline points="228,1218 701,1217"/>
                <Word id="w_w1aab1c17b2b1b1ab9" language="English" custom="readingOrder {index:0;}">
                    <Coords points="226,1187 704,1188 701,1222 223,1221"/>
                    <TextEquiv>
                        <Unicode>AJBONNBM^IS'TS</Unicode>
                    </TextEquiv>
                    <TextStyle fontFamily="Times New Roman" fontSize="6.0"/>
                </Word>
                <TextEquiv>
                    <Unicode>ABONNEMENTS:</Unicode>
                </TextEquiv>
                <TextStyle fontFamily="Times New Roman" fontSize="6.0"/>
            </TextLine>
            <TextEquiv>
                <Unicode>ABONNEMENTS:</Unicode>
            </TextEquiv>
        </TextRegion>
        <TextRegion type="paragraph" id="r_9_2" custom="readingOrder {index:9;}">
            <Coords points="148,1245 800,1245 800,1343 148,1343"/>
            <TextLine id="tl_13" primaryLanguage="English" custom="readingOrder {index:0;}">
                <Coords points="149,1246 799,1246 799,1291 149,1291"/>
                <Baseline points="149,1283 799,1283"/>
                <Word id="w_w1aab1c17b2b3b1ab1" language="English" custom="readingOrder {index:0;}">
                    <Coords points="149,1248 314,1248 314,1290 149,1290"/>
                    <TextEquiv>
                        <Unicode>ÿicancei</Unicode>
                    </TextEquiv>
                    <TextStyle fontFamily="Times New Roman" fontSize="7.0"/>
                </Word>
                <Word id="w_w1aab1c17b2b3b1ac19" language="English" custom="readingOrder {index:1;}">
                    <Coords points="329,1254 384,1254 384,1288 329,1288"/>
                    <TextEquiv>
                        <Unicode>Ün</Unicode>
                    </TextEquiv>
                    <TextStyle fontFamily="Times New Roman" fontSize="7.0"/>
                </Word>
                <Word id="w_w1aab1c17b2b3b1ac25" language="English" custom="readingOrder {index:2;}">
                    <Coords points="397,1262 448,1262 448,1285 397,1285"/>
                    <TextEquiv>
                        <Unicode>an</Unicode>
                    </TextEquiv>
                    <TextStyle fontFamily="Times New Roman" fontSize="7.0"/>
                </Word>
                <Word id="w_w1aab1c17b2b3b1ac31" language="English" custom="readingOrder {index:3;}">
                    <Coords points="465,1246 511,1246 511,1291 465,1291"/>
                    <TextEquiv>
                        <Unicode>(tl</Unicode>
                    </TextEquiv>
                    <TextStyle fontFamily="Times New Roman" fontSize="7.0"/>
                </Word>
                <Word id="w_w1aab1c17b2b3b1ac39" language="English" custom="readingOrder {index:4;}">
                    <Coords points="525,1258 659,1258 659,1291 525,1291"/>
                    <TextEquiv>
                        <Unicode>Numéros)</Unicode>
                    </TextEquiv>
                    <TextStyle fontFamily="Times New Roman" fontSize="7.0"/>
                </Word>
                <Word id="w_w1aab1c17b2b3b1ac57" language="English" custom="readingOrder {index:5;}">
                    <Coords points="709,1257 737,1257 737,1285 709,1285"/>
                    <TextEquiv>
                        <Unicode>3</Unicode>
                    </TextEquiv>
                    <TextStyle fontFamily="Times New Roman" fontSize="7.0"/>
                </Word>
                <Word id="w_w1aab1c17b2b3b1ac61" language="English" custom="readingOrder {index:6;}">
                    <Coords points="752,1257 799,1257 799,1284 752,1284"/>
                    <TextEquiv>
                        <Unicode>fr.</Unicode>
                    </TextEquiv>
                    <TextStyle fontFamily="Times New Roman" fontSize="7.0"/>
                </Word>
                <TextEquiv>
                    <Unicode>France un an (12 Numéros) 3 fr.</Unicode>
                </TextEquiv>
                <TextStyle fontFamily="Times New Roman" fontSize="7.0"/>
            </TextLine>
            <TextLine id="tl_14" primaryLanguage="English" custom="readingOrder {index:1;}">
                <Coords points="150,1299 732,1299 732,1342 150,1342"/>
                <Baseline points="150,1333 732,1333"/>
                <Word id="w_w1aab1c17b2b3b3ab1" language="English" custom="readingOrder {index:0;}">
                    <Coords points="150,1299 348,1299 348,1342 150,1342"/>
                    <TextEquiv>
                        <Unicode>Étrettïgec-wr:'..</Unicode>
                    </TextEquiv>
                    <TextStyle fontFamily="Times New Roman" fontSize="7.0"/>
                </Word>
                <Word id="w_w1aab1c17b2b3b3ac37" language="English" custom="readingOrder {index:1;}">
                    <Coords points="704,1307 732,1307 732,1334 704,1334"/>
                    <TextEquiv>
                        <Unicode>4</Unicode>
                    </TextEquiv>
                    <TextStyle fontFamily="Times New Roman" fontSize="7.0"/>
                </Word>
                <Word id="word_1538156795163_258" custom="readingOrder {index:2;}">
                    <Coords points="356,1322 653,1322 653,1333 356,1333"/>
                    <TextEquiv>
                        <Unicode></Unicode>
                    </TextEquiv>
                </Word>
                <TextEquiv>
                    <Unicode>Étranger .................. 4</Unicode>
                </TextEquiv>
                <TextStyle fontFamily="Times New Roman" fontSize="7.0"/>
            </TextLine>
            <TextEquiv>
                <Unicode>France un an (12 Numéros) 3 fr.
Étranger .................. 4</Unicode>
            </TextEquiv>
        </TextRegion>
        <TextRegion type="paragraph" id="r_10_1" custom="readingOrder {index:10;}">
            <Coords points="1057,1190 1374,1190 1374,1220 1057,1220"/>
            <TextLine id="tl_15" primaryLanguage="English" custom="readingOrder {index:0;}">
                <Coords points="1058,1191 1373,1191 1373,1219 1058,1219"/>
                <Baseline points="1058,1215 1373,1215"/>
                <Word id="w_w1aab1c19b2b1b1ab1" language="English" custom="readingOrder {index:0;}">
                    <Coords points="1058,1191 1373,1191 1373,1219 1058,1219"/>
                    <TextEquiv>
                        <Unicode>BUREAUX:</Unicode>
                    </TextEquiv>
                    <TextStyle fontFamily="Times New Roman" fontSize="6.0"/>
                </Word>
                <TextEquiv>
                    <Unicode>BUREAUX:</Unicode>
                </TextEquiv>
                <TextStyle fontFamily="Times New Roman" fontSize="6.0"/>
            </TextLine>
            <TextEquiv>
                <Unicode>BUREAUX:</Unicode>
            </TextEquiv>
        </TextRegion>
        <TextRegion type="paragraph" id="r_10_2" custom="readingOrder {index:11;}">
            <Coords points="888,1256 1539,1256 1539,1337 888,1337"/>
            <TextLine id="tl_16" primaryLanguage="English" custom="readingOrder {index:0;}">
                <Coords points="889,1257 1538,1257 1538,1290 889,1290"/>
                <Baseline points="889,1285 1538,1285"/>
                <Word id="w_w1aab1c19b2b3b1ab1" language="English" custom="readingOrder {index:0;}">
                    <Coords points="889,1257 957,1257 957,1290 889,1290"/>
                    <TextEquiv>
                        <Unicode>50,</Unicode>
                    </TextEquiv>
                    <TextStyle fontFamily="Times New Roman" fontSize="7.0"/>
                </Word>
                <Word id="w_w1aab1c19b2b3b1ab9" language="English" custom="readingOrder {index:1;}">
                    <Coords points="969,1264 1041,1264 1041,1286 969,1286"/>
                    <TextEquiv>
                        <Unicode>rue</Unicode>
                    </TextEquiv>
                    <TextStyle fontFamily="Times New Roman" fontSize="7.0"/>
                </Word>
                <Word id="w_w1aab1c19b2b3b1ac17" language="English" custom="readingOrder {index:2;}">
                    <Coords points="1054,1257 1538,1257 1538,1289 1054,1289"/>
                    <TextEquiv>
                        <Unicode>Saint-André-des-Arts,</Unicode>
                    </TextEquiv>
                    <TextStyle fontFamily="Times New Roman" fontSize="7.0"/>
                </Word>
                <TextEquiv>
                    <Unicode>50, rue Saint-André-des-Arts,</Unicode>
                </TextEquiv>
                <TextStyle fontFamily="Times New Roman" fontSize="7.0"/>
            </TextLine>
            <TextLine id="tl_17" primaryLanguage="English" custom="readingOrder {index:1;}">
                <Coords points="1127,1307 1295,1307 1295,1336 1127,1336"/>
                <Baseline points="1127,1336 1295,1336"/>
                <Word id="w_w1aab1c19b2b3b3ab1" language="English" custom="readingOrder {index:0;}">
                    <Coords points="1127,1309 1149,1309 1149,1335 1127,1335"/>
                    <TextEquiv>
                        <Unicode>à</Unicode>
                    </TextEquiv>
                    <TextStyle fontFamily="Times New Roman" fontSize="7.0"/>
                </Word>
                <Word id="w_w1aab1c19b2b3b3ab5" language="English" custom="readingOrder {index:1;}">
                    <Coords points="1168,1307 1295,1307 1295,1336 1168,1336"/>
                    <TextEquiv>
                        <Unicode>Paris.</Unicode>
                    </TextEquiv>
                    <TextStyle fontFamily="Times New Roman" fontSize="7.0"/>
                </Word>
                <TextEquiv>
                    <Unicode>à Paris.</Unicode>
                </TextEquiv>
                <TextStyle fontFamily="Times New Roman" fontSize="7.0"/>
            </TextLine>
            <TextEquiv>
                <Unicode>50, rue Saint-André-des-Arts,
à Paris.</Unicode>
            </TextEquiv>
        </TextRegion>
        <TextRegion type="paragraph" id="r_11_1" custom="readingOrder {index:12;}">
            <Coords points="508,1378 1185,1378 1185,1422 508,1422"/>
            <TextLine id="tl_18" primaryLanguage="English" custom="readingOrder {index:0;}">
                <Coords points="509,1379 1184,1379 1184,1421 509,1421"/>
                <Baseline points="509,1420 1184,1420"/>
                <Word id="w_w1aab1c21b2b1b1ab1" language="English" custom="readingOrder {index:0;}">
                    <Coords points="509,1388 566,1388 566,1421 509,1421"/>
                    <TextEquiv>
                        <Unicode>UN</Unicode>
                    </TextEquiv>
                    <TextStyle fontFamily="Arial" fontSize="7.5" bold="true"/>
                </Word>
                <Word id="w_w1aab1c21b2b1b1ab7" language="English" custom="readingOrder {index:1;}">
                    <Coords points="604,1379 797,1379 797,1421 604,1421"/>
                    <TextEquiv>
                        <Unicode>NUMÉRO</Unicode>
                    </TextEquiv>
                    <TextStyle fontFamily="Arial" fontSize="7.5" bold="true"/>
                </Word>
                <Word id="w_w1aab1c21b2b1b1ac21" language="English" custom="readingOrder {index:2;}">
                    <Coords points="830,1397 837,1397 837,1420 830,1420"/>
                    <TextEquiv>
                        <Unicode>:</Unicode>
                    </TextEquiv>
                    <TextStyle fontFamily="Arial" fontSize="7.5" bold="true"/>
                </Word>
                <Word id="w_w1aab1c21b2b1b1ac25" language="English" custom="readingOrder {index:3;}">
                    <Coords points="876,1387 930,1387 930,1421 876,1421"/>
                    <TextEquiv>
                        <Unicode>25</Unicode>
                    </TextEquiv>
                    <TextStyle fontFamily="Arial" fontSize="7.5" bold="true"/>
                </Word>
                <Word id="w_w1aab1c21b2b1b1ac31" language="English" custom="readingOrder {index:4;}">
                    <Coords points="955,1388 1184,1388 1184,1421 955,1421"/>
                    <TextEquiv>
                        <Unicode>CENTIMES</Unicode>
                    </TextEquiv>
                    <TextStyle fontFamily="Arial" fontSize="7.5" bold="true"/>
                </Word>
                <TextEquiv>
                    <Unicode>UN NUMÉRO : 25 CENTIMES</Unicode>
                </TextEquiv>
                <TextStyle fontFamily="Arial" fontSize="7.5" bold="true"/>
            </TextLine>
            <TextEquiv>
                <Unicode>UN NUMÉRO : 25 CENTIMES</Unicode>
            </TextEquiv>
        </TextRegion>
        <TextRegion type="paragraph" id="r_12_1" custom="readingOrder {index:13;}">
            <Coords points="118,1522 1576,1523 1577,1616 119,1617"/>
            <TextLine id="tl_19" primaryLanguage="English" custom="readingOrder {index:0;}">
                <Coords points="119,1522 1575,1521 1575,1556 119,1557"/>
                <Baseline points="119,1557 1575,1561"/>
                <Word id="w_w1aab1c23b2b1b1ab1" language="English" custom="readingOrder {index:0;}">
                    <Coords points="119,1522 331,1522 331,1558 119,1558"/>
                    <TextEquiv>
                        <Unicode>Sommaire</Unicode>
                    </TextEquiv>
                    <TextStyle fontFamily="Times New Roman" fontSize="7.5" bold="true"/>
                </Word>
                <Word id="w_w1aab1c23b2b1b1b1b1" language="English" custom="readingOrder {index:1;}">
                    <Coords points="353,1524 361,1524 361,1557 353,1557"/>
                    <TextEquiv>
                        <Unicode>:</Unicode>
                    </TextEquiv>
                    <TextStyle fontFamily="Times New Roman" fontSize="5.0" bold="true"/>
                </Word>
                <Word id="w_w1aab1c23b2b1b1b2b1" language="English" custom="readingOrder {index:2;}">
                    <Coords points="390,1524 421,1524 421,1558 390,1558"/>
                    <TextEquiv>
                        <Unicode>1.</Unicode>
                    </TextEquiv>
                    <TextStyle fontFamily="Times New Roman" fontSize="7.5" bold="true"/>
                </Word>
                <Word id="w_w1aab1c23b2b1b1b3b1" language="English" custom="readingOrder {index:3;}">
                    <Coords points="451,1524 567,1524 567,1558 451,1558"/>
                    <TextEquiv>
                        <Unicode>Ventes</Unicode>
                    </TextEquiv>
                    <TextStyle fontFamily="Times New Roman" fontSize="7.0" bold="true" italic="true"/>
                </Word>
                <Word id="w_w1aab1c23b2b1b1b3c15" language="English" custom="readingOrder {index:4;}">
                    <Coords points="591,1523 856,1523 856,1566 591,1566"/>
                    <TextEquiv>
                        <Unicode>d’autographes.</Unicode>
                    </TextEquiv>
                    <TextStyle fontFamily="Times New Roman" fontSize="7.0" bold="true" italic="true"/>
                </Word>
                <Word id="w_w1aab1c23b2b1b1b4b3" language="English" custom="readingOrder {index:5;}">
                    <Coords points="882,1525 924,1525 924,1558 882,1558"/>
                    <TextEquiv>
                        <Unicode>—</Unicode>
                    </TextEquiv>
                    <TextStyle fontFamily="Times New Roman" fontSize="5.0" bold="true"/>
                </Word>
                <Word id="w_w1aab1c23b2b1b1b5b1" language="English" custom="readingOrder {index:6;}">
                    <Coords points="947,1524 981,1524 981,1559 947,1559"/>
                    <TextEquiv>
                        <Unicode>2.</Unicode>
                    </TextEquiv>
                    <TextStyle fontFamily="Times New Roman" fontSize="7.5" bold="true"/>
                </Word>
                <Word id="w_w1aab1c23b2b1b1b6b1" language="English" custom="readingOrder {index:7;}">
                    <Coords points="1006,1523 1205,1523 1205,1566 1006,1566"/>
                    <TextEquiv>
                        <Unicode>Nécrologie.</Unicode>
                    </TextEquiv>
                    <TextStyle fontFamily="Times New Roman" fontSize="7.0" bold="true" italic="true"/>
                </Word>
                <Word id="word_1538156945707_259" custom="readingOrder {index:8;}">
                    <Coords points="1231,1540 1277,1540 1277,1549 1231,1549"/>
                    <TextEquiv>
                        <Unicode></Unicode>
                    </TextEquiv>
                </Word>
                <Word id="word_1538156948294_260" custom="readingOrder {index:9;}">
                    <Coords points="1298,1524 1330,1524 1331,1557 1299,1557"/>
                    <TextEquiv>
                        <Unicode></Unicode>
                    </TextEquiv>
                </Word>
                <Word id="word_1538156962902_261" custom="readingOrder {index:10;}">
                    <Coords points="1359,1523 1576,1523 1576,1566 1359,1566"/>
                    <TextEquiv>
                        <Unicode></Unicode>
                    </TextEquiv>
                </Word>
                <TextEquiv>
                    <Unicode>Sommaire : 1. Ventes d’autographes. — 2. Nécrologie. — 3. Autogra¬</Unicode>
                </TextEquiv>
            </TextLine>
            <TextLine id="line_1538156998581_262" custom="readingOrder {index:1;}">
                <Coords points="167,1563 204,1559 587,1562 617,1559 826,1564 926,1558 929,1608 827,1614 619,1609 589,1612 206,1609 173,1613"/>
                <Baseline points="172,1608 206,1604 589,1607 619,1604 827,1609 929,1603"/>
                <Word id="word_1538157005603_263" custom="readingOrder {index:0;}">
                    <Coords points="166,1566 279,1566 279,1611 166,1611"/>
                    <TextEquiv>
                        <Unicode></Unicode>
                    </TextEquiv>
                </Word>
                <Word id="word_1538157008611_264" custom="readingOrder {index:1;}">
                    <Coords points="296,1573 352,1573 352,1601 296,1601"/>
                    <TextEquiv>
                        <Unicode></Unicode>
                    </TextEquiv>
                </Word>
                <Word id="word_1538157012133_265" custom="readingOrder {index:2;}">
                    <Coords points="368,1572 507,1572 507,1603 368,1603"/>
                    <TextEquiv>
                        <Unicode></Unicode>
                    </TextEquiv>
                </Word>
                <Word id="word_1538157018390_266" custom="readingOrder {index:3;}">
                    <Coords points="531,1565 558,1565 558,1603 531,1603"/>
                    <TextEquiv>
                        <Unicode></Unicode>
                    </TextEquiv>
                </Word>
                <Word id="word_1538157022926_267" custom="readingOrder {index:4;}">
                    <Coords points="581,1564 685,1564 685,1611 581,1611"/>
                    <TextEquiv>
                        <Unicode></Unicode>
                    </TextEquiv>
                </Word>
                <Word id="word_1538157027179_268" custom="readingOrder {index:5;}">
                    <Coords points="708,1568 929,1569 929,1609 708,1608"/>
                    <TextEquiv>
                        <Unicode></Unicode>
                    </TextEquiv>
                </Word>
                <TextEquiv>
                    <Unicode>phes en vente à prix marqués.</Unicode>
                </TextEquiv>
            </TextLine>
            <TextEquiv>
                <Unicode>Sommaire : 1. Ventes d’autographes. — 2. Nécrologie. — 3. Autogra¬
phes en vente à prix marqués.</Unicode>
            </TextEquiv>
        </TextRegion>
        <TextRegion type="paragraph" id="r_14_1" custom="readingOrder {index:14;}">
            <Coords points="475,1719 1227,1719 1227,1764 475,1764"/>
            <TextLine id="tl_22" primaryLanguage="English" custom="readingOrder {index:0;}">
                <Coords points="476,1720 1226,1720 1226,1763 476,1763"/>
                <Baseline points="476,1762 1226,1762"/>
                <Word id="w_w1aab1c27b2b1b1ab1" language="English" custom="readingOrder {index:0;}">
                    <Coords points="476,1720 691,1720 691,1762 476,1762"/>
                    <TextEquiv>
                        <Unicode>VENTES</Unicode>
                    </TextEquiv>
                    <TextStyle fontFamily="Arial" fontSize="9.5"/>
                </Word>
                <Word id="w_w1aab1c27b2b1b1ac15" language="English" custom="readingOrder {index:1;}">
                    <Coords points="748,1720 1226,1720 1226,1763 748,1763"/>
                    <TextEquiv>
                        <Unicode>D’AUTOGRAPHES.</Unicode>
                    </TextEquiv>
                    <TextStyle fontFamily="Arial" fontSize="9.5"/>
                </Word>
                <TextEquiv>
                    <Unicode>VENTES D’AUTOGRAPHES.</Unicode>
                </TextEquiv>
                <TextStyle fontFamily="Arial" fontSize="9.5"/>
            </TextLine>
            <TextEquiv>
                <Unicode>VENTES D’AUTOGRAPHES.</Unicode>
            </TextEquiv>
        </TextRegion>
        <TextRegion type="paragraph" id="r_14_2" custom="readingOrder {index:15;}">
            <Coords points="118,1814 1577,1814 1577,1966 118,1966"/>
            <TextLine id="tl_23" primaryLanguage="English" custom="readingOrder {index:0;}">
                <Coords points="172,1815 1575,1815 1575,1867 172,1867"/>
                <Baseline points="172,1855 1575,1855"/>
                <Word id="w_w1aab1c27b2b3b1ab1" language="English" custom="readingOrder {index:0;}">
                    <Coords points="172,1816 239,1816 239,1855 172,1855"/>
                    <TextEquiv>
                        <Unicode>Les</Unicode>
                    </TextEquiv>
                    <TextStyle fontFamily="Times New Roman" fontSize="8.5"/>
                </Word>
                <Word id="w_w1aab1c27b2b3b1ab9" language="English" custom="readingOrder {index:1;}">
                    <Coords points="261,1815 355,1815 355,1855 261,1855"/>
                    <TextEquiv>
                        <Unicode>deux</Unicode>
                    </TextEquiv>
                    <TextStyle fontFamily="Times New Roman" fontSize="8.5"/>
                </Word>
                <Word id="w_w1aab1c27b2b3b1ac19" language="English" custom="readingOrder {index:2;}">
                    <Coords points="387,1816 578,1816 578,1855 387,1855"/>
                    <TextEquiv>
                        <Unicode>dernières</Unicode>
                    </TextEquiv>
                    <TextStyle fontFamily="Times New Roman" fontSize="8.5"/>
                </Word>
                <Word id="w_w1aab1c27b2b3b1ac39" language="English" custom="readingOrder {index:3;}">
                    <Coords points="600,1822 729,1822 729,1855 600,1855"/>
                    <TextEquiv>
                        <Unicode>ventes</Unicode>
                    </TextEquiv>
                    <TextStyle fontFamily="Times New Roman" fontSize="8.5"/>
                </Word>
                <Word id="w_w1aab1c27b2b3b1ac53" language="English" custom="readingOrder {index:4;}">
                    <Coords points="754,1815 1035,1815 1035,1867 754,1867"/>
                    <TextEquiv>
                        <Unicode>d’autographes</Unicode>
                    </TextEquiv>
                    <TextStyle fontFamily="Times New Roman" fontSize="8.5"/>
                </Word>
                <Word id="w_w1aab1c27b2b3b1ac81" language="English" custom="readingOrder {index:5;}">
                    <Coords points="1056,1817 1118,1817 1118,1867 1056,1867"/>
                    <TextEquiv>
                        <Unicode>qui</Unicode>
                    </TextEquiv>
                    <TextStyle fontFamily="Times New Roman" fontSize="8.5"/>
                </Word>
                <Word id="w_w1aab1c27b2b3b1ac89" language="English" custom="readingOrder {index:6;}">
                    <Coords points="1148,1823 1210,1823 1210,1856 1148,1856"/>
                    <TextEquiv>
                        <Unicode>ont</Unicode>
                    </TextEquiv>
                    <TextStyle fontFamily="Times New Roman" fontSize="8.5"/>
                </Word>
                <Word id="w_w1aab1c27b2b3b1ac97" language="English" custom="readingOrder {index:7;}">
                    <Coords points="1238,1829 1283,1829 1283,1856 1238,1856"/>
                    <TextEquiv>
                        <Unicode>eu</Unicode>
                    </TextEquiv>
                    <TextStyle fontFamily="Times New Roman" fontSize="8.5"/>
                </Word>
                <Word id="w_w1aab1c27b2b3b1ad103" language="English" custom="readingOrder {index:8;}">
                    <Coords points="1318,1817 1390,1817 1390,1856 1318,1856"/>
                    <TextEquiv>
                        <Unicode>lieu</Unicode>
                    </TextEquiv>
                    <TextStyle fontFamily="Times New Roman" fontSize="8.5"/>
                </Word>
                <Word id="w_w1aab1c27b2b3b1ad113" language="English" custom="readingOrder {index:9;}">
                    <Coords points="1418,1819 1439,1819 1439,1855 1418,1855"/>
                    <TextEquiv>
                        <Unicode>à</Unicode>
                    </TextEquiv>
                    <TextStyle fontFamily="Times New Roman" fontSize="8.5"/>
                </Word>
                <Word id="w_w1aab1c27b2b3b1ad117" language="English" custom="readingOrder {index:10;}">
                    <Coords points="1471,1818 1575,1818 1575,1857 1471,1857"/>
                    <TextEquiv>
                        <Unicode>Paris</Unicode>
                    </TextEquiv>
                    <TextStyle fontFamily="Times New Roman" fontSize="8.5"/>
                </Word>
                <TextEquiv>
                    <Unicode>Les deux dernières ventes d’autographes qui ont eu lieu à Paris</Unicode>
                </TextEquiv>
                <TextStyle fontFamily="Times New Roman" fontSize="8.5"/>
            </TextLine>
            <TextLine id="tl_24" primaryLanguage="English" custom="readingOrder {index:1;}">
                <Coords points="119,1865 1576,1865 1576,1917 119,1917"/>
                <Baseline points="119,1905 1576,1905"/>
                <Word id="w_w1aab1c27b2b3b3ab1" language="English" custom="readingOrder {index:0;}">
                    <Coords points="119,1872 206,1872 206,1905 119,1905"/>
                    <TextEquiv>
                        <Unicode>sous'notre</Unicode>
                    </TextEquiv>
                    <TextStyle fontFamily="Times New Roman" fontSize="8.5"/>
                </Word>
                <Word id="w_w1aab1c27b2b3b3ac23" language="English" custom="readingOrder {index:1;}">
                    <Coords points="349,1865 531,1865 531,1904 349,1904"/>
                    <TextEquiv>
                        <Unicode>direction</Unicode>
                    </TextEquiv>
                    <TextStyle fontFamily="Times New Roman" fontSize="8.5"/>
                </Word>
                <Word id="w_w1aab1c27b2b3b3ac43" language="English" custom="readingOrder {index:2;}">
                    <Coords points="547,1872 632,1872 632,1905 547,1905"/>
                    <TextEquiv>
                        <Unicode>sont</Unicode>
                    </TextEquiv>
                    <TextStyle fontFamily="Times New Roman" fontSize="8.5"/>
                </Word>
                <Word id="w_w1aab1c27b2b3b3ac53" language="English" custom="readingOrder {index:3;}">
                    <Coords points="655,1866 764,1866 764,1905 655,1905"/>
                    <TextEquiv>
                        <Unicode>celles</Unicode>
                    </TextEquiv>
                    <TextStyle fontFamily="Times New Roman" fontSize="8.5"/>
                </Word>
                <Word id="w_w1aab1c27b2b3b3ac67" language="English" custom="readingOrder {index:4;}">
                    <Coords points="783,1866 848,1866 848,1906 783,1906"/>
                    <TextEquiv>
                        <Unicode>des</Unicode>
                    </TextEquiv>
                    <TextStyle fontFamily="Times New Roman" fontSize="8.5"/>
                </Word>
                <Word id="w_w1aab1c27b2b3b3ac75" language="English" custom="readingOrder {index:5;}">
                    <Coords points="868,1867 1081,1867 1081,1905 868,1905"/>
                    <TextEquiv>
                        <Unicode>collections</Unicode>
                    </TextEquiv>
                    <TextStyle fontFamily="Times New Roman" fontSize="8.5"/>
                </Word>
                <Word id="w_w1aab1c27b2b3b3ac99" language="English" custom="readingOrder {index:6;}">
                    <Coords points="1097,1866 1143,1866 1143,1905 1097,1905"/>
                    <TextEquiv>
                        <Unicode>de</Unicode>
                    </TextEquiv>
                    <TextStyle fontFamily="Times New Roman" fontSize="8.5"/>
                </Word>
                <Word id="w_w1aab1c27b2b3b3ad105" language="English" custom="readingOrder {index:7;}">
                    <Coords points="1163,1866 1220,1866 1220,1906 1163,1906"/>
                    <TextEquiv>
                        <Unicode>feu</Unicode>
                    </TextEquiv>
                    <TextStyle fontFamily="Times New Roman" fontSize="8.5"/>
                </Word>
                <Word id="w_w1aab1c27b2b3b3ad113" language="English" custom="readingOrder {index:8;}">
                    <Coords points="1238,1867 1285,1867 1285,1906 1238,1906"/>
                    <TextEquiv>
                        <Unicode>M.</Unicode>
                    </TextEquiv>
                    <TextStyle fontFamily="Times New Roman" fontSize="8.5"/>
                </Word>
                <Word id="w_w1aab1c27b2b3b3b1b1" language="English" custom="readingOrder {index:9;}">
                    <Coords points="1312,1867 1456,1867 1456,1917 1312,1917"/>
                    <TextEquiv>
                        <Unicode>Gegner</Unicode>
                    </TextEquiv>
                    <TextStyle fontFamily="Times New Roman" fontSize="8.5" italic="true"/>
                </Word>
                <Word id="w_w1aab1c27b2b3b3b2b3" language="English" custom="readingOrder {index:10;}">
                    <Coords points="1476,1874 1512,1874 1512,1907 1476,1907"/>
                    <TextEquiv>
                        <Unicode>et</Unicode>
                    </TextEquiv>
                    <TextStyle fontFamily="Times New Roman" fontSize="8.5"/>
                </Word>
                <Word id="w_w1aab1c27b2b3b3b2b9" language="English" custom="readingOrder {index:11;}">
                    <Coords points="1530,1868 1576,1868 1576,1907 1530,1907"/>
                    <TextEquiv>
                        <Unicode>de</Unicode>
                    </TextEquiv>
                    <TextStyle fontFamily="Times New Roman" fontSize="8.5"/>
                </Word>
                <Word id="word_1538157109699_269" custom="readingOrder {index:12;}">
                    <Coords points="225,1867 330,1867 330,1906 225,1906"/>
                    <TextEquiv>
                        <Unicode></Unicode>
                    </TextEquiv>
                </Word>
                <TextEquiv>
                    <Unicode>sous notre direction sont celles des collections de feu M. Gegner et de</Unicode>
                </TextEquiv>
            </TextLine>
            <TextLine id="tl_25" primaryLanguage="English" custom="readingOrder {index:2;}">
                <Coords points="122,1915 800,1915 800,1965 122,1965"/>
                <Baseline points="122,1954 800,1954"/>
                <Word id="w_w1aab1c27b2b3b5ab1" language="English" custom="readingOrder {index:0;}">
                    <Coords points="122,1918 166,1918 166,1954 122,1954"/>
                    <TextEquiv>
                        <Unicode>M.</Unicode>
                    </TextEquiv>
                    <TextStyle fontFamily="Times New Roman" fontSize="8.5"/>
                </Word>
                <Word id="w_w1aab1c27b2b3b5ab7" language="English" custom="readingOrder {index:1;}">
                    <Coords points="192,1916 225,1916 225,1955 192,1955"/>
                    <TextEquiv>
                        <Unicode>le</Unicode>
                    </TextEquiv>
                    <TextStyle fontFamily="Times New Roman" fontSize="8.5"/>
                </Word>
                <Word id="w_w1aab1c27b2b3b5ac13" language="English" custom="readingOrder {index:2;}">
                    <Coords points="243,1916 394,1916 394,1954 243,1954"/>
                    <TextEquiv>
                        <Unicode>docteur</Unicode>
                    </TextEquiv>
                    <TextStyle fontFamily="Times New Roman" fontSize="8.5"/>
                </Word>
                <Word id="w_w1aab1c27b2b3b5b1b1" language="English" custom="readingOrder {index:3;}">
                    <Coords points="414,1916 541,1916 541,1961 414,1961"/>
                    <TextEquiv>
                        <Unicode>Succi,</Unicode>
                    </TextEquiv>
                    <TextStyle fontFamily="Times New Roman" fontSize="8.5" italic="true"/>
                </Word>
                <Word id="w_w1aab1c27b2b3b5b2b3" language="English" custom="readingOrder {index:4;}">
                    <Coords points="565,1915 611,1915 611,1955 565,1955"/>
                    <TextEquiv>
                        <Unicode>de</Unicode>
                    </TextEquiv>
                    <TextStyle fontFamily="Times New Roman" fontSize="8.5"/>
                </Word>
                <Word id="w_w1aab1c27b2b3b5b2b9" language="English" custom="readingOrder {index:5;}">
                    <Coords points="628,1916 800,1916 800,1965 628,1965"/>
                    <TextEquiv>
                        <Unicode>Bologne.</Unicode>
                    </TextEquiv>
                    <TextStyle fontFamily="Times New Roman" fontSize="8.5"/>
                </Word>
                <TextEquiv>
                    <Unicode>M. le docteur Succi, de Bologne.</Unicode>
                </TextEquiv>
            </TextLine>
            <TextEquiv>
                <Unicode>Les deux dernières ventes d’autographes qui ont eu lieu à Paris
sous notre direction sont celles des collections de feu M. Gegner et de
M. le docteur Succi, de Bologne.</Unicode>
            </TextEquiv>
        </TextRegion>
        <TextRegion type="paragraph" id="r_14_3" custom="readingOrder {index:16;}">
            <Coords points="119,1964 1578,1964 1578,2411 119,2411"/>
            <TextLine id="tl_26" primaryLanguage="English" custom="readingOrder {index:0;}">
                <Coords points="172,1965 1576,1965 1576,2016 172,2016"/>
                <Baseline points="172,2004 1576,2004"/>
                <Word id="w_w1aab1c27b2b5b1ab1" language="English" custom="readingOrder {index:0;}">
                    <Coords points="172,1966 223,1966 223,2003 172,2003"/>
                    <TextEquiv>
                        <Unicode>La</Unicode>
                    </TextEquiv>
                    <TextStyle fontFamily="Times New Roman" fontSize="8.5"/>
                </Word>
                <Word id="w_w1aab1c27b2b5b1ab7" language="English" custom="readingOrder {index:1;}">
                    <Coords points="242,1965 438,1965 438,2004 242,2004"/>
                    <TextEquiv>
                        <Unicode>collection</Unicode>
                    </TextEquiv>
                    <TextStyle fontFamily="Times New Roman" fontSize="8.5"/>
                </Word>
                <Word id="w_w1aab1c27b2b5b1ac29" language="English" custom="readingOrder {index:2;}">
                    <Coords points="458,1966 604,1966 604,2016 458,2016"/>
                    <TextEquiv>
                        <Unicode>Gegner</Unicode>
                    </TextEquiv>
                    <TextStyle fontFamily="Times New Roman" fontSize="8.5"/>
                </Word>
                <Word id="w_w1aab1c27b2b5b1ac43" language="English" custom="readingOrder {index:3;}">
                    <Coords points="622,1966 711,1966 711,2004 622,2004"/>
                    <TextEquiv>
                        <Unicode>était</Unicode>
                    </TextEquiv>
                    <TextStyle fontFamily="Times New Roman" fontSize="8.5"/>
                </Word>
                <Word id="w_w1aab1c27b2b5b1ac55" language="English" custom="readingOrder {index:4;}">
                    <Coords points="727,1977 793,1977 793,2015 727,2015"/>
                    <TextEquiv>
                        <Unicode>peu</Unicode>
                    </TextEquiv>
                    <TextStyle fontFamily="Times New Roman" fontSize="8.5"/>
                </Word>
                <Word id="w_w1aab1c27b2b5b1ac63" language="English" custom="readingOrder {index:5;}">
                    <Coords points="815,1965 1049,1965 1049,2015 815,2015"/>
                    <TextEquiv>
                        <Unicode>importante.</Unicode>
                    </TextEquiv>
                    <TextStyle fontFamily="Times New Roman" fontSize="8.5"/>
                </Word>
                <Word id="w_w1aab1c27b2b5b1ac87" language="English" custom="readingOrder {index:6;}">
                    <Coords points="1072,1966 1151,1966 1151,2005 1072,2005"/>
                    <TextEquiv>
                        <Unicode>Elle</Unicode>
                    </TextEquiv>
                    <TextStyle fontFamily="Times New Roman" fontSize="8.5"/>
                </Word>
                <Word id="w_w1aab1c27b2b5b1ac97" language="English" custom="readingOrder {index:7;}">
                    <Coords points="1171,1966 1382,1966 1382,2005 1171,2005"/>
                    <TextEquiv>
                        <Unicode>renfermait</Unicode>
                    </TextEquiv>
                    <TextStyle fontFamily="Times New Roman" fontSize="8.5"/>
                </Word>
                <Word id="w_w1aab1c27b2b5b1ad119" language="English" custom="readingOrder {index:8;}">
                    <Coords points="1404,1973 1576,1973 1576,2016 1404,2016"/>
                    <TextEquiv>
                        <Unicode>pourtant</Unicode>
                    </TextEquiv>
                    <TextStyle fontFamily="Times New Roman" fontSize="8.5"/>
                </Word>
                <TextEquiv>
                    <Unicode>La collection Gegner était peu importante. Elle renfermait pourtant</Unicode>
                </TextEquiv>
                <TextStyle fontFamily="Times New Roman" fontSize="8.5"/>
            </TextLine>
            <TextLine id="tl_27" primaryLanguage="English" custom="readingOrder {index:1;}">
                <Coords points="121,2015 1576,2015 1576,2071 121,2071"/>
                <Baseline points="121,2054 1576,2054"/>
                <Word id="w_w1aab1c27b2b5b3ab1" language="English" custom="readingOrder {index:0;}">
                    <Coords points="121,2015 298,2015 298,2065 121,2065"/>
                    <TextEquiv>
                        <Unicode>quelques</Unicode>
                    </TextEquiv>
                    <TextStyle fontFamily="Times New Roman" fontSize="8.5"/>
                </Word>
                <Word id="w_w1aab1c27b2b5b3ac19" language="English" custom="readingOrder {index:1;}">
                    <Coords points="320,2015 442,2015 442,2065 320,2065"/>
                    <TextEquiv>
                        <Unicode>pièces</Unicode>
                    </TextEquiv>
                    <TextStyle fontFamily="Times New Roman" fontSize="8.5"/>
                </Word>
                <Word id="w_w1aab1c27b2b5b3ac33" language="English" custom="readingOrder {index:2;}">
                    <Coords points="460,2017 522,2017 522,2071 460,2071"/>
                    <TextEquiv>
                        <Unicode>qui</Unicode>
                    </TextEquiv>
                    <TextStyle fontFamily="Times New Roman" fontSize="8.5"/>
                </Word>
                <Word id="w_w1aab1c27b2b5b3ac41" language="English" custom="readingOrder {index:3;}">
                    <Coords points="542,2022 606,2022 606,2054 542,2054"/>
                    <TextEquiv>
                        <Unicode>ont</Unicode>
                    </TextEquiv>
                    <TextStyle fontFamily="Times New Roman" fontSize="8.5"/>
                </Word>
                <Word id="w_w1aab1c27b2b5b3ac49" language="English" custom="readingOrder {index:4;}">
                    <Coords points="625,2016 702,2016 702,2054 625,2054"/>
                    <TextEquiv>
                        <Unicode>leur</Unicode>
                    </TextEquiv>
                    <TextStyle fontFamily="Times New Roman" fontSize="8.5"/>
                </Word>
                <Word id="w_w1aab1c27b2b5b3ac59" language="English" custom="readingOrder {index:5;}">
                    <Coords points="720,2016 866,2016 866,2054 720,2054"/>
                    <TextEquiv>
                        <Unicode>intérêt.</Unicode>
                    </TextEquiv>
                    <TextStyle fontFamily="Times New Roman" fontSize="8.5"/>
                </Word>
                <Word id="w_w1aab1c27b2b5b3ac77" language="English" custom="readingOrder {index:6;}">
                    <Coords points="889,2015 991,2015 991,2053 889,2053"/>
                    <TextEquiv>
                        <Unicode>Voici</Unicode>
                    </TextEquiv>
                    <TextStyle fontFamily="Times New Roman" fontSize="8.5"/>
                </Word>
                <Word id="w_w1aab1c27b2b5b3ac89" language="English" custom="readingOrder {index:7;}">
                    <Coords points="1016,2016 1067,2016 1067,2054 1016,2054"/>
                    <TextEquiv>
                        <Unicode>les</Unicode>
                    </TextEquiv>
                    <TextStyle fontFamily="Times New Roman" fontSize="8.5"/>
                </Word>
                <Word id="w_w1aab1c27b2b5b3ac97" language="English" custom="readingOrder {index:8;}">
                    <Coords points="1086,2016 1165,2016 1165,2066 1086,2066"/>
                    <TextEquiv>
                        <Unicode>prix</Unicode>
                    </TextEquiv>
                    <TextStyle fontFamily="Times New Roman" fontSize="8.5"/>
                </Word>
                <Word id="w_w1aab1c27b2b5b3ad107" language="English" custom="readingOrder {index:9;}">
                    <Coords points="1186,2016 1229,2016 1229,2055 1186,2055"/>
                    <TextEquiv>
                        <Unicode>de</Unicode>
                    </TextEquiv>
                    <TextStyle fontFamily="Times New Roman" fontSize="8.5"/>
                </Word>
                <Word id="w_w1aab1c27b2b5b3ad113" language="English" custom="readingOrder {index:10;}">
                    <Coords points="1254,2022 1362,2022 1362,2055 1254,2055"/>
                    <TextEquiv>
                        <Unicode>vente</Unicode>
                    </TextEquiv>
                    <TextStyle fontFamily="Times New Roman" fontSize="8.5"/>
                </Word>
                <Word id="w_w1aab1c27b2b5b3ad125" language="English" custom="readingOrder {index:11;}">
                    <Coords points="1387,2017 1450,2017 1450,2055 1387,2055"/>
                    <TextEquiv>
                        <Unicode>des</Unicode>
                    </TextEquiv>
                    <TextStyle fontFamily="Times New Roman" fontSize="8.5"/>
                </Word>
                <Word id="w_w1aab1c27b2b5b3ad133" language="English" custom="readingOrder {index:12;}">
                    <Coords points="1476,2017 1576,2017 1576,2067 1476,2067"/>
                    <TextEquiv>
                        <Unicode>prin¬</Unicode>
                    </TextEquiv>
                    <TextStyle fontFamily="Times New Roman" fontSize="8.5"/>
                </Word>
                <TextEquiv>
                    <Unicode>quelques pièces qui ont leur intérêt. Voici les prix de vente des prin¬</Unicode>
                </TextEquiv>
                <TextStyle fontFamily="Times New Roman" fontSize="8.5"/>
            </TextLine>
            <TextLine id="tl_28" primaryLanguage="English" custom="readingOrder {index:2;}">
                <Coords points="121,2064 1577,2064 1577,2115 121,2115"/>
                <Baseline points="121,2103 1577,2103"/>
                <Word id="w_w1aab1c27b2b5b5ab1" language="English" custom="readingOrder {index:0;}">
                    <Coords points="121,2065 260,2065 260,2115 121,2115"/>
                    <TextEquiv>
                        <Unicode>cipales</Unicode>
                    </TextEquiv>
                    <TextStyle fontFamily="Times New Roman" fontSize="8.5"/>
                </Word>
                <Word id="w_w1aab1c27b2b5b5ac17" language="English" custom="readingOrder {index:1;}">
                    <Coords points="290,2077 298,2077 298,2103 290,2103"/>
                    <TextEquiv>
                        <Unicode>:</Unicode>
                    </TextEquiv>
                    <TextStyle fontFamily="Times New Roman" fontSize="8.5"/>
                </Word>
                <Word id="w_w1aab1c27b2b5b5ac21" language="English" custom="readingOrder {index:2;}">
                    <Coords points="338,2064 538,2064 538,2112 338,2112"/>
                    <TextEquiv>
                        <Unicode>Boïeldieu,</Unicode>
                    </TextEquiv>
                    <TextStyle fontFamily="Times New Roman" fontSize="8.5"/>
                </Word>
                <Word id="w_w1aab1c27b2b5b5ac43" language="English" custom="readingOrder {index:3;}">
                    <Coords points="583,2064 632,2064 632,2103 583,2103"/>
                    <TextEquiv>
                        <Unicode>28</Unicode>
                    </TextEquiv>
                    <TextStyle fontFamily="Times New Roman" fontSize="8.5"/>
                </Word>
                <Word id="w_w1aab1c27b2b5b5ac49" language="English" custom="readingOrder {index:4;}">
                    <Coords points="660,2066 719,2066 719,2108 660,2108"/>
                    <TextEquiv>
                        <Unicode>fr.,</Unicode>
                    </TextEquiv>
                    <TextStyle fontFamily="Times New Roman" fontSize="8.5"/>
                </Word>
                <Word id="w_w1aab1c27b2b5b5ac59" language="English" custom="readingOrder {index:5;}">
                    <Coords points="760,2065 887,2065 887,2104 760,2104"/>
                    <TextEquiv>
                        <Unicode>acheté</Unicode>
                    </TextEquiv>
                    <TextStyle fontFamily="Times New Roman" fontSize="8.5"/>
                </Word>
                <Word id="w_w1aab1c27b2b5b5ac73" language="English" custom="readingOrder {index:6;}">
                    <Coords points="922,2077 987,2077 987,2114 922,2114"/>
                    <TextEquiv>
                        <Unicode>par</Unicode>
                    </TextEquiv>
                    <TextStyle fontFamily="Times New Roman" fontSize="8.5"/>
                </Word>
                <Word id="w_w1aab1c27b2b5b5ac81" language="English" custom="readingOrder {index:7;}">
                    <Coords points="1008,2065 1054,2065 1054,2103 1008,2103"/>
                    <TextEquiv>
                        <Unicode>M.</Unicode>
                    </TextEquiv>
                    <TextStyle fontFamily="Times New Roman" fontSize="8.5"/>
                </Word>
                <Word id="w_w1aab1c27b2b5b5ac87" language="English" custom="readingOrder {index:8;}">
                    <Coords points="1080,2065 1215,2065 1215,2104 1080,2104"/>
                    <TextEquiv>
                        <Unicode>Arthur</Unicode>
                    </TextEquiv>
                    <TextStyle fontFamily="Times New Roman" fontSize="8.5"/>
                </Word>
                <Word id="w_w1aab1c27b2b5b5ad101" language="English" custom="readingOrder {index:9;}">
                    <Coords points="1244,2066 1398,2066 1398,2115 1244,2115"/>
                    <TextEquiv>
                        <Unicode>Pougin,</Unicode>
                    </TextEquiv>
                    <TextStyle fontFamily="Times New Roman" fontSize="8.5"/>
                </Word>
                <Word id="w_w1aab1c27b2b5b5ad117" language="English" custom="readingOrder {index:10;}">
                    <Coords points="1432,2066 1577,2066 1577,2105 1432,2105"/>
                    <TextEquiv>
                        <Unicode>homme</Unicode>
                    </TextEquiv>
                    <TextStyle fontFamily="Times New Roman" fontSize="8.5"/>
                </Word>
                <TextEquiv>
                    <Unicode>cipales : Boïeldieu, 28 fr., acheté par M. Arthur Pougin, homme</Unicode>
                </TextEquiv>
                <TextStyle fontFamily="Times New Roman" fontSize="8.5"/>
            </TextLine>
            <TextLine id="tl_29" primaryLanguage="English" custom="readingOrder {index:3;}">
                <Coords points="121,2114 1574,2114 1574,2167 121,2167"/>
                <Baseline points="121,2153 1574,2153"/>
                <Word id="w_w1aab1c27b2b5b7ab1" language="English" custom="readingOrder {index:0;}">
                    <Coords points="121,2115 166,2115 166,2152 121,2152"/>
                    <TextEquiv>
                        <Unicode>de</Unicode>
                    </TextEquiv>
                    <TextStyle fontFamily="Times New Roman" fontSize="8.5"/>
                </Word>
                <Word id="w_w1aab1c27b2b5b7ab7" language="English" custom="readingOrder {index:1;}">
                    <Coords points="191,2115 336,2115 336,2160 191,2160"/>
                    <TextEquiv>
                        <Unicode>lettres;</Unicode>
                    </TextEquiv>
                    <TextStyle fontFamily="Times New Roman" fontSize="8.5"/>
                </Word>
                <Word id="w_w1aab1c27b2b5b7ac25" language="English" custom="readingOrder {index:2;}">
                    <Coords points="362,2114 550,2114 550,2158 362,2158"/>
                    <TextEquiv>
                        <Unicode>Boufflers,</Unicode>
                    </TextEquiv>
                    <TextStyle fontFamily="Times New Roman" fontSize="8.5"/>
                </Word>
                <Word id="w_w1aab1c27b2b5b7ac47" language="English" custom="readingOrder {index:3;}">
                    <Coords points="573,2115 595,2115 595,2152 573,2152"/>
                    <TextEquiv>
                        <Unicode>9</Unicode>
                    </TextEquiv>
                    <TextStyle fontFamily="Times New Roman" fontSize="8.5"/>
                </Word>
                <Word id="w_w1aab1c27b2b5b7ac51" language="English" custom="readingOrder {index:4;}">
                    <Coords points="619,2115 662,2115 662,2154 619,2154"/>
                    <TextEquiv>
                        <Unicode>fr.</Unicode>
                    </TextEquiv>
                    <TextStyle fontFamily="Times New Roman" fontSize="8.5"/>
                </Word>
                <Word id="w_w1aab1c27b2b5b7ac59" language="English" custom="readingOrder {index:5;}">
                    <Coords points="682,2115 742,2115 742,2157 682,2157"/>
                    <TextEquiv>
                        <Unicode>80.</Unicode>
                    </TextEquiv>
                    <TextStyle fontFamily="Times New Roman" fontSize="8.5"/>
                </Word>
                <Word id="w_w1aab1c27b2b5b7ac67" language="English" custom="readingOrder {index:6;}">
                    <Coords points="769,2115 895,2115 895,2165 769,2165"/>
                    <TextEquiv>
                        <Unicode>acquis</Unicode>
                    </TextEquiv>
                    <TextStyle fontFamily="Times New Roman" fontSize="8.5"/>
                </Word>
                <Word id="w_w1aab1c27b2b5b7ac81" language="English" custom="readingOrder {index:7;}">
                    <Coords points="914,2126 979,2126 979,2164 914,2164"/>
                    <TextEquiv>
                        <Unicode>par</Unicode>
                    </TextEquiv>
                    <TextStyle fontFamily="Times New Roman" fontSize="8.5"/>
                </Word>
                <Word id="w_w1aab1c27b2b5b7ac89" language="English" custom="readingOrder {index:8;}">
                    <Coords points="1006,2114 1061,2114 1061,2152 1006,2152"/>
                    <TextEquiv>
                        <Unicode>feu</Unicode>
                    </TextEquiv>
                    <TextStyle fontFamily="Times New Roman" fontSize="8.5"/>
                </Word>
                <Word id="w_w1aab1c27b2b5b7ac97" language="English" custom="readingOrder {index:9;}">
                    <Coords points="1085,2115 1129,2115 1129,2153 1085,2153"/>
                    <TextEquiv>
                        <Unicode>M.</Unicode>
                    </TextEquiv>
                    <TextStyle fontFamily="Times New Roman" fontSize="8.5"/>
                </Word>
                <Word id="w_w1aab1c27b2b5b7ad103" language="English" custom="readingOrder {index:10;}">
                    <Coords points="1151,2114 1185,2114 1185,2154 1151,2154"/>
                    <TextEquiv>
                        <Unicode>le</Unicode>
                    </TextEquiv>
                    <TextStyle fontFamily="Times New Roman" fontSize="8.5"/>
                </Word>
                <Word id="w_w1aab1c27b2b5b7ad109" language="English" custom="readingOrder {index:11;}">
                    <Coords points="1206,2116 1367,2116 1367,2165 1206,2165"/>
                    <TextEquiv>
                        <Unicode>marquis</Unicode>
                    </TextEquiv>
                    <TextStyle fontFamily="Times New Roman" fontSize="8.5"/>
                </Word>
                <Word id="w_w1aab1c27b2b5b7ad125" language="English" custom="readingOrder {index:12;}">
                    <Coords points="1379,2115 1425,2115 1425,2153 1379,2153"/>
                    <TextEquiv>
                        <Unicode>de</Unicode>
                    </TextEquiv>
                    <TextStyle fontFamily="Times New Roman" fontSize="8.5"/>
                </Word>
                <Word id="w_w1aab1c27b2b5b7ad131" language="English" custom="readingOrder {index:13;}">
                    <Coords points="1444,2118 1574,2118 1574,2167 1444,2167"/>
                    <TextEquiv>
                        <Unicode>Loyac;</Unicode>
                    </TextEquiv>
                    <TextStyle fontFamily="Times New Roman" fontSize="8.5"/>
                </Word>
                <TextEquiv>
                    <Unicode>de lettres; Boufflers, 9 fr. 80. acquis par feu M. le marquis de Loyac;</Unicode>
                </TextEquiv>
                <TextStyle fontFamily="Times New Roman" fontSize="8.5"/>
            </TextLine>
            <TextLine id="tl_30" primaryLanguage="English" custom="readingOrder {index:4;}">
                <Coords points="121,2164 1577,2164 1577,2214 121,2214"/>
                <Baseline points="121,2203 1577,2203"/>
                <Word id="w_w1aab1c27b2b5b9ab1" language="English" custom="readingOrder {index:0;}">
                    <Coords points="121,2164 292,2164 292,2202 121,2202"/>
                    <TextEquiv>
                        <Unicode>Frédéric</Unicode>
                    </TextEquiv>
                    <TextStyle fontFamily="Times New Roman" fontSize="8.5"/>
                </Word>
                <Word id="w_w1aab1c27b2b5b9ac19" language="English" custom="readingOrder {index:1;}">
                    <Coords points="312,2164 358,2164 358,2206 312,2206"/>
                    <TextEquiv>
                        <Unicode>II,</Unicode>
                    </TextEquiv>
                    <TextStyle fontFamily="Times New Roman" fontSize="8.5"/>
                </Word>
                <Word id="w_w1aab1c27b2b5b9ac27" language="English" custom="readingOrder {index:2;}">
                    <Coords points="384,2164 446,2164 446,2202 384,2202"/>
                    <TextEquiv>
                        <Unicode>let.</Unicode>
                    </TextEquiv>
                    <TextStyle fontFamily="Times New Roman" fontSize="8.5"/>
                </Word>
                <Word id="w_w1aab1c27b2b5b9ac37" language="English" custom="readingOrder {index:3;}">
                    <Coords points="470,2164 527,2164 527,2214 470,2214"/>
                    <TextEquiv>
                        <Unicode>sig</Unicode>
                    </TextEquiv>
                    <TextStyle fontFamily="Times New Roman" fontSize="8.5"/>
                </Word>
                <Word id="w_w1aab1c27b2b5b9ac45" language="English" custom="readingOrder {index:4;}">
                    <Coords points="550,2196 557,2196 557,2210 550,2210"/>
                    <TextEquiv>
                        <Unicode>,</Unicode>
                    </TextEquiv>
                    <TextStyle fontFamily="Times New Roman" fontSize="8.5"/>
                </Word>
                <Word id="w_w1aab1c27b2b5b9ac49" language="English" custom="readingOrder {index:5;}">
                    <Coords points="579,2164 625,2164 625,2202 579,2202"/>
                    <TextEquiv>
                        <Unicode>19</Unicode>
                    </TextEquiv>
                    <TextStyle fontFamily="Times New Roman" fontSize="8.5"/>
                </Word>
                <Word id="w_w1aab1c27b2b5b9ac55" language="English" custom="readingOrder {index:6;}">
                    <Coords points="647,2165 707,2165 707,2211 647,2211"/>
                    <TextEquiv>
                        <Unicode>fr.;</Unicode>
                    </TextEquiv>
                    <TextStyle fontFamily="Times New Roman" fontSize="8.5"/>
                </Word>
                <Word id="w_w1aab1c27b2b5b9ac65" language="English" custom="readingOrder {index:7;}">
                    <Coords points="729,2164 837,2164 837,2203 729,2203"/>
                    <TextEquiv>
                        <Unicode>Louis</Unicode>
                    </TextEquiv>
                    <TextStyle fontFamily="Times New Roman" fontSize="8.5"/>
                </Word>
                <Word id="w_w1aab1c27b2b5b9ac77" language="English" custom="readingOrder {index:8;}">
                    <Coords points="855,2164 940,2164 940,2202 855,2202"/>
                    <TextEquiv>
                        <Unicode>XVI</Unicode>
                    </TextEquiv>
                    <TextStyle fontFamily="Times New Roman" fontSize="8.5"/>
                </Word>
                <Word id="w_w1aab1c27b2b5b9ac85" language="English" custom="readingOrder {index:9;}">
                    <Coords points="959,2172 993,2172 993,2203 959,2203"/>
                    <TextEquiv>
                        <Unicode>et</Unicode>
                    </TextEquiv>
                    <TextStyle fontFamily="Times New Roman" fontSize="8.5"/>
                </Word>
                <Word id="w_w1aab1c27b2b5b9ac91" language="English" custom="readingOrder {index:10;}">
                    <Coords points="1012,2175 1052,2175 1052,2203 1012,2203"/>
                    <TextEquiv>
                        <Unicode>sa</Unicode>
                    </TextEquiv>
                    <TextStyle fontFamily="Times New Roman" fontSize="8.5"/>
                </Word>
                <Word id="w_w1aab1c27b2b5b9ac97" language="English" custom="readingOrder {index:11;}">
                    <Coords points="1070,2176 1170,2176 1170,2213 1070,2213"/>
                    <TextEquiv>
                        <Unicode>cour,</Unicode>
                    </TextEquiv>
                    <TextStyle fontFamily="Times New Roman" fontSize="8.5"/>
                </Word>
                <Word id="w_w1aab1c27b2b5b9ad109" language="English" custom="readingOrder {index:12;}">
                    <Coords points="1192,2165 1241,2165 1241,2203 1192,2203"/>
                    <TextEquiv>
                        <Unicode>fin</Unicode>
                    </TextEquiv>
                    <TextStyle fontFamily="Times New Roman" fontSize="8.5"/>
                </Word>
                <Word id="w_w1aab1c27b2b5b9ad117" language="English" custom="readingOrder {index:13;}">
                    <Coords points="1261,2165 1348,2165 1348,2203 1261,2203"/>
                    <TextEquiv>
                        <Unicode>d’un</Unicode>
                    </TextEquiv>
                    <TextStyle fontFamily="Times New Roman" fontSize="8.5"/>
                </Word>
                <Word id="w_w1aab1c27b2b5b9ad127" language="English" custom="readingOrder {index:14;}">
                    <Coords points="1367,2171 1511,2171 1511,2204 1367,2204"/>
                    <TextEquiv>
                        <Unicode>contrat</Unicode>
                    </TextEquiv>
                    <TextStyle fontFamily="Times New Roman" fontSize="8.5"/>
                </Word>
                <Word id="w_w1aab1c27b2b5b9ad143" language="English" custom="readingOrder {index:15;}">
                    <Coords points="1532,2166 1577,2166 1577,2205 1532,2205"/>
                    <TextEquiv>
                        <Unicode>de</Unicode>
                    </TextEquiv>
                    <TextStyle fontFamily="Times New Roman" fontSize="8.5"/>
                </Word>
                <TextEquiv>
                    <Unicode>Frédéric II, let. sig , 19 fr.; Louis XVI et sa cour, fin d’un contrat de</Unicode>
                </TextEquiv>
                <TextStyle fontFamily="Times New Roman" fontSize="8.5"/>
            </TextLine>
            <TextLine id="tl_31" primaryLanguage="English" custom="readingOrder {index:5;}">
                <Coords points="122,2213 1575,2213 1575,2265 122,2265"/>
                <Baseline points="122,2252 1575,2252"/>
                <Word id="w_w1aab1c27b2b5c11ab1" language="English" custom="readingOrder {index:0;}">
                    <Coords points="122,2214 298,2214 298,2264 122,2264"/>
                    <TextEquiv>
                        <Unicode>mariage,</Unicode>
                    </TextEquiv>
                    <TextStyle fontFamily="Times New Roman" fontSize="8.5"/>
                </Word>
                <Word id="w_w1aab1c27b2b5c11ac19" language="English" custom="readingOrder {index:1;}">
                    <Coords points="323,2214 429,2214 429,2264 323,2264"/>
                    <TextEquiv>
                        <Unicode>signé</Unicode>
                    </TextEquiv>
                    <TextStyle fontFamily="Times New Roman" fontSize="8.5"/>
                </Word>
                <Word id="w_w1aab1c27b2b5c11ac31" language="English" custom="readingOrder {index:2;}">
                    <Coords points="447,2213 494,2213 494,2252 447,2252"/>
                    <TextEquiv>
                        <Unicode>du</Unicode>
                    </TextEquiv>
                    <TextStyle fontFamily="Times New Roman" fontSize="8.5"/>
                </Word>
                <Word id="w_w1aab1c27b2b5c11ac37" language="English" custom="readingOrder {index:3;}">
                    <Coords points="516,2214 583,2214 583,2258 516,2258"/>
                    <TextEquiv>
                        <Unicode>roi,</Unicode>
                    </TextEquiv>
                    <TextStyle fontFamily="Times New Roman" fontSize="8.5"/>
                </Word>
                <Word id="w_w1aab1c27b2b5c11ac47" language="English" custom="readingOrder {index:4;}">
                    <Coords points="605,2214 651,2214 651,2253 605,2253"/>
                    <TextEquiv>
                        <Unicode>de</Unicode>
                    </TextEquiv>
                    <TextStyle fontFamily="Times New Roman" fontSize="8.5"/>
                </Word>
                <Word id="w_w1aab1c27b2b5c11ac53" language="English" custom="readingOrder {index:5;}">
                    <Coords points="679,2214 713,2214 713,2252 679,2252"/>
                    <TextEquiv>
                        <Unicode>la</Unicode>
                    </TextEquiv>
                    <TextStyle fontFamily="Times New Roman" fontSize="8.5"/>
                </Word>
                <Word id="w_w1aab1c27b2b5c11ac59" language="English" custom="readingOrder {index:6;}">
                    <Coords points="746,2214 860,2214 860,2262 746,2262"/>
                    <TextEquiv>
                        <Unicode>reine,</Unicode>
                    </TextEquiv>
                    <TextStyle fontFamily="Times New Roman" fontSize="8.5"/>
                </Word>
                <Word id="w_w1aab1c27b2b5c11ac73" language="English" custom="readingOrder {index:7;}">
                    <Coords points="896,2214 960,2214 960,2253 896,2253"/>
                    <TextEquiv>
                        <Unicode>des</Unicode>
                    </TextEquiv>
                    <TextStyle fontFamily="Times New Roman" fontSize="8.5"/>
                </Word>
                <Word id="w_w1aab1c27b2b5c11ac81" language="English" custom="readingOrder {index:8;}">
                    <Coords points="992,2214 1135,2214 1135,2264 992,2264"/>
                    <TextEquiv>
                        <Unicode>princes</Unicode>
                    </TextEquiv>
                    <TextStyle fontFamily="Times New Roman" fontSize="8.5"/>
                </Word>
                <Word id="w_w1aab1c27b2b5c11ac97" language="English" custom="readingOrder {index:9;}">
                    <Coords points="1162,2221 1197,2221 1197,2253 1162,2253"/>
                    <TextEquiv>
                        <Unicode>et</Unicode>
                    </TextEquiv>
                    <TextStyle fontFamily="Times New Roman" fontSize="8.5"/>
                </Word>
                <Word id="w_w1aab1c27b2b5c11ad103" language="English" custom="readingOrder {index:10;}">
                    <Coords points="1231,2215 1449,2215 1449,2265 1231,2265"/>
                    <TextEquiv>
                        <Unicode>princesses,</Unicode>
                    </TextEquiv>
                    <TextStyle fontFamily="Times New Roman" fontSize="8.5"/>
                </Word>
                <Word id="w_w1aab1c27b2b5c11ad127" language="English" custom="readingOrder {index:11;}">
                    <Coords points="1487,2221 1575,2221 1575,2265 1487,2265"/>
                    <TextEquiv>
                        <Unicode>etc.,</Unicode>
                    </TextEquiv>
                    <TextStyle fontFamily="Times New Roman" fontSize="8.5"/>
                </Word>
                <TextEquiv>
                    <Unicode>mariage, signé du roi, de la reine, des princes et princesses, etc.,</Unicode>
                </TextEquiv>
                <TextStyle fontFamily="Times New Roman" fontSize="8.5"/>
            </TextLine>
            <TextLine id="tl_32" primaryLanguage="English" custom="readingOrder {index:6;}">
                <Coords points="120,2263 1575,2263 1575,2315 120,2315"/>
                <Baseline points="120,2302 1575,2302"/>
                <Word id="w_w1aab1c27b2b5c13ab1" language="English" custom="readingOrder {index:0;}">
                    <Coords points="120,2263 162,2263 162,2301 120,2301"/>
                    <TextEquiv>
                        <Unicode>41</Unicode>
                    </TextEquiv>
                    <TextStyle fontFamily="Times New Roman" fontSize="8.5"/>
                </Word>
                <Word id="w_w1aab1c27b2b5c13ab7" language="English" custom="readingOrder {index:1;}">
                    <Coords points="190,2264 250,2264 250,2311 190,2311"/>
                    <TextEquiv>
                        <Unicode>fr.;</Unicode>
                    </TextEquiv>
                    <TextStyle fontFamily="Times New Roman" fontSize="8.5"/>
                </Word>
                <Word id="w_w1aab1c27b2b5c13ac17" language="English" custom="readingOrder {index:2;}">
                    <Coords points="278,2264 494,2264 494,2302 278,2302"/>
                    <TextEquiv>
                        <Unicode>Mainlenon</Unicode>
                    </TextEquiv>
                    <TextStyle fontFamily="Times New Roman" fontSize="8.5"/>
                </Word>
                <Word id="w_w1aab1c27b2b5c13ac37" language="English" custom="readingOrder {index:3;}">
                    <Coords points="510,2263 560,2263 560,2313 510,2313"/>
                    <TextEquiv>
                        <Unicode>(M</Unicode>
                    </TextEquiv>
                    <TextStyle fontFamily="Times New Roman" fontSize="8.5"/>
                </Word>
                <Word id="w_w1aab1c27b2b5c13b1b1" language="English" custom="readingOrder {index:4;}">
                    <Coords points="565,2271 604,2271 604,2288 565,2288"/>
                    <TextEquiv>
                        <Unicode>me</Unicode>
                    </TextEquiv>
                    <TextStyle fontFamily="Times New Roman" fontSize="8.5" superscript="true"/>
                </Word>
                <Word id="w_w1aab1c27b2b5c13b2b3" language="English" custom="readingOrder {index:5;}">
                    <Coords points="623,2263 692,2263 692,2312 623,2312"/>
                    <TextEquiv>
                        <Unicode>de),</Unicode>
                    </TextEquiv>
                    <TextStyle fontFamily="Times New Roman" fontSize="8.5"/>
                </Word>
                <Word id="w_w1aab1c27b2b5c13b2c13" language="English" custom="readingOrder {index:6;}">
                    <Coords points="717,2264 778,2264 778,2302 717,2302"/>
                    <TextEquiv>
                        <Unicode>let.</Unicode>
                    </TextEquiv>
                    <TextStyle fontFamily="Times New Roman" fontSize="8.5"/>
                </Word>
                <Word id="w_w1aab1c27b2b5c13b2c23" language="English" custom="readingOrder {index:7;}">
                    <Coords points="799,2270 892,2270 892,2310 799,2310"/>
                    <TextEquiv>
                        <Unicode>aut.,</Unicode>
                    </TextEquiv>
                    <TextStyle fontFamily="Times New Roman" fontSize="8.5"/>
                </Word>
                <Word id="w_w1aab1c27b2b5c13b2c35" language="English" custom="readingOrder {index:8;}">
                    <Coords points="920,2263 966,2263 966,2302 920,2302"/>
                    <TextEquiv>
                        <Unicode>23</Unicode>
                    </TextEquiv>
                    <TextStyle fontFamily="Times New Roman" fontSize="8.5"/>
                </Word>
                <Word id="w_w1aab1c27b2b5c13b2c41" language="English" custom="readingOrder {index:9;}">
                    <Coords points="1002,2264 1061,2264 1061,2310 1002,2310"/>
                    <TextEquiv>
                        <Unicode>fr.;</Unicode>
                    </TextEquiv>
                    <TextStyle fontFamily="Times New Roman" fontSize="8.5"/>
                </Word>
                <Word id="w_w1aab1c27b2b5c13b2c51" language="English" custom="readingOrder {index:10;}">
                    <Coords points="1102,2264 1306,2264 1306,2315 1102,2315"/>
                    <TextEquiv>
                        <Unicode>Millevoye,</Unicode>
                    </TextEquiv>
                    <TextStyle fontFamily="Times New Roman" fontSize="8.5"/>
                </Word>
                <Word id="w_w1aab1c27b2b5c13b2c73" language="English" custom="readingOrder {index:11;}">
                    <Coords points="1343,2264 1386,2264 1386,2303 1343,2303"/>
                    <TextEquiv>
                        <Unicode>10</Unicode>
                    </TextEquiv>
                    <TextStyle fontFamily="Times New Roman" fontSize="8.5"/>
                </Word>
                <Word id="w_w1aab1c27b2b5c13b2c79" language="English" custom="readingOrder {index:12;}">
                    <Coords points="1417,2264 1461,2264 1461,2304 1417,2304"/>
                    <TextEquiv>
                        <Unicode>fr.</Unicode>
                    </TextEquiv>
                    <TextStyle fontFamily="Times New Roman" fontSize="8.5"/>
                </Word>
                <Word id="w_w1aab1c27b2b5c13b2c87" language="English" custom="readingOrder {index:13;}">
                    <Coords points="1499,2266 1575,2266 1575,2312 1499,2312"/>
                    <TextEquiv>
                        <Unicode>50;</Unicode>
                    </TextEquiv>
                    <TextStyle fontFamily="Times New Roman" fontSize="8.5"/>
                </Word>
                <TextEquiv>
                    <Unicode>41 fr.; Maintenon (Mme de), let. aut., 23 fr.; Millevoye, 10 fr. 50;</Unicode>
                </TextEquiv>
            </TextLine>
            <TextLine id="tl_33" primaryLanguage="English" custom="readingOrder {index:7;}">
                <Coords points="122,2312 1575,2312 1575,2364 122,2364"/>
                <Baseline points="122,2352 1575,2352"/>
                <Word id="w_w1aab1c27b2b5c15ab1" language="English" custom="readingOrder {index:0;}">
                    <Coords points="122,2312 277,2312 277,2361 122,2361"/>
                    <TextEquiv>
                        <Unicode>Necker,</Unicode>
                    </TextEquiv>
                    <TextStyle fontFamily="Times New Roman" fontSize="8.5"/>
                </Word>
                <Word id="w_w1aab1c27b2b5c15ac17" language="English" custom="readingOrder {index:1;}">
                    <Coords points="298,2313 346,2313 346,2352 298,2352"/>
                    <TextEquiv>
                        <Unicode>10</Unicode>
                    </TextEquiv>
                    <TextStyle fontFamily="Times New Roman" fontSize="8.5"/>
                </Word>
                <Word id="w_w1aab1c27b2b5c15ac23" language="English" custom="readingOrder {index:2;}">
                    <Coords points="365,2313 431,2313 431,2360 365,2360"/>
                    <TextEquiv>
                        <Unicode>fr.;</Unicode>
                    </TextEquiv>
                    <TextStyle fontFamily="Times New Roman" fontSize="8.5"/>
                </Word>
                <Word id="w_w1aab1c27b2b5c15ac33" language="English" custom="readingOrder {index:3;}">
                    <Coords points="454,2313 604,2313 604,2360 454,2360"/>
                    <TextEquiv>
                        <Unicode>Nodier,</Unicode>
                    </TextEquiv>
                    <TextStyle fontFamily="Times New Roman" fontSize="8.5"/>
                </Word>
                <Word id="w_w1aab1c27b2b5c15ac49" language="English" custom="readingOrder {index:4;}">
                    <Coords points="622,2314 644,2314 644,2352 622,2352"/>
                    <TextEquiv>
                        <Unicode>8</Unicode>
                    </TextEquiv>
                    <TextStyle fontFamily="Times New Roman" fontSize="8.5"/>
                </Word>
                <Word id="w_w1aab1c27b2b5c15ac53" language="English" custom="readingOrder {index:5;}">
                    <Coords points="660,2313 702,2313 702,2352 660,2352"/>
                    <TextEquiv>
                        <Unicode>fr.</Unicode>
                    </TextEquiv>
                    <TextStyle fontFamily="Times New Roman" fontSize="8.5"/>
                </Word>
                <Word id="w_w1aab1c27b2b5c15ac61" language="English" custom="readingOrder {index:6;}">
                    <Coords points="727,2312 796,2312 796,2361 727,2361"/>
                    <TextEquiv>
                        <Unicode>60;</Unicode>
                    </TextEquiv>
                    <TextStyle fontFamily="Times New Roman" fontSize="8.5"/>
                </Word>
                <Word id="w_w1aab1c27b2b5c15ac69" language="English" custom="readingOrder {index:7;}">
                    <Coords points="820,2313 953,2313 953,2364 820,2364"/>
                    <TextEquiv>
                        <Unicode>Parny,</Unicode>
                    </TextEquiv>
                    <TextStyle fontFamily="Times New Roman" fontSize="8.5"/>
                </Word>
                <Word id="w_w1aab1c27b2b5c15ac83" language="English" custom="readingOrder {index:8;}">
                    <Coords points="976,2313 1023,2313 1023,2352 976,2352"/>
                    <TextEquiv>
                        <Unicode>16</Unicode>
                    </TextEquiv>
                    <TextStyle fontFamily="Times New Roman" fontSize="8.5"/>
                </Word>
                <Word id="w_w1aab1c27b2b5c15ac89" language="English" custom="readingOrder {index:9;}">
                    <Coords points="1045,2313 1106,2313 1106,2361 1045,2361"/>
                    <TextEquiv>
                        <Unicode>fr.;</Unicode>
                    </TextEquiv>
                    <TextStyle fontFamily="Times New Roman" fontSize="8.5"/>
                </Word>
                <Word id="w_w1aab1c27b2b5c15ac99" language="English" custom="readingOrder {index:10;}">
                    <Coords points="1127,2313 1291,2313 1291,2359 1127,2359"/>
                    <TextEquiv>
                        <Unicode>Soufflot,</Unicode>
                    </TextEquiv>
                    <TextStyle fontFamily="Times New Roman" fontSize="8.5"/>
                </Word>
                <Word id="w_w1aab1c27b2b5c15ad119" language="English" custom="readingOrder {index:11;}">
                    <Coords points="1313,2314 1336,2314 1336,2361 1313,2361"/>
                    <TextEquiv>
                        <Unicode>8fr.;</Unicode>
                    </TextEquiv>
                    <TextStyle fontFamily="Times New Roman" fontSize="8.5"/>
                </Word>
                <Word id="w_w1aab1c27b2b5c15ad131" language="English" custom="readingOrder {index:12;}">
                    <Coords points="1430,2314 1575,2314 1575,2364 1430,2364"/>
                    <TextEquiv>
                        <Unicode>Surian,</Unicode>
                    </TextEquiv>
                    <TextStyle fontFamily="Times New Roman" fontSize="8.5"/>
                </Word>
                <Word id="word_1538157325225_272" custom="readingOrder {index:13;}">
                    <Coords points="1349,2314 1416,2314 1416,2364 1349,2364"/>
                    <TextEquiv>
                        <Unicode></Unicode>
                    </TextEquiv>
                </Word>
                <TextEquiv>
                    <Unicode>Necker, 10 fr.; Nodier, 8 fr. 50; Parny, 16 fr.; Soufflot, 8 fr.; Surian,</Unicode>
                </TextEquiv>
                <TextStyle fontFamily="Times New Roman" fontSize="8.5"/>
            </TextLine>
            <TextLine id="tl_34" primaryLanguage="English" custom="readingOrder {index:8;}">
                <Coords points="122,2362 583,2362 583,2410 122,2410"/>
                <Baseline points="122,2401 583,2401"/>
                <Word id="w_w1aab1c27b2b5c17ab1" language="English" custom="readingOrder {index:0;}">
                    <Coords points="122,2363 167,2363 167,2402 122,2402"/>
                    <TextEquiv>
                        <Unicode>de</Unicode>
                    </TextEquiv>
                    <TextStyle fontFamily="Times New Roman" fontSize="8.5"/>
                </Word>
                <Word id="w_w1aab1c27b2b5c17ab7" language="English" custom="readingOrder {index:1;}">
                    <Coords points="184,2362 339,2362 339,2408 184,2408"/>
                    <TextEquiv>
                        <Unicode>l’Acad.,</Unicode>
                    </TextEquiv>
                    <TextStyle fontFamily="Times New Roman" fontSize="8.5"/>
                </Word>
                <Word id="w_w1aab1c27b2b5c17ac25" language="English" custom="readingOrder {index:2;}">
                    <Coords points="363,2363 405,2363 405,2400 363,2400"/>
                    <TextEquiv>
                        <Unicode>11</Unicode>
                    </TextEquiv>
                    <TextStyle fontFamily="Times New Roman" fontSize="8.5"/>
                </Word>
                <Word id="w_w1aab1c27b2b5c17ac31" language="English" custom="readingOrder {index:3;}">
                    <Coords points="433,2363 494,2363 494,2410 433,2410"/>
                    <TextEquiv>
                        <Unicode>fr.,</Unicode>
                    </TextEquiv>
                    <TextStyle fontFamily="Times New Roman" fontSize="8.5"/>
                </Word>
                <Word id="w_w1aab1c27b2b5c17ac41" language="English" custom="readingOrder {index:4;}">
                    <Coords points="515,2369 583,2369 583,2401 515,2401"/>
                    <TextEquiv>
                        <Unicode>etc.</Unicode>
                    </TextEquiv>
                    <TextStyle fontFamily="Times New Roman" fontSize="8.5"/>
                </Word>
                <TextEquiv>
                    <Unicode>de l’Acad., 11 fr., etc.</Unicode>
                </TextEquiv>
                <TextStyle fontFamily="Times New Roman" fontSize="8.5"/>
            </TextLine>
            <TextEquiv>
                <Unicode>La collection Gegner était peu importante. Elle renfermait pourtant
quelques pièces qui ont leur intérêt. Voici les prix de vente des prin¬
cipales : Boïeldieu, 28 fr., acheté par M. Arthur Pougin, homme
de lettres; Boufflers, 9 fr. 80. acquis par feu M. le marquis de Loyac;
Frédéric II, let. sig , 19 fr.; Louis XVI et sa cour, fin d’un contrat de
mariage, signé du roi, de la reine, des princes et princesses, etc.,
41 fr.; Maintenon (Mme de), let. aut., 23 fr.; Millevoye, 10 fr. 50;
Necker, 10 fr.; Nodier, 8 fr. 50; Parny, 16 fr.; Soufflot, 8 fr.; Surian,
de l’Acad., 11 fr., etc.</Unicode>
            </TextEquiv>
        </TextRegion>
        <TextRegion type="paragraph" id="r_14_4" custom="readingOrder {index:17;}">
            <Coords points="122,2410 1581,2410 1581,2662 122,2662"/>
            <TextLine id="tl_35" primaryLanguage="English" custom="readingOrder {index:0;}">
                <Coords points="174,2411 1578,2411 1578,2473 174,2473"/>
                <Baseline points="174,2451 1578,2451"/>
                <Word id="w_w1aab1c27b2b7b1ab1" language="English" custom="readingOrder {index:0;}">
                    <Coords points="174,2413 224,2413 224,2451 174,2451"/>
                    <TextEquiv>
                        <Unicode>La</Unicode>
                    </TextEquiv>
                    <TextStyle fontFamily="Times New Roman" fontSize="8.5"/>
                </Word>
                <Word id="w_w1aab1c27b2b7b1ab7" language="English" custom="readingOrder {index:1;}">
                    <Coords points="240,2418 347,2418 347,2451 240,2451"/>
                    <TextEquiv>
                        <Unicode>vente</Unicode>
                    </TextEquiv>
                    <TextStyle fontFamily="Times New Roman" fontSize="8.5"/>
                </Word>
                <Word id="w_w1aab1c27b2b7b1ac19" language="English" custom="readingOrder {index:2;}">
                    <Coords points="370,2412 414,2412 414,2451 370,2451"/>
                    <TextEquiv>
                        <Unicode>de</Unicode>
                    </TextEquiv>
                    <TextStyle fontFamily="Times New Roman" fontSize="8.5"/>
                </Word>
                <Word id="w_w1aab1c27b2b7b1ac25" language="English" custom="readingOrder {index:3;}">
                    <Coords points="434,2413 469,2413 469,2450 434,2450"/>
                    <TextEquiv>
                        <Unicode>la</Unicode>
                    </TextEquiv>
                    <TextStyle fontFamily="Times New Roman" fontSize="8.5"/>
                </Word>
                <Word id="w_w1aab1c27b2b7b1ac31" language="English" custom="readingOrder {index:4;}">
                    <Coords points="484,2412 676,2412 676,2451 484,2451"/>
                    <TextEquiv>
                        <Unicode>collection</Unicode>
                    </TextEquiv>
                    <TextStyle fontFamily="Times New Roman" fontSize="8.5"/>
                </Word>
                <Word id="w_w1aab1c27b2b7b1ac53" language="English" custom="readingOrder {index:5;}">
                    <Coords points="695,2412 740,2412 740,2451 695,2451"/>
                    <TextEquiv>
                        <Unicode>de</Unicode>
                    </TextEquiv>
                    <TextStyle fontFamily="Times New Roman" fontSize="8.5"/>
                </Word>
                <Word id="w_w1aab1c27b2b7b1ac59" language="English" custom="readingOrder {index:6;}">
                    <Coords points="755,2412 803,2412 803,2451 755,2451"/>
                    <TextEquiv>
                        <Unicode>M.</Unicode>
                    </TextEquiv>
                    <TextStyle fontFamily="Times New Roman" fontSize="8.5"/>
                </Word>
                <Word id="w_w1aab1c27b2b7b1ac65" language="English" custom="readingOrder {index:7;}">
                    <Coords points="825,2413 858,2413 858,2450 825,2450"/>
                    <TextEquiv>
                        <Unicode>le</Unicode>
                    </TextEquiv>
                    <TextStyle fontFamily="Times New Roman" fontSize="8.5"/>
                </Word>
                <Word id="w_w1aab1c27b2b7b1ac71" language="English" custom="readingOrder {index:8;}">
                    <Coords points="875,2412 1025,2412 1025,2450 875,2450"/>
                    <TextEquiv>
                        <Unicode>docteur</Unicode>
                    </TextEquiv>
                    <TextStyle fontFamily="Times New Roman" fontSize="8.5"/>
                </Word>
                <Word id="w_w1aab1c27b2b7b1ac87" language="English" custom="readingOrder {index:9;}">
                    <Coords points="1045,2411 1241,2411 1241,2473 1045,2473"/>
                    <TextEquiv>
                        <Unicode>E^ide-Fr.</Unicode>
                    </TextEquiv>
                    <TextStyle fontFamily="Times New Roman" fontSize="8.5"/>
                </Word>
                <Word id="w_w1aab1c27b2b7b1ad107" language="English" custom="readingOrder {index:10;}">
                    <Coords points="1266,2413 1390,2413 1390,2455 1266,2455"/>
                    <TextEquiv>
                        <Unicode>Succi,</Unicode>
                    </TextEquiv>
                    <TextStyle fontFamily="Times New Roman" fontSize="8.5"/>
                </Word>
                <Word id="w_w1aab1c27b2b7b1ad121" language="English" custom="readingOrder {index:11;}">
                    <Coords points="1428,2413 1473,2413 1473,2452 1428,2452"/>
                    <TextEquiv>
                        <Unicode>de</Unicode>
                    </TextEquiv>
                    <TextStyle fontFamily="Times New Roman" fontSize="8.5"/>
                </Word>
                <Word id="w_w1aab1c27b2b7b1ad127" language="English" custom="readingOrder {index:12;}">
                    <Coords points="1507,2414 1578,2414 1578,2452 1507,2452"/>
                    <TextEquiv>
                        <Unicode>Bo¬</Unicode>
                    </TextEquiv>
                    <TextStyle fontFamily="Times New Roman" fontSize="8.5"/>
                </Word>
                <TextEquiv>
                    <Unicode>La vente de la collection de M. le docteur Egide-Fr. Succi, de Bo¬</Unicode>
                </TextEquiv>
                <TextStyle fontFamily="Times New Roman" fontSize="8.5"/>
            </TextLine>
            <TextLine id="tl_36" primaryLanguage="English" custom="readingOrder {index:1;}">
                <Coords points="123,2462 1579,2462 1579,2514 123,2514"/>
                <Baseline points="123,2501 1579,2501"/>
                <Word id="w_w1aab1c27b2b7b3ab1" language="English" custom="readingOrder {index:0;}">
                    <Coords points="123,2462 243,2462 243,2512 123,2512"/>
                    <TextEquiv>
                        <Unicode>logne,</Unicode>
                    </TextEquiv>
                    <TextStyle fontFamily="Times New Roman" fontSize="8.5"/>
                </Word>
                <Word id="w_w1aab1c27b2b7b3ac15" language="English" custom="readingOrder {index:1;}">
                    <Coords points="266,2474 285,2474 285,2500 266,2500"/>
                    <TextEquiv>
                        <Unicode>a</Unicode>
                    </TextEquiv>
                    <TextStyle fontFamily="Times New Roman" fontSize="8.5"/>
                </Word>
                <Word id="w_w1aab1c27b2b7b3ac19" language="English" custom="readingOrder {index:2;}">
                    <Coords points="305,2473 349,2473 349,2500 305,2500"/>
                    <TextEquiv>
                        <Unicode>eu</Unicode>
                    </TextEquiv>
                    <TextStyle fontFamily="Times New Roman" fontSize="8.5"/>
                </Word>
                <Word id="w_w1aab1c27b2b7b3ac25" language="English" custom="readingOrder {index:3;}">
                    <Coords points="370,2462 441,2462 441,2501 370,2501"/>
                    <TextEquiv>
                        <Unicode>lieu</Unicode>
                    </TextEquiv>
                    <TextStyle fontFamily="Times New Roman" fontSize="8.5"/>
                </Word>
                <Word id="w_w1aab1c27b2b7b3ac35" language="English" custom="readingOrder {index:4;}">
                    <Coords points="461,2463 513,2463 513,2501 461,2501"/>
                    <TextEquiv>
                        <Unicode>les</Unicode>
                    </TextEquiv>
                    <TextStyle fontFamily="Times New Roman" fontSize="8.5"/>
                </Word>
                <Word id="w_w1aab1c27b2b7b3ac43" language="English" custom="readingOrder {index:5;}">
                    <Coords points="532,2463 575,2463 575,2501 532,2501"/>
                    <TextEquiv>
                        <Unicode>21</Unicode>
                    </TextEquiv>
                    <TextStyle fontFamily="Times New Roman" fontSize="8.5"/>
                </Word>
                <Word id="w_w1aab1c27b2b7b3ac49" language="English" custom="readingOrder {index:6;}">
                    <Coords points="607,2470 643,2470 643,2501 607,2501"/>
                    <TextEquiv>
                        <Unicode>et</Unicode>
                    </TextEquiv>
                    <TextStyle fontFamily="Times New Roman" fontSize="8.5"/>
                </Word>
                <Word id="w_w1aab1c27b2b7b3ac55" language="English" custom="readingOrder {index:7;}">
                    <Coords points="658,2462 705,2462 705,2500 658,2500"/>
                    <TextEquiv>
                        <Unicode>22</Unicode>
                    </TextEquiv>
                    <TextStyle fontFamily="Times New Roman" fontSize="8.5"/>
                </Word>
                <Word id="w_w1aab1c27b2b7b3ac61" language="English" custom="readingOrder {index:8;}">
                    <Coords points="723,2462 805,2462 805,2500 723,2500"/>
                    <TextEquiv>
                        <Unicode>mai.</Unicode>
                    </TextEquiv>
                    <TextStyle fontFamily="Times New Roman" fontSize="8.5"/>
                </Word>
                <Word id="w_w1aab1c27b2b7b3ac71" language="English" custom="readingOrder {index:9;}">
                    <Coords points="829,2462 1026,2462 1026,2512 829,2512"/>
                    <TextEquiv>
                        <Unicode>Composée</Unicode>
                    </TextEquiv>
                    <TextStyle fontFamily="Times New Roman" fontSize="8.5"/>
                </Word>
                <Word id="w_w1aab1c27b2b7b3ac89" language="English" custom="readingOrder {index:10;}">
                    <Coords points="1053,2463 1074,2463 1074,2500 1053,2500"/>
                    <TextEquiv>
                        <Unicode>d</Unicode>
                    </TextEquiv>
                    <TextStyle fontFamily="Times New Roman" fontSize="8.5"/>
                </Word>
                <Word id="w_w1aab1c27b2b7b3ac93" language="English" custom="readingOrder {index:11;}">
                    <Coords points="1091,2474 1140,2474 1140,2500 1091,2500"/>
                    <TextEquiv>
                        <Unicode>un</Unicode>
                    </TextEquiv>
                    <TextStyle fontFamily="Times New Roman" fontSize="8.5"/>
                </Word>
                <Word id="w_w1aab1c27b2b7b3ac99" language="English" custom="readingOrder {index:12;}">
                    <Coords points="1159,2462 1266,2462 1266,2502 1159,2502"/>
                    <TextEquiv>
                        <Unicode>choix</Unicode>
                    </TextEquiv>
                    <TextStyle fontFamily="Times New Roman" fontSize="8.5"/>
                </Word>
                <Word id="w_w1aab1c27b2b7b3ad111" language="English" custom="readingOrder {index:13;}">
                    <Coords points="1284,2462 1328,2462 1328,2502 1284,2502"/>
                    <TextEquiv>
                        <Unicode>de</Unicode>
                    </TextEquiv>
                    <TextStyle fontFamily="Times New Roman" fontSize="8.5"/>
                </Word>
                <Word id="w_w1aab1c27b2b7b3ad117" language="English" custom="readingOrder {index:14;}">
                    <Coords points="1349,2463 1482,2463 1482,2514 1349,2514"/>
                    <TextEquiv>
                        <Unicode>pièces,</Unicode>
                    </TextEquiv>
                    <TextStyle fontFamily="Times New Roman" fontSize="8.5"/>
                </Word>
                <Word id="w_w1aab1c27b2b7b3ad133" language="English" custom="readingOrder {index:15;}">
                    <Coords points="1510,2463 1579,2463 1579,2502 1510,2502"/>
                    <TextEquiv>
                        <Unicode>elle</Unicode>
                    </TextEquiv>
                    <TextStyle fontFamily="Times New Roman" fontSize="8.5"/>
                </Word>
                <TextEquiv>
                    <Unicode>logne, a eu lieu les 21 et 22 mai. Composée d'un choix de pièces, elle</Unicode>
                </TextEquiv>
                <TextStyle fontFamily="Times New Roman" fontSize="8.5"/>
            </TextLine>
            <TextLine id="tl_37" primaryLanguage="English" custom="readingOrder {index:2;}">
                <Coords points="123,2511 1580,2511 1580,2562 123,2562"/>
                <Baseline points="123,2550 1580,2550"/>
                <Word id="w_w1aab1c27b2b7b5ab1" language="English" custom="readingOrder {index:0;}">
                    <Coords points="123,2524 144,2524 144,2550 123,2550"/>
                    <TextEquiv>
                        <Unicode>a</Unicode>
                    </TextEquiv>
                    <TextStyle fontFamily="Times New Roman" fontSize="8.5"/>
                </Word>
                <Word id="w_w1aab1c27b2b7b5ab5" language="English" custom="readingOrder {index:1;}">
                    <Coords points="164,2525 208,2525 208,2550 164,2550"/>
                    <TextEquiv>
                        <Unicode>eu</Unicode>
                    </TextEquiv>
                    <TextStyle fontFamily="Times New Roman" fontSize="8.5"/>
                </Word>
                <Word id="w_w1aab1c27b2b7b5ac11" language="English" custom="readingOrder {index:2;}">
                    <Coords points="230,2524 277,2524 277,2551 230,2551"/>
                    <TextEquiv>
                        <Unicode>un</Unicode>
                    </TextEquiv>
                    <TextStyle fontFamily="Times New Roman" fontSize="8.5"/>
                </Word>
                <Word id="w_w1aab1c27b2b7b5ac17" language="English" custom="readingOrder {index:3;}">
                    <Coords points="296,2511 447,2511 447,2551 296,2551"/>
                    <TextEquiv>
                        <Unicode>brillant</Unicode>
                    </TextEquiv>
                    <TextStyle fontFamily="Times New Roman" fontSize="8.5"/>
                </Word>
                <Word id="w_w1aab1c27b2b7b5ac35" language="English" custom="readingOrder {index:4;}">
                    <Coords points="465,2515 605,2515 605,2556 465,2556"/>
                    <TextEquiv>
                        <Unicode>succès,</Unicode>
                    </TextEquiv>
                    <TextStyle fontFamily="Times New Roman" fontSize="8.5"/>
                </Word>
                <Word id="w_w1aab1c27b2b7b5ac51" language="English" custom="readingOrder {index:5;}">
                    <Coords points="629,2512 708,2512 708,2561 629,2561"/>
                    <TextEquiv>
                        <Unicode>égal</Unicode>
                    </TextEquiv>
                    <TextStyle fontFamily="Times New Roman" fontSize="8.5"/>
                </Word>
                <Word id="w_w1aab1c27b2b7b5ac61" language="English" custom="readingOrder {index:6;}">
                    <Coords points="726,2513 748,2513 748,2550 726,2550"/>
                    <TextEquiv>
                        <Unicode>à</Unicode>
                    </TextEquiv>
                    <TextStyle fontFamily="Times New Roman" fontSize="8.5"/>
                </Word>
                <Word id="w_w1aab1c27b2b7b5ac65" language="English" custom="readingOrder {index:7;}">
                    <Coords points="763,2511 857,2511 857,2550 763,2550"/>
                    <TextEquiv>
                        <Unicode>celui</Unicode>
                    </TextEquiv>
                    <TextStyle fontFamily="Times New Roman" fontSize="8.5"/>
                </Word>
                <Word id="w_w1aab1c27b2b7b5ac77" language="English" custom="readingOrder {index:8;}">
                    <Coords points="879,2512 924,2512 924,2550 879,2550"/>
                    <TextEquiv>
                        <Unicode>de</Unicode>
                    </TextEquiv>
                    <TextStyle fontFamily="Times New Roman" fontSize="8.5"/>
                </Word>
                <Word id="w_w1aab1c27b2b7b5ac83" language="English" custom="readingOrder {index:9;}">
                    <Coords points="946,2512 980,2512 980,2549 946,2549"/>
                    <TextEquiv>
                        <Unicode>la</Unicode>
                    </TextEquiv>
                    <TextStyle fontFamily="Times New Roman" fontSize="8.5"/>
                </Word>
                <Word id="w_w1aab1c27b2b7b5ac89" language="English" custom="readingOrder {index:10;}">
                    <Coords points="995,2512 1173,2512 1173,2562 995,2562"/>
                    <TextEquiv>
                        <Unicode>première</Unicode>
                    </TextEquiv>
                    <TextStyle fontFamily="Times New Roman" fontSize="8.5"/>
                </Word>
                <Word id="w_w1aab1c27b2b7b5ad107" language="English" custom="readingOrder {index:11;}">
                    <Coords points="1191,2520 1311,2520 1311,2559 1191,2559"/>
                    <TextEquiv>
                        <Unicode>vente,</Unicode>
                    </TextEquiv>
                    <TextStyle fontFamily="Times New Roman" fontSize="8.5"/>
                </Word>
                <Word id="w_w1aab1c27b2b7b5ad121" language="English" custom="readingOrder {index:12;}">
                    <Coords points="1336,2512 1422,2512 1422,2552 1336,2552"/>
                    <TextEquiv>
                        <Unicode>faite</Unicode>
                    </TextEquiv>
                    <TextStyle fontFamily="Times New Roman" fontSize="8.5"/>
                </Word>
                <Word id="w_w1aab1c27b2b7b5ad133" language="English" custom="readingOrder {index:13;}">
                    <Coords points="1442,2513 1539,2513 1539,2551 1442,2551"/>
                    <TextEquiv>
                        <Unicode>aussi</Unicode>
                    </TextEquiv>
                    <TextStyle fontFamily="Times New Roman" fontSize="8.5"/>
                </Word>
                <Word id="w_w1aab1c27b2b7b5ad145" language="English" custom="readingOrder {index:14;}">
                    <Coords points="1558,2516 1580,2516 1580,2551 1558,2551"/>
                    <TextEquiv>
                        <Unicode>à</Unicode>
                    </TextEquiv>
                    <TextStyle fontFamily="Times New Roman" fontSize="8.5"/>
                </Word>
                <TextEquiv>
                    <Unicode>a eu un brillant succès, égal à celui de la première vente, faite aussi à</Unicode>
                </TextEquiv>
                <TextStyle fontFamily="Times New Roman" fontSize="8.5"/>
            </TextLine>
            <TextLine id="tl_38" primaryLanguage="English" custom="readingOrder {index:3;}">
                <Coords points="124,2561 1579,2561 1579,2611 124,2611"/>
                <Baseline points="124,2600 1579,2600"/>
                <Word id="w_w1aab1c27b2b7b7ab1" language="English" custom="readingOrder {index:0;}">
                    <Coords points="124,2562 240,2562 240,2610 124,2610"/>
                    <TextEquiv>
                        <Unicode>Paris,</Unicode>
                    </TextEquiv>
                    <TextStyle fontFamily="Times New Roman" fontSize="8.5"/>
                </Word>
                <Word id="w_w1aab1c27b2b7b7ac15" language="English" custom="readingOrder {index:1;}">
                    <Coords points="263,2572 308,2572 308,2600 263,2600"/>
                    <TextEquiv>
                        <Unicode>en</Unicode>
                    </TextEquiv>
                    <TextStyle fontFamily="Times New Roman" fontSize="8.5"/>
                </Word>
                <Word id="w_w1aab1c27b2b7b7ac21" language="English" custom="readingOrder {index:2;}">
                    <Coords points="336,2561 447,2561 447,2608 336,2608"/>
                    <TextEquiv>
                        <Unicode>1863,</Unicode>
                    </TextEquiv>
                    <TextStyle fontFamily="Times New Roman" fontSize="8.5"/>
                </Word>
                <Word id="w_w1aab1c27b2b7b7ac33" language="English" custom="readingOrder {index:3;}">
                    <Coords points="471,2573 534,2573 534,2600 471,2600"/>
                    <TextEquiv>
                        <Unicode>car</Unicode>
                    </TextEquiv>
                    <TextStyle fontFamily="Times New Roman" fontSize="8.5"/>
                </Word>
                <Word id="w_w1aab1c27b2b7b7ac41" language="English" custom="readingOrder {index:4;}">
                    <Coords points="551,2562 641,2562 641,2600 551,2600"/>
                    <TextEquiv>
                        <Unicode>c’est</Unicode>
                    </TextEquiv>
                    <TextStyle fontFamily="Times New Roman" fontSize="8.5"/>
                </Word>
                <Word id="w_w1aab1c27b2b7b7ac53" language="English" custom="readingOrder {index:5;}">
                    <Coords points="671,2562 704,2562 704,2599 671,2599"/>
                    <TextEquiv>
                        <Unicode>la</Unicode>
                    </TextEquiv>
                    <TextStyle fontFamily="Times New Roman" fontSize="8.5"/>
                </Word>
                <Word id="w_w1aab1c27b2b7b7ac59" language="English" custom="readingOrder {index:6;}">
                    <Coords points="730,2561 885,2561 885,2601 730,2601"/>
                    <TextEquiv>
                        <Unicode>seconde</Unicode>
                    </TextEquiv>
                    <TextStyle fontFamily="Times New Roman" fontSize="8.5"/>
                </Word>
                <Word id="w_w1aab1c27b2b7b7ac75" language="English" custom="readingOrder {index:7;}">
                    <Coords points="912,2561 981,2561 981,2600 912,2600"/>
                    <TextEquiv>
                        <Unicode>fois</Unicode>
                    </TextEquiv>
                    <TextStyle fontFamily="Times New Roman" fontSize="8.5"/>
                </Word>
                <Word id="w_w1aab1c27b2b7b7ac85" language="English" custom="readingOrder {index:8;}">
                    <Coords points="1002,2573 1071,2573 1071,2611 1002,2611"/>
                    <TextEquiv>
                        <Unicode>que</Unicode>
                    </TextEquiv>
                    <TextStyle fontFamily="Times New Roman" fontSize="8.5"/>
                </Word>
                <Word id="w_w1aab1c27b2b7b7ac93" language="English" custom="readingOrder {index:9;}">
                    <Coords points="1093,2562 1316,2562 1316,2601 1093,2601"/>
                    <TextEquiv>
                        <Unicode>l’honorable</Unicode>
                    </TextEquiv>
                    <TextStyle fontFamily="Times New Roman" fontSize="8.5"/>
                </Word>
                <Word id="w_w1aab1c27b2b7b7ad117" language="English" custom="readingOrder {index:10;}">
                    <Coords points="1346,2568 1510,2568 1510,2601 1346,2601"/>
                    <TextEquiv>
                        <Unicode>amateur</Unicode>
                    </TextEquiv>
                    <TextStyle fontFamily="Times New Roman" fontSize="8.5"/>
                </Word>
                <Word id="w_w1aab1c27b2b7b7ad133" language="English" custom="readingOrder {index:11;}">
                    <Coords points="1540,2574 1579,2574 1579,2600 1540,2600"/>
                    <TextEquiv>
                        <Unicode>se</Unicode>
                    </TextEquiv>
                    <TextStyle fontFamily="Times New Roman" fontSize="8.5"/>
                </Word>
                <TextEquiv>
                    <Unicode>Paris, en 1863, car c’est la seconde fois que l’honorable amateur se</Unicode>
                </TextEquiv>
                <TextStyle fontFamily="Times New Roman" fontSize="8.5"/>
            </TextLine>
            <TextLine id="tl_39" primaryLanguage="English" custom="readingOrder {index:4;}">
                <Coords points="126,2610 1579,2610 1579,2661 126,2661"/>
                <Baseline points="126,2650 1579,2650"/>
                <Word id="w_w1aab1c27b2b7b9ab1" language="English" custom="readingOrder {index:0;}">
                    <Coords points="126,2611 240,2611 240,2650 126,2650"/>
                    <TextEquiv>
                        <Unicode>défait</Unicode>
                    </TextEquiv>
                    <TextStyle fontFamily="Times New Roman" fontSize="8.5"/>
                </Word>
                <Word id="w_w1aab1c27b2b7b9ac15" language="English" custom="readingOrder {index:1;}">
                    <Coords points="259,2610 305,2610 305,2649 259,2649"/>
                    <TextEquiv>
                        <Unicode>de</Unicode>
                    </TextEquiv>
                    <TextStyle fontFamily="Times New Roman" fontSize="8.5"/>
                </Word>
                <Word id="w_w1aab1c27b2b7b9ac21" language="English" custom="readingOrder {index:2;}">
                    <Coords points="323,2622 381,2622 381,2649 323,2649"/>
                    <TextEquiv>
                        <Unicode>ses</Unicode>
                    </TextEquiv>
                    <TextStyle fontFamily="Times New Roman" fontSize="8.5"/>
                </Word>
                <Word id="w_w1aab1c27b2b7b9ac29" language="English" custom="readingOrder {index:3;}">
                    <Coords points="402,2610 509,2610 509,2651 402,2651"/>
                    <TextEquiv>
                        <Unicode>chers</Unicode>
                    </TextEquiv>
                    <TextStyle fontFamily="Times New Roman" fontSize="8.5"/>
                </Word>
                <Word id="w_w1aab1c27b2b7b9ac41" language="English" custom="readingOrder {index:4;}">
                    <Coords points="526,2610 782,2610 782,2661 526,2661"/>
                    <TextEquiv>
                        <Unicode>autographes,</Unicode>
                    </TextEquiv>
                    <TextStyle fontFamily="Times New Roman" fontSize="8.5"/>
                </Word>
                <Word id="w_w1aab1c27b2b7b9ac67" language="English" custom="readingOrder {index:5;}">
                    <Coords points="802,2622 876,2622 876,2649 802,2649"/>
                    <TextEquiv>
                        <Unicode>non</Unicode>
                    </TextEquiv>
                    <TextStyle fontFamily="Times New Roman" fontSize="8.5"/>
                </Word>
                <Word id="w_w1aab1c27b2b7b9ac75" language="English" custom="readingOrder {index:6;}">
                    <Coords points="893,2622 957,2622 957,2661 893,2661"/>
                    <TextEquiv>
                        <Unicode>pas</Unicode>
                    </TextEquiv>
                    <TextStyle fontFamily="Times New Roman" fontSize="8.5"/>
                </Word>
                <Word id="w_w1aab1c27b2b7b9ac83" language="English" custom="readingOrder {index:7;}">
                    <Coords points="977,2622 1041,2622 1041,2660 977,2660"/>
                    <TextEquiv>
                        <Unicode>par</Unicode>
                    </TextEquiv>
                    <TextStyle fontFamily="Times New Roman" fontSize="8.5"/>
                </Word>
                <Word id="w_w1aab1c27b2b7b9ac91" language="English" custom="readingOrder {index:8;}">
                    <Coords points="1055,2612 1295,2612 1295,2661 1055,2661"/>
                    <TextEquiv>
                        <Unicode>spéculation,</Unicode>
                    </TextEquiv>
                    <TextStyle fontFamily="Times New Roman" fontSize="8.5"/>
                </Word>
                <Word id="w_w1aab1c27b2b7b9ad117" language="English" custom="readingOrder {index:9;}">
                    <Coords points="1315,2624 1405,2624 1405,2651 1315,2651"/>
                    <TextEquiv>
                        <Unicode>nous</Unicode>
                    </TextEquiv>
                    <TextStyle fontFamily="Times New Roman" fontSize="8.5"/>
                </Word>
                <Word id="w_w1aab1c27b2b7b9ad127" language="English" custom="readingOrder {index:10;}">
                    <Coords points="1420,2624 1514,2624 1514,2651 1420,2651"/>
                    <TextEquiv>
                        <Unicode>nous</Unicode>
                    </TextEquiv>
                    <TextStyle fontFamily="Times New Roman" fontSize="8.5"/>
                </Word>
                <Word id="w_w1aab1c27b2b7b9ad137" language="English" custom="readingOrder {index:11;}">
                    <Coords points="1534,2623 1579,2623 1579,2650 1534,2650"/>
                    <TextEquiv>
                        <Unicode>en</Unicode>
                    </TextEquiv>
                    <TextStyle fontFamily="Times New Roman" fontSize="8.5"/>
                </Word>
                <TextEquiv>
                    <Unicode>défait de ses chers autographes, non pas par spéculation, nous nous en</Unicode>
                </TextEquiv>
                <TextStyle fontFamily="Times New Roman" fontSize="8.5"/>
            </TextLine>
            <TextEquiv>
                <Unicode>La vente de la collection de M. le docteur Egide-Fr. Succi, de Bo¬
logne, a eu lieu les 21 et 22 mai. Composée d'un choix de pièces, elle
a eu un brillant succès, égal à celui de la première vente, faite aussi à
Paris, en 1863, car c’est la seconde fois que l’honorable amateur se
défait de ses chers autographes, non pas par spéculation, nous nous en</Unicode>
            </TextEquiv>
        </TextRegion>
        <SeparatorRegion id="r_15" custom="readingOrder {index:18;}">
            <Coords points="108,270 1296,270 1296,276 108,276"/>
        </SeparatorRegion>
        <SeparatorRegion id="r_16" custom="readingOrder {index:19;}">
            <Coords points="1320,270 1560,270 1560,276 1320,276"/>
        </SeparatorRegion>
        <SeparatorRegion id="r_17" custom="readingOrder {index:20;}">
            <Coords points="108,280 1296,280 1296,286 108,286"/>
        </SeparatorRegion>
        <SeparatorRegion id="r_18" custom="readingOrder {index:21;}">
            <Coords points="1326,280 1560,280 1560,288 1326,288"/>
        </SeparatorRegion>
        <SeparatorRegion id="r_20" custom="readingOrder {index:22;}">
            <Coords points="118,1134 1568,1134 1568,1146 118,1146"/>
        </SeparatorRegion>
        <SeparatorRegion id="r_21" custom="readingOrder {index:23;}">
            <Coords points="118,1468 1562,1468 1562,1474 118,1474"/>
        </SeparatorRegion>
        <SeparatorRegion id="r_22" custom="readingOrder {index:24;}">
            <Coords points="118,1478 1574,1478 1574,1484 118,1484"/>
        </SeparatorRegion>
        <SeparatorRegion id="r_23" custom="readingOrder {index:25;}">
            <Coords points="126,1654 1572,1654 1572,1660 126,1660"/>
        </SeparatorRegion>
        <SeparatorRegion id="r_24" custom="readingOrder {index:26;}">
            <Coords points="840,1192 848,1192 848,1332 840,1332"/>
        </SeparatorRegion>
        <SeparatorRegion id="r_25" custom="readingOrder {index:27;}">
            <Coords points="408,1324 652,1324 652,1334 408,1334"/>
        </SeparatorRegion>
    </Page>
</PcGts>
