1893 2924
802 117 850 156 15
881 138 922 145 -

95 206 181 241 3944
205 206 449 248 Béranger,
471 205 585 240 notre
607 203 731 250 grand
753 204 866 250 poète
887 202 1065 240 national
1085 225 1127 231 —
1147 205 1189 242 L.
1214 216 1248 242 a.
1275 217 1306 242 s.
1333 207 1368 242 à.
1390 216 1467 241 une
1494 206 1559 241 de"

205 249 386 285 moiselle
401 261 409 293 ;
438 259 574 294 rassy,
599 251 639 284 14
661 249 738 284 fév.
764 251 860 291 1833,
879 251 900 284 2
920 260 955 294 p.
977 249 1092 285 in-12.
1470 253 1491 285 4
1514 253 1558 286 50

249 294 482 326 Remcrrinieuls
500 293 636 332 gracieux
650 303 723 333 pour
741 303 777 325 un
791 295 1011 332 compte-rendu
1030 296 1065 325 «le
1086 303 1139 325 son
1157 295 1275 327 dernier
1290 296 1396 326 recueil
1416 296 1451 327 de
1467 297 1559 326 chan¬

210 342 280 364 sons
303 334 397 373 (dédié
412 335 429 364 à
449 334 552 364 Lucien
578 334 758 372 Itonaparte).
781 345 794 360 «
811 334 843 364 Je
856 333 945 364 disais
961 342 996 363 un
1018 334 1085 371 jour
1109 335 1124 365 il
1144 338 1226 365 votre
1247 335 1322 366 amie
1343 336 1485 366 lioitense
1503 343 1560 373 que

210 374 238 409 je
261 376 353 403 tenais
374 377 489 403 surtout
512 374 529 403 U
550 373 662 404 obtenir
683 374 708 403 le
728 373 853 411 suffrage
875 373 926 403 des
948 373 1120 405 femmes...
1143 386 1155 401 »

93 412 181 448 3945
203 411 412 456 Berryer,
439 411 626 447 l’illustre
647 414 824 454 orateur,
846 410 892 445 de
913 411 1059 447 l’Acad.
1075 412 1125 448 fr.
1146 431 1188 438 —
1207 412 1251 448 L.
1273 423 1307 449 a.
1329 423 1359 449 s.
1381 414 1404 448 à
1421 414 1474 449 M.
1491 414 1561 450 Ca-

205 456 514 500 rayon-Latour,
538 458 549 491 1
574 466 611 499 p.
635 458 697 499 1/2
717 456 814 498 in-8,
836 455 988 490 cachet.
1473 461 1494 494 2
1516 462 1561 495 50

95 502 182 536 3946
205 501 448 545 Bethmont
466 500 606 545 (Eug.),
621 499 811 546 éloquent
830 501 981 543 avocat,
1002 499 1188 536 ministre
1206 511 1254 536 en
1278 503 1374 538 1848.
1396 522 1438 529 —
1457 502 1500 539 L.
1523 514 1559 539 a.

208 554 239 579 s.
261 545 283 578 à
301 544 354 580 M.
375 545 524 590 Roger,
545 546 640 587 1848,
664 547 675 579 1
700 555 736 591 p.
757 545 854 580 in-8.
1475 549 1487 582 1
1516 551 1560 583 25

96 590 182 624 3947
207 589 307 634 Biot
335 589 478 634 (J.-B.),
510 591 650 624 savant
678 591 916 632 astronome,
949 588 996 623 do
1023 587 1169 625 l’Acad.
1190 590 1239 626 fr.
1260 609 1302 617 —
1322 590 1365 627 L.
1393 602 1427 628 a.
1454 603 1484 628 s.
1510 603 1559 627 au

209 633 362 668 colonel
385 633 565 677 Crottat;
591 633 721 676 Paris,
751 636 846 676 1822,
870 635 881 667 1
907 643 943 678 p.
964 632 1018 683 pl.
1041 635 1119 678 pet.
1142 634 1236 671 in-4.
1475 639 1495 672 2
1544 650 1560 669 »

98 678 184 712 3948
209 678 479 722 Bonaparte,
509 680 521 712 l
527 683 556 699 or
576 678 727 713 consul.
748 698 791 704 —
810 677 920 713 Belle
947 677 1055 722 pièce
1075 678 1150 723 sig.
1172 689 1242 714 sur
1259 678 1382 723 vélin,
1403 691 1452 715 an
1473 681 1561 723 XII,

211 722 356 757 double
378 722 481 766 in-f.,
502 732 596 757 avec
617 722 655 757 la
669 722 769 768 jolie
789 722 970 767 vignette
992 721 1039 756 de
1058 722 1206 768 Roger.
1475 728 1496 760 4
1544 738 1560 757 »

256 768 362 798 Brevet
380 769 416 798 de
434 767 500 797 chef
513 768 549 798 de
561 767 681 805 brigade
694 768 815 798 accordé
834 775 871 797 au
891 768 1002 805 citoyen
1024 768 1146 802 Dufour,
1162 769 1197 798 né
1218 769 1235 799 à
1258 769 1360 800 Lafèrc
1374 769 1498 809 (Aisne).

101 807 188 840 3949
211 807 467 850 Bonaparte
501 805 710 850 (Antoine),
747 809 781 841 4°
812 805 874 841 fils
906 805 952 840 de
989 805 1153 850 Lucien,
1193 805 1471 852 représentant
1515 808 1562 843 de

212 850 394 886 l’Yonne.
414 871 457 876 —
476 850 519 885 L.
541 861 576 886 a.
596 860 626 885 s.
648 850 670 885 à
689 853 741 887 M.
760 850 980 896 Dusautoy;
1001 850 1128 894 Paris,
1150 853 1171 886 4
1184 851 1344 887 octobre
1367 854 1463 889 1849.
1488 855 1500 888 1
1524 864 1561 898 p.

213 894 310 930 in-4.
1476 900 1497 933 2
1521 901 1564 933 50

260 940 389 971 Relative
409 941 425 971 h
441 948 493 971 son
507 940 627 971 élection
647 940 720 970 dans
736 940 857 971 l'Yonne
872 940 888 970 î>
905 939 1097 971 l’Assemblée
1119 941 1292 979 législative.

103 980 189 1013 3950
213 980 469 1023 Bonaparte
490 978 710 1023 (Caroline),
730 979 840 1013 reine
871 978 917 1013 de
938 978 1098 1023 Naples,
1120 980 1263 1014 femme
1285 979 1331 1015 de
1351 980 1500 1016 Murat.
1521 1001 1563 1007 —

213 1023 256 1059 L.
278 1022 353 1069 sig.
375 1025 533 1059 Comtesse
550 1024 591 1057 de
607 1025 735 1067 Lipona
739 1050 748 1067 ,
769 1023 792 1058 à
808 1023 847 1058 M
852 1029 889 1045 rao
903 1022 1125 1059 Levasseur
1139 1037 1148 1069 ;
1168 1023 1401 1070 Viareggio,
1421 1028 1465 1061 29
1484 1027 1563 1061 mai

218 1069 313 1111 1834,
334 1070 355 1104 3
376 1078 412 1113 p.
437 1070 498 1111 1/2
517 1067 613 1103 in-8.
1476 1073 1497 1105 2
1521 1074 1565 1106 50

261 1113 321 1144 Elle
337 1122 351 1143 a
367 1121 435 1151 reçu
452 1114 478 1143 la
495 1113 577 1143 visite
590 1113 624 1143 de
639 1113 675 1143 M.
698 1113 789 1151 Méry,
807 1120 843 1142 un
859 1113 976 1143 homme
989 1112 1112 1151 d'esprit
1126 1114 1172 1152 qui
1188 1113 1224 1143 l'a
1239 1115 1408 1145 enchantée.
1430 1126 1443 1141 «
1461 1117 1483 1145 A
1501 1116 1566 1147 Flo¬

223 1160 320 1189 rence,
339 1153 459 1189 dit-elle,
493 1152 519 1182 la
539 1152 646 1183 société
674 1154 718 1182 est
746 1153 914 1183 charmante
928 1159 935 1177 :
970 1152 1119 1190 Français,
1150 1152 1293 1188 carlistes,
1314 1154 1355 1184 les
1375 1154 1509 1186 hommes
1528 1155 1566 1186 de

221 1194 318 1222 toutes
335 1193 377 1222 les
395 1192 540 1230 opinions,
556 1191 591 1221 de
607 1194 673 1221 tous
686 1192 727 1222 les
746 1192 848 1230 partis,
868 1199 899 1221 se
917 1194 1050 1221 trouvent
1067 1192 1139 1222 dans
1159 1200 1225 1222 mon
1241 1193 1400 1225 salon...»

106 1231 187 1265 3951
216 1231 471 1274 Bonaparte
502 1229 688 1274 (Lucien),
721 1230 826 1264 frère
847 1230 893 1264 de
913 1229 1115 1274 Napoléon
1137 1230 1152 1265 I
1155 1237 1182 1251 er
1189 1257 1197 1265 .
1233 1250 1275 1256 —
1311 1230 1398 1266 Let.
1421 1231 1468 1267 de
1487 1235 1508 1268 3
1527 1243 1565 1279 p.

219 1276 293 1317 1/2,
315 1275 413 1310 dont
434 1277 446 1308 1
471 1284 508 1320 p.
525 1276 535 1308 1
548 1275 585 1317 /2
604 1276 685 1309 aut.
699 1274 789 1320 sig.,
805 1274 889 1309 àM.
906 1273 1079 1326 Vervely
1089 1287 1097 1318 ;
1111 1274 1316 1317 Florence,
1335 1278 1431 1311 1808.
1479 1279 1500 1312 2
1549 1290 1565 1309 .»

106 1320 193 1353 3952
215 1320 471 1363 Bonaparte
506 1318 642 1363 (Marie
670 1318 717 1353 de
746 1318 886 1361 Solms,
919 1318 1018 1362 née),
1056 1318 1198 1363 épouse
1228 1319 1274 1354 de
1306 1319 1358 1355 M.
1392 1320 1565 1364 Ratazzi,

218 1363 361 1398 femme
383 1362 554 1400 célèbre.—L.
676 1373 710 1399 a.
731 1374 782 1407 s.;
797 1362 1106 1406 Aix-les-Bains,
1120 1362 1224 1409 (juil.
1244 1365 1352 1408 1858),
1376 1366 1387 1399 1
1413 1375 1449 1411 p.
1472 1365 1565 1401 in-8.

217 1409 301 1442 Jolie
308 1411 413 1453 pièce.
1474 1413 1493 1445 7
1543 1423 1560 1442 »

261 1453 323 1484 Elle
338 1461 467 1485 annonce
485 1452 588 1491 quelle
603 1452 681 1483 vient
695 1453 730 1483 de
751 1453 851 1483 fonder
871 1459 926 1483 une
942 1451 1056 1488 Revue,
1069 1453 1139 1483 dont
1151 1454 1206 1484 elle
1218 1453 1320 1485 envoie
1329 1453 1355 1485 le
1377 1458 1566 1493 prospectus.

223 1492 305 1523 Cette
319 1493 417 1524 Revue
431 1502 445 1522 a
460 1500 534 1531 pour
548 1491 613 1522 titre
626 1491 669 1523 les
688 1493 839 1523 Mutinées
855 1490 1145 1523 d'Aix-les-Bains.
1166 1495 1204 1524 Le
1218 1497 1401 1532 prospectus,
1418 1495 1569 1533 imprimé,

224 1535 268 1562 est
285 1531 357 1570 joint
372 1533 388 1562 h
404 1533 429 1562 la
446 1533 539 1563 lettre.

107 1573 194 1606 3953
217 1571 504 1606 Bonnechose
524 1571 572 1606 (le
592 1570 771 1605 cardinal
791 1570 864 1615 de),
891 1570 1020 1621 prélat
1039 1569 1208 1605 célèbre.
1229 1590 1271 1597 —
1296 1571 1338 1606 L.
1360 1581 1394 1607 a.
1416 1581 1446 1607 s.
1468 1572 1491 1606 à
1511 1582 1564 1607 un

219 1614 368 1660 évêque
382 1628 390 1659 ;
413 1605 668 1660 Strasbourg,
693 1617 788 1658 1835,
808 1617 829 1650 3
848 1625 884 1667 p.
905 1616 1002 1651 in-4.
1030 1617 1195 1651 Curieuse.
1480 1618 1501 1651 2
1550 1629 1565 1648 »

107 1661 194 1695 3954
216 1661 550 1705 Borghi-Mamo
570 1659 796 1705 (Adélaïde),
817 1650 972 1695 célèbre
992 1660 1211 1695 cantatrice
1223 1659 1270 1695 de
1285 1659 1454 1704 l’Opéra.
1467 1680 1509 1686 —
1522 1661 1567 1696 L.

219 1714 252 1739 a.
275 1706 320 1746 s.,
345 1706 456 1749 l/2p.
478 1704 570 1739 in-8.
1482 1708 1503 1740 2
1551 1718 1568 1737 »

109 1750 196 1784 3955
219 1750 456 1793 Borromée
476 1747 807 1793 (Saint-Charles),
829 1748 864 1783 le
880 1748 1004 1793 grand
1026 1748 1271 1794 archevêque
1298 1747 1344 1783 de
1365 1749 1504 1785 Milan.
1524 1769 1567 1775 —

219 1793 262 1828 L.
282 1795 312 1828 s.
332 1795 360 1827 il
379 1795 467 1829 Cark
485 1796 664 1832 Borroméo,
687 1801 780 1827 avec
806 1792 844 1827 la
863 1792 1130 1843 souscription
1151 1797 1303 1838 autog.,
1334 1793 1356 1827 à
1379 1794 1570 1829 Antoine-

221 1837 346 1872 Marie
373 1837 420 1872 de
442 1838 605 1882 Savoie;
631 1838 768 1880 Rome,
799 1837 959 1872 dernier
979 1836 1074 1882 juil.
1104 1839 1199 1881 1561,
1225 1839 1291 1881 3/4
1321 1837 1367 1872 de
1396 1848 1432 1882 p.
1462 1838 1569 1879 in-f.,

222 1882 359 1917 cachet
373 1883 395 1917 à
409 1893 469 1918 ses
485 1885 625 1917 armes.
639 1885 725 1917 Rare
729 1909 737 1924 ,
753 1883 913 1917 surtout
927 1881 1001 1934 sig.
1015 1881 1061 1916 de
1077 1892 1147 1917 son
1163 1892 1252 1917 nom
1270 1892 1425 1927 propre.
1460 1885 1504 1917 70
1553 1895 1569 1914 »

111 1927 198 1961 3956
221 1927 412 1972 Bossuet
436 1927 712 1972 (J.-Bénigne),
744 1926 931 1961 l'illustre
958 1926 1107 1971 evôque
1137 1926 1183 1960 de
1209 1926 1366 1962 Meaux.
1392 1946 1435 1952 —
1460 1927 1570 1962 Belle

221 1970 330 2016 pièce
351 1970 441 2016 sig.;
463 1972 621 2014 Meaux,
644 1973 740 2013 1702,
766 1973 787 2006 2
812 1981 847 2016 p.
872 1973 933 2014 1/2
953 1971 1055 2013 in-f.,
1083 1981 1175 2005 avec
1198 1981 1268 2006 son
1301 1971 1439 2006 cachet
1467 1971 1571 2016 épis¬

223 2015 349 2060 copal.
1463 2017 1504 2050 12
1552 2028 1569 2048 »

113 2061 198 2095 3957
222 2061 396 2105 Brissot
424 2059 562 2105 (J.-P.),
583 2060 796 2105 publiciste
824 2061 864 2095 et
883 2059 1191 2095 conventionnel
1219 2058 1389 2102 célèbre,
1410 2059 1503 2094 chef
1519 2059 1569 2094 du

224 2104 328 2149 parti
358 2104 560 2149 girondin,
582 2104 630 2139 né
659 2104 748 2150 près
774 2103 820 2139 de
846 2105 1047 2140 Chartres.
1067 2124 1110 2130 —
1135 2104 1178 2139 L.
1208 2113 1243 2139 a.
1272 2114 1302 2139 s.
1330 2115 1379 2139 au
1403 2104 1571 2140 libraire

225 2148 393 2194 Philips,
421 2149 444 2183 à
471 2148 667 2194 Londres;
696 2148 824 2192 Paris,
850 2151 871 2184 6
896 2159 985 2185 nov.
1015 2151 1112 2192 1790,
1145 2151 1156 2184 1
1181 2158 1218 2193 p.
1250 2148 1305 2194 pl.
1331 2148 1428 2184 in-4.
1460 2149 1571 2184 Belle

226 2192 348 2238 pièce.
368 2195 467 2229 Rare.
1462 2195 1506 2229 20
1554 2205 1570 2225 »

272 2238 293 2268 Il
315 2238 353 2269 lui
375 2239 581 2269 recommande
602 2239 708 2269 Bancal
733 2239 785 2269 dos
812 2237 920 2269 Issarts
946 2238 1011 2277 (ami
1039 2238 1075 2269 de
1103 2239 1130 2269 M
1134 2244 1154 2257 ra
1158 2244 1169 2257 '
1191 2237 1327 2275 Roland),
1354 2238 1456 2276 apôtre
1481 2239 1516 2269 de
1546 2238 1573 2268 la

234 2277 345 2315 libeité,
368 2285 407 2308 un
429 2278 480 2308 des
514 2279 579 2317 plus
600 2279 710 2309 chauds
730 2278 804 2308 amis
830 2278 864 2309 de
896 2278 921 2308 la
951 2277 1057 2308 société
1088 2285 1162 2315 pour
1187 2277 1198 2306 1
1210 2277 1346 2308 abolition
1367 2278 1403 2307 de
1429 2277 1455 2307 la
1477 2276 1572 2309 traite.

234 2317 339 2348 Bancal
360 2325 395 2350 va
419 2325 520 2355 passer
542 2317 681 2355 quelques
701 2319 775 2348 mois
797 2324 831 2347 en
854 2318 1024 2354 Angleterre
1046 2324 1119 2355 pour
1139 2324 1174 2346 en
1195 2317 1306 2347 étudier
1327 2316 1353 2346 la
1375 2316 1572 2348 constitution.

233 2357 255 2386 Il
276 2359 320 2387 est
341 2356 450 2394 chargé
470 2356 537 2387 d’un
568 2359 674 2395 paquet
700 2357 736 2387 de
762 2357 923 2386 brochures
945 2364 1018 2394 pour
1048 2357 1074 2386 la
1095 2356 1203 2386 société
1223 2355 1259 2385 de
1281 2357 1425 2387 Londres.
1455 2367 1467 2381 «
1492 2356 1573 2386 J’im¬

234 2396 325 2432 prime
345 2397 533 2431 maintenant,
556 2397 651 2433 ajoute
674 2396 795 2432 Brissot,
810 2404 865 2426 une
885 2395 969 2426 lettre
988 2397 1003 2425 ü
1024 2396 1154 2425 Barnave
1174 2402 1226 2425 sur
1245 2397 1311 2426 tous
1331 2403 1379 2426 ses
1399 2397 1572 2433 rapports.»

116 2436 203 2471 3958
227 2434 441 2482 Bugeaud
461 2433 548 2478 (duc
568 2434 699 2479 d’Isly,
721 2433 919 2469 maréchal
941 2433 987 2468 de
1013 2433 1190 2477 France).
1204 2452 1246 2458 —
1265 2433 1309 2469 L.
1331 2443 1365 2468 a.
1386 2444 1431 2478 s.;
1455 2432 1573 2468 Exci-

229 2478 352 2521 deuil,
378 2480 476 2521 1836,
505 2480 516 2512 1
540 2488 577 2523 p.
600 2480 611 2513 1
627 2480 664 2522 /2
683 2478 775 2513 in-4.
1488 2480 1509 2512 3
1556 2490 1573 2509 »

117 2524 204 2559 3959
229 2524 436 2563 Cabanis,
458 2522 637 2558 médecin
658 2522 705 2557 do
725 2522 946 2565 Mirabeau,
962 2521 1117 2557 célèbre
1138 2521 1385 2566 philosophe,
1401 2521 1495 2557 chef
1505 2521 1574 2557 des

227 2567 476 2612 Idéologues.
496 2586 539 2592 —
558 2566 600 2602 L.
623 2577 657 2602 a.
686 2577 717 2603 s.
747 2567 768 2602 à
797 2566 1003 2612 Crapelet;
1036 2565 1216 2608 Auteuil,
1244 2567 1284 2601 14
1311 2575 1426 2601 mess,
1454 2576 1503 2600 an
1523 2565 1573 2608 X,

231 2614 243 2646 1
267 2621 303 2657 p.
324 2611 376 2656 pl.
398 2610 495 2646 in-8.
1488 2613 1509 2644 4
1532 2612 1576 2645 50
