1802 3007
761 175 803 213 -
832 175 853 213 7
883 197 927 205 -

133 275 175 308 24
199 273 346 317 Belloc
366 273 521 317 (Louise
543 274 644 318 Sw;),
666 273 822 309 célèbre
844 274 987 309 femme
1010 275 1057 310 de
1079 275 1233 319 lettres,
1255 277 1501 313 traductrice
1522 278 1574 313 du

206 320 339 352 Vicaire
355 318 395 352 de
418 319 604 361 Wakefield,
627 318 699 353 née
716 318 738 352 à
756 318 812 353 La
831 318 1034 354 Rochelle.
1057 339 1099 345 —
1121 320 1162 356 L.
1184 332 1218 355 a.
1240 331 1285 363 s.,
1310 322 1350 356 19
1370 321 1447 356 mai
1477 324 1576 366 1818,

200 365 222 397 2
241 373 276 408 p.
299 361 392 404 in-8,
411 362 562 398 cachet.
1490 369 1512 401 2
1558 380 1575 399 »

134 414 177 448 25
200 412 407 456 Berryer,
429 411 618 448 l’illustre
638 414 815 448 orateur.
836 432 877 438 —
897 412 941 447 L.
966 423 999 448 a.
1022 424 1068 455 s.,
1092 416 1103 448 1
1128 425 1163 460 p.
1186 414 1283 450 in-8.
1496 418 1508 451 1
1537 419 1579 452 50

135 463 177 498 26
201 463 425 506 Bertrand
451 462 500 506 (le
526 462 715 508 général),
746 462 862 497 fidèle
890 473 1138 508 compagnon
1170 464 1217 499 de
1249 464 1454 510 Napoléon
1487 465 1502 500 I
1505 472 1532 487 er
1558 467 1581 500 à

202 506 525 550 Sainte-Hélène,
547 508 594 542 né
615 507 637 541 à
656 506 951 542 Cnàteauroux.
972 527 1014 533 —
1033 509 1076 543 L.
1104 519 1138 544 a.
1167 519 1213 551 s.,
1240 520 1390 544 comme
1418 509 1512 544 chef
1533 510 1579 545 de

203 550 367 596 brigade
389 551 440 586 du
462 552 592 596 génie,
613 562 662 586 au
685 551 848 597 général
868 552 1028 597 Dugua;
1045 552 1082 587 le
1097 552 1235 596 Kaife,
1254 556 1293 588 14
1307 556 1416 589 vent,
1433 565 1480 589 an
1495 553 1579 596 VII,

208 598 218 631 1
244 605 280 640 p.
302 595 398 631 in-4.
1495 601 1516 633 2
1539 601 1583 634 50

138 647 178 681 27
203 647 443 690 Bethmont
461 646 602 691 (Eug.),
624 645 780 680 célèbre
802 648 953 688 avocat,
976 645 1160 681 ministre
1181 646 1233 682 du
1264 650 1585 692 gouvernement-

206 689 425 735 provisoire
446 690 493 725 de
517 692 613 725 1848.
632 710 674 715 —
694 690 737 725 L.
758 701 792 725 a.
814 700 831 725 s
851 717 860 732 ,
883 692 981 733 1857,
1005 693 1016 725 1
1039 700 1078 735 p.
1101 691 1192 727 in-4.
1497 695 1518 727 2
1541 695 1585 728 50

139 743 180 775 28
204 741 373 784 Bineau
393 740 540 784 (J.-M.),
562 740 790 785 ingénieur,
812 740 997 775 ministre
1018 740 1065 775 de
1086 740 1292 786 Napoléon
1321 741 1389 783 III,
1420 742 1516 777 dont
1546 742 1583 777 le

206 795 296 819 nom
318 795 339 819 a
359 784 420 820 été
441 784 571 820 donné
593 785 614 818 à
634 795 686 819 un
711 784 925 819 boulevard
952 784 999 819 de
1024 785 1152 828 Paris,
1179 786 1227 820 né
1251 786 1349 821 dans
1374 786 1582 822 Maine-et-

205 829 336 864 Loire.
358 850 400 855 —
420 830 462 864 L.
484 840 518 864 a.
540 839 585 872 s.,
609 831 706 870 1850,
730 831 742 863 1
766 840 802 874 p.
826 829 917 864 in-4.
1498 833 1519 866 2
1542 834 1585 867 50

139 881 181 914 29
204 880 336 924 Binet
366 878 513 924 (Réné),
546 878 710 913 dernier
746 880 907 914 recteur
935 878 981 913 de
1012 879 1235 914 l’ancienne
1270 880 1499 916 Université
1537 880 1584 915 de

206 923 335 966 Paris,
355 923 592 959 traducteur
611 923 751 959 estimé
772 923 819 958 de
839 923 996 967 Virgile
1029 926 1070 958 et
1101 923 1306 963 d’Horace,
1337 926 1384 960 né
1416 925 1505 970 près
1536 925 1583 960 de

207 968 416 1004 Beauvais.
437 988 480 994 —
499 968 542 1003 L.
564 979 598 1003 a.
620 979 670 1009 s.;
692 968 821 1010 Paris,
843 978 892 1002 an
912 968 1000 1011 XII,
1020 970 1041 1003 2
1061 978 1097 1013 p.
1119 968 1212 1003 in-4.
1499 972 1520 1005 3
1568 982 1584 1001 »

248 1019 442 1050 Intéressante
472 1020 565 1057 épilrc
593 1020 715 1050 relative
738 1020 754 1049 k
772 1027 805 1049 sa
823 1018 984 1049 traduction
1007 1019 1043 1049 de
1072 1019 1190 1057 Virgile,
1224 1020 1292 1057 qu'il
1322 1020 1446 1058 regarde
1474 1027 1588 1050 comme

209 1067 260 1089 son
280 1066 408 1097 ouvrage
423 1060 449 1089 le
467 1061 531 1097 plus
549 1058 750 1090 considérable
768 1062 795 1088 et
820 1060 835 1088 à
856 1065 910 1088 une
933 1058 1053 1096 pension
1076 1058 1112 1088 de
1138 1059 1198 1089 500
1225 1060 1264 1090 fr.
1295 1066 1351 1097 que
1382 1059 1460 1090 vient
1487 1059 1522 1089 de
1548 1059 1588 1090 lui

208 1098 346 1128 accorder
368 1098 393 1128 le.
410 1101 649 1136 gouvernement.

140 1145 182 1179 30
205 1143 390 1187 Blondel
412 1142 645 1188 (Jacq.-Fr.),
666 1141 900 1184 architecte,
921 1140 1028 1176 aussi
1051 1141 1206 1176 célèbre
1223 1152 1293 1187 par
1306 1152 1367 1177 ses
1382 1141 1503 1177 écrits
1518 1152 1588 1177 sur

208 1197 277 1222 son
298 1189 361 1222 art
381 1198 456 1233 que
477 1197 548 1237 par
575 1197 636 1222 ses
662 1185 972 1228 constructions,
1007 1185 1055 1220 né
1085 1186 1107 1220 à
1136 1186 1291 1221 Rouen.
1322 1206 1366 1211 —
1396 1186 1440 1222 L.
1470 1197 1504 1221 a.
1534 1197 1585 1230 s.;

209 1232 336 1275 Paris,
356 1234 376 1266 6
396 1231 547 1267 février
569 1234 664 1274 1770,
686 1234 707 1266 3
726 1241 763 1276 p.
785 1230 877 1265 in-4.
1500 1233 1521 1265 4
1570 1244 1585 1263 »

246 1283 385 1312 Curieuse
403 1283 496 1321 épitre
515 1283 635 1312 relative
654 1283 670 1312 à
687 1290 735 1312 ses
750 1282 854 1317 dettes,
869 1282 885 1311 k
901 1289 955 1311 son
974 1282 1120 1319 logement
1132 1288 1167 1311 an
1186 1282 1301 1312 Couvre
1320 1282 1348 1312 et
1365 1282 1381 1312 k
1401 1289 1433 1312 sa
1453 1282 1535 1320 place
1553 1282 1590 1312 de

212 1322 378 1360 professeur
396 1323 411 1352 k
430 1322 616 1353 l’Académie.

142 1368 179 1403 31
208 1367 379 1410 Bonald
399 1366 589 1410 (L.-Gab.,
608 1367 781 1401 vicomte
802 1365 875 1409 de),
897 1365 933 1400 le
954 1364 1110 1400 célèbre
1131 1364 1347 1411 publiciste
1363 1363 1585 1401 ultramon¬

208 1411 308 1453 tain,
330 1412 377 1446 de
398 1411 544 1447 l’Acad.
565 1411 707 1454 franc.,
728 1410 776 1446 né
798 1410 894 1445 dans
915 1410 1186 1455 l’Aveyron.—
1208 1410 1249 1444 L.
1272 1421 1306 1445 a.
1328 1421 1358 1445 s.
1380 1410 1440 1453 (au
1462 1409 1585 1445 baron

210 1456 256 1491 de
277 1456 481 1499 Trémont,
504 1456 613 1501 1812),
633 1459 654 1491 2
673 1466 709 1501 p.
732 1455 824 1490 in-4.
1500 1457 1521 1489 6
1570 1468 1585 1488 »

250 1507 349 1544 Epitre
365 1508 574 1538 très-curieuse
588 1506 706 1537 relative
722 1506 737 1536 k
754 1506 904 1536 l'incendie
920 1505 956 1536 de
972 1505 1102 1542 Moscou,
1124 1505 1172 1544 qui
1190 1505 1227 1535 lui
1248 1505 1359 1543 inspire
1376 1504 1412 1536 de
1429 1506 1588 1542 profondes

212 1546 366 1577 réflexions
410 1547 490 1577 Voilà
522 1554 577 1577 une
607 1545 774 1584 population
792 1553 861 1575 sans
882 1544 960 1583 pain,
980 1552 1049 1575 sans
1066 1544 1173 1582 habits,
1194 1548 1222 1575 et
1240 1545 1256 1575 k
1275 1544 1395 1576 l’entrée
1419 1544 1488 1575 d’un
1504 1545 1587 1576 hiver

211 1586 245 1615 de
266 1586 368 1616 Uussie
380 1586 387 1616 !
409 1587 437 1616 Si
456 1586 604 1622 Napoléon
625 1593 659 1615 va
679 1587 694 1615 k
712 1584 918 1622 Pétersbourg,
937 1584 954 1614 il
971 1592 987 1621 y
1008 1584 1068 1614 fera
1085 1592 1136 1614 sur
1154 1585 1196 1614 les
1213 1583 1444 1614 établissements
1462 1585 1499 1614 du
1513 1592 1586 1622 gou¬

212 1628 379 1655 vernement
394 1633 426 1656 ce
445 1625 514 1663 qu’il
531 1634 546 1654 a
565 1626 614 1655 fait
627 1625 644 1654 k
661 1625 777 1655 Moscou
793 1632 844 1654 sur
860 1624 901 1654 les
920 1623 1106 1658 habitations,
1124 1626 1153 1653 et
1169 1623 1245 1654 voilk
1258 1631 1294 1654 un
1312 1624 1423 1661 empire
1438 1623 1586 1661 acéphale,

213 1672 250 1694 un
267 1667 495 1702 gouvernement
513 1664 607 1702 obligé
626 1665 662 1694 de
677 1664 836 1701 reprendre
857 1664 881 1693 la
901 1663 947 1693 vie
963 1663 1099 1693 nomade.
1120 1662 1174 1692 Nul
1199 1663 1284 1693 doute
1311 1669 1367 1700 que
1389 1662 1586 1701 l'Angleterre

211 1712 246 1734 ne
264 1707 394 1734 ressente
406 1704 553 1734 vivement
568 1704 593 1733 la
613 1706 694 1741 perle
714 1704 749 1733 de
771 1704 899 1737 Moscou,
919 1703 967 1740 qui
984 1701 1080 1732 offrait
1099 1709 1136 1731 un
1149 1705 1230 1732 vaste
1248 1703 1381 1740 entrepôt
1398 1703 1414 1732 k
1430 1710 1483 1732 son
1505 1710 1586 1733 com¬

210 1751 316 1775 merce.
337 1754 349 1769 »
366 1744 407 1773 Ce
421 1743 502 1774 triste
524 1742 695 1773 événement
709 1744 822 1780 éloigne
835 1745 915 1772 toute
935 1741 1095 1780 possibilité
1113 1742 1148 1771 de
1167 1742 1244 1778 paix,
1264 1744 1292 1772 et
1311 1741 1388 1773 voilk
1408 1749 1513 1772 encore
1531 1749 1586 1772 une

210 1790 315 1820 guerre
331 1783 366 1813 de
387 1790 530 1821 sauvages
548 1782 620 1812 dans
639 1782 681 1812 les
699 1782 864 1812 déserts...
892 1781 912 1811 Il
929 1782 976 1818 n'y
997 1789 1012 1810 a
1030 1788 1082 1819 pas
1098 1781 1133 1810 de
1149 1781 1305 1811 réflexions
1322 1781 1339 1811 k
1360 1781 1431 1812 faire
1445 1789 1497 1811 sur
1523 1783 1586 1811 tout

208 1822 268 1852 cela
285 1836 290 1851 :
312 1830 365 1852 nos
383 1830 495 1852 neveux
513 1830 548 1853 en
568 1822 672 1857 feront,
688 1821 712 1851 si
733 1829 806 1852 nous
822 1828 914 1851 avons
931 1820 984 1851 des
1003 1827 1128 1850 neveux.
1146 1830 1159 1846 »

142 1873 185 1907 32
208 1872 380 1916 Bonald
406 1871 593 1916 (L.-J.-M.
621 1871 706 1915 de),
733 1869 1184 1914 cardinal-archevêque
1213 1867 1260 1902 de
1285 1868 1411 1913 Lyon,
1440 1868 1503 1904 fils
1533 1868 1584 1904 du

210 1916 448 1961 précédent,
476 1916 525 1951 né
552 1916 574 1950 à
598 1916 765 1951 Milnau.
798 1934 840 1940 —
868 1915 910 1950 L.
942 1925 976 1949 a.
1008 1924 1059 1958 s.;
1092 1913 1215 1959 Lyon,
1250 1915 1347 1956 1849,
1379 1915 1390 1948 1
1426 1923 1460 1958 p.
1492 1913 1584 1948 in-8.

208 1961 355 2006 Papier
374 1962 396 1996 à
414 1971 475 1996 ses
495 1971 639 1996 armes.
1499 1960 1521 1993 2
1544 1960 1588 1994 50

143 2019 185 2053 33
208 2019 481 2062 Bonaparte,
510 2015 672 2062 général
697 2026 746 2050 en
772 2015 866 2050 chef
892 2014 939 2049 de
970 2013 1130 2049 l’armée
1164 2013 1370 2059 d’Egypte.
1399 2032 1441 2038 —
1474 2012 1585 2048 Belle

210 2061 320 2107 pièce
341 2061 465 2096 écrite
491 2071 562 2106 par
588 2060 836 2095 Bourrienne
862 2061 903 2094 et
927 2058 1002 2104 sig.
1036 2068 1107 2104 par
1134 2058 1378 2103 Bonaparte;
1398 2057 1436 2093 le
1457 2057 1585 2100 Caire,

214 2109 253 2142 12
272 2106 417 2141 therm.
438 2117 488 2141 an
508 2106 573 2148 VI,
598 2108 610 2140 1
634 2116 670 2151 p.
692 2104 779 2140 in-f.
1500 2104 1522 2137 6
1568 2114 1586 2135 »

252 2157 455 2188 Contribution
472 2158 507 2187 de
529 2156 658 2191 150,000
673 2157 708 2187 fr.
726 2156 807 2187 levée
822 2162 873 2185 sur
889 2155 931 2185 les
945 2154 1113 2193 négociants
1128 2153 1164 2184 de
1185 2152 1337 2189 Damiette,
1353 2160 1429 2191 pour
1452 2153 1591 2184 subvenir

214 2205 269 2227 aux
286 2197 430 2236 dépensas
447 2197 483 2227 de
500 2196 630 2227 l’armée.

145 2249 188 2283 34
211 2249 480 2291 Bonaparte,
504 2245 680 2291 premier
699 2244 852 2280 consul.
872 2263 914 2269 —
934 2242 1053 2278 Pièce
1073 2242 1162 2288 sig.,
1185 2242 1354 2277 relative
1376 2242 1398 2277 à
1418 2253 1471 2277 un
1492 2242 1589 2278 fusil

213 2291 437 2326 d’honneur
456 2290 620 2326 accordé
642 2291 664 2325 à
688 2290 742 2325 un
768 2287 1017 2331 fQiimer.de
1045 2287 1205 2322 l’armée
1231 2286 1437 2332 d’Egypte,
1465 2298 1514 2322 an
1539 2286 1591 2329 X,

216 2339 228 2371 1
254 2347 289 2381 p.
311 2336 399 2371 in-f.
1064 2376 1069 2382 ,
1506 2333 1527 2366 4
1574 2343 1591 2363 »

146 2391 189 2425 35
213 2389 469 2433 Bonaparte
488 2387 677 2432 (Lucien),
696 2387 802 2423 frère
824 2386 870 2421 de
891 2383 1097 2429 Napoléon
1121 2386 1131 2419 1
1139 2390 1166 2406 er
1172 2403 1227 2419 .—
1246 2384 1288 2420 L.
1311 2395 1341 2419 s.
1363 2384 1386 2419 à
1406 2385 1592 2426 Cartaux,

215 2444 263 2469 an
284 2433 334 2475 X,
358 2436 369 2468 1
395 2444 430 2478 p.
453 2433 550 2468 in-4.
1511 2430 1523 2463 1
1552 2431 1596 2465 25

148 2491 191 2526 36
214 2488 470 2532 Bonaparte
496 2487 544 2532 (le
571 2483 709 2533 prince-.Napoléon),
992 2484 1066 2520 fils-
1081 2483 1133 2522 du
1162 2485 1222 2520 roi
1250 2484 1424 2526 Jérôme,
1453 2484 1592 2519 cousin

216 2534 263 2569 de
283 2533 488 2579 Napoléon
508 2532 575 2568 III.
588 2528 686 2567 —L.
706 2542 742 2567 a.
764 2542 794 2567 s.
816 2531 838 2567 à
857 2531 910 2566 M.
932 2529 1067 2573 Bixio;
1087 2527 1380 2574 Palais-Royal,
1406 2531 1416 2563 1
1441 2539 1477 2575 p.
1500 2529 1593 2572 in-8,

216 2578 433 2624 enveloppe
454 2588 549 2612 avec
568 2577 668 2612 beau
691 2576 829 2612 cachet
848 2576 870 2611 à
888 2586 949 2611 ses
979 2577 1121 2612 armes.
1149 2577 1347 2612 Charmante
1369 2576 1551 2609 invitation
1576 2576 1597 2607 à

217 2624 324 2659 dîner.
1510 2620 1530 2654 4
1578 2631 1595 2650 »
