1850 2972
898 158 943 168 -
971 138 1019 177 20
1048 160 1091 167 -

274 236 328 270 161
357 236 512 280 Pétion
532 236 800 281 (Alexandre),
833 237 1038 283 président
1070 238 1117 274 de
1150 239 1189 274 la
1220 239 1456 285 république
1488 239 1663 283 d’Haïti,
1694 240 1731 275 le

358 280 627 327 Washington
659 282 705 317 de
736 292 779 318 sa
808 283 950 328 patrie.
971 303 1013 309 —
1033 283 1149 319 Pièce
1189 284 1265 330 sig.
1299 286 1394 321 1814.
1431 287 1442 320 1
1475 295 1512 331 p.
1548 286 1609 327 1/2
1639 285 1730 321 in-f.

359 327 458 361 Rare.
1645 331 1666 365 4
1713 342 1730 362 »

273 376 335 410 162
357 376 732 420 Pigault-Lebrun
744 405 753 421 ,
775 378 811 413 le
831 378 985 414 célèbre
1006 379 1230 414 romancier
1250 380 1471 425 populaire,
1486 379 1534 415 né
1549 380 1571 415 à
1585 379 1727 415 Calais.

359 440 401 446 —
421 421 463 456 L.
484 431 518 456 a.
540 431 585 465 s.,
610 424 705 465 1815,
730 425 740 458 1
765 433 801 469 p.
822 423 918 459 in-4.
1646 427 1667 461 3
1714 437 1731 457 »

272 472 333 507 163
355 472 638 519 Pongerville
658 473 821 519 (Sanson
841 475 913 519 de),
934 474 1171 510 traducteur
1190 475 1236 511 de
1258 478 1390 511 Lucrèce
1394 503 1403 519 ,
1424 476 1471 511 de
1491 475 1637 511 l’Acad.
1662 476 1729 518 fr.,

359 516 408 551 né
428 516 451 551 à
468 517 689 556 Abbeville.
711 539 753 545 —
772 519 815 555 L.
838 530 872 555 a.
893 529 923 555 s.
945 520 967 554 à
985 520 1029 555 A.
1051 519 1200 562 Comte,
1224 522 1321 562 1838,
1341 523 1362 556 3
1381 531 1415 566 p.
1438 520 1531 556 in-8.
1649 523 1659 555 1
1689 523 1732 556 50

276 567 335 601 164
359 568 641 614 Pontmartin
660 570 779 614 (Arm.
801 571 873 615 de),
895 570 1050 606 célèbre
1071 570 1244 616 critique
1265 572 1305 606 et
1319 570 1542 606 romancier
1555 572 1731 606 contem¬

361 612 515 656 porain,
538 613 586 648 né
607 614 628 648 à
646 614 843 660 Avignon.
864 635 906 641 —
925 615 967 651 L.
989 626 1025 651 a.
1046 626 1092 659 s.,
1116 617 1128 650 1
1151 625 1187 661 p.
1209 615 1303 651 in-8.
1652 617 1663 650 1
1691 618 1735 651 50

276 663 336 697 165
359 663 541 708 Potocki
561 664 609 708 (le
629 667 756 700 comte
776 665 901 711 Jean),
923 665 1077 701 célèbre
1108 676 1313 711 voyageur
1340 666 1380 701 et
1398 666 1539 701 savant
1556 663 1734 701 écrivain

360 717 430 742 sur
448 707 506 743 les
526 709 746 755 antiquités
766 710 1129 756 slavo-polonaises.
1145 730 1188 736 —
1201 712 1243 746 L.
1265 721 1300 746 a.
1320 721 1365 753 s.,
1386 721 1434 746 en
1456 709 1642 759 français,
1663 713 1674 745 1
1694 721 1730 756 p.

362 751 450 788 in-f.
474 752 557 788 Une
578 754 702 799 petite
724 755 853 791 tache.
877 758 971 790 Rare.
1648 757 1670 790 5
1717 768 1733 788 »

402 798 595 831 Intéressante
613 799 704 839 épître
719 802 841 832 relative
859 808 915 831 aux
932 799 1024 839 objets
1042 800 1188 831 recueillis
1205 801 1279 832 dans
1298 808 1352 831 son
1371 808 1481 838 voyage
1496 807 1532 832 en
1551 801 1642 831 Chiue
1656 803 1684 831 et
1699 809 1733 831 en

365 836 490 868 Sibérie.

276 883 336 918 160
360 883 592 929 Poujoulat
610 883 803 929 (J.-J.-F.),
824 886 963 920 savant
983 884 1194 928 historien,
1215 885 1374 928 auteur,
1406 894 1500 919 avec
1532 883 1734 927 Michaud,

360 927 408 961 de
429 928 468 963 la
497 931 722 973 Bibliothèque
739 931 795 965 des
814 931 984 965 Croisades
989 957 997 973 ,
1031 930 1077 965 né
1105 929 1202 965 dans
1222 930 1278 965 les
1306 929 1732 965 Bouches-du-Rhône.

359 992 402 998 —
421 973 464 1008 L.
502 984 536 1008 a.
557 985 586 1010 s.
611 976 707 1018 1848,
731 978 742 1010 1
765 985 801 1021 p.
822 977 830 1010 1
844 977 882 1018 /2
901 975 993 1010 in-8.
1009 974 1194 1011 Relative
1210 975 1232 1010 à
1244 978 1314 1010 son
1328 977 1474 1010 Histoire
1491 975 1531 1009 de
1544 975 1735 1009 Saint-Au¬

362 1020 489 1060 gustin.
1655 1021 1666 1053 1
1695 1021 1739 1055 50

276 1070 336 1103 167
360 1070 539 1113 Praslin
558 1069 606 1113 (le
627 1069 702 1104 duc
722 1070 796 1115 de),
811 1070 953 1116 député
974 1070 1020 1104 de
1040 1070 1191 1112 Melun,
1213 1070 1300 1115 pair
1319 1070 1365 1105 de
1386 1070 1551 1114 France,
1567 1069 1738 1105 assassin

361 1113 408 1148 de
429 1124 472 1148 sa
490 1114 647 1150 femme.
669 1136 710 1140 —
729 1116 772 1151 L.
794 1126 828 1151 a.
848 1126 878 1151 s.
903 1117 998 1159 1842,
1022 1117 1034 1150 1
1058 1125 1092 1161 p.
1115 1114 1229 1151 in-12.
1652 1117 1673 1150 3
1720 1127 1737 1146 »

278 1166 337 1200 168
361 1165 597 1210 Proudhon
611 1165 748 1211 (P.-J.),
768 1166 805 1201 le
826 1165 980 1201 célèbre
1001 1165 1178 1200 écrivain
1193 1165 1407 1209 socialiste,
1423 1165 1470 1200 né
1486 1165 1508 1199 à
1521 1165 1738 1213 Besançon.

360 1209 404 1245 L.
426 1220 459 1244 a.
480 1220 510 1244 s.
532 1211 554 1244 à
571 1210 622 1245 M.
644 1211 767 1246 Mazel
782 1223 791 1256 ;
812 1210 1142 1256 Sainte-Pélagie,
1163 1213 1184 1245 6
1198 1210 1274 1245 fév.
1294 1213 1389 1253 1852,
1404 1212 1425 1246 4
1439 1221 1476 1256 p.
1500 1211 1560 1253 1/4
1574 1203 1667 1244 in-8?
1679 1209 1738 1245 Un

365 1264 440 1300 peu
462 1254 615 1290 tachée.
1651 1258 1672 1289 6
1720 1267 1737 1286 »

406 1301 504 1339 Kpitre
528 1303 584 1331 lort
602 1302 735 1332 curieuse
750 1301 870 1332 relative
889 1309 906 1331 a
924 1301 950 1331 la
966 1300 1038 1331 mise
1061 1309 1095 1332 en
1109 1301 1242 1339 pratique
1262 1300 1297 1331 de
1316 1308 1348 1331 sa
1366 1301 1484 1339 Banque
1504 1300 1541 1331 du
1559 1299 1666 1339 peuple
1686 1307 1739 1339 par

368 1348 422 1371 une
436 1340 552 1371 société.
572 1341 745 1379 Soupçonné
758 1341 793 1372 de
806 1348 946 1372 renoncer
960 1341 978 1371 à
990 1348 1023 1371 ce
1041 1341 1136 1379 projet
1150 1343 1178 1372 et
1190 1342 1226 1372 de
1243 1342 1308 1370 voir
1320 1348 1391 1371 avec
1406 1341 1527 1379 jalousie
1542 1348 1598 1378 que
1614 1341 1743 1371 d’autres

362 1380 390 1410 le
405 1379 554 1414 réalisent,
572 1381 590 1411 il
609 1389 717 1419 expose
733 1390 781 1412 ses
797 1392 810 1406 «
829 1381 926 1411 vraies
942 1380 1097 1411 intentions
1112 1383 1140 1411 et
1157 1388 1205 1411 ses
1225 1380 1399 1418 espérances
1417 1381 1459 1411 les
1472 1381 1538 1419 plus
1555 1384 1703 1412 secrettes.
1724 1393 1737 1408 »

364 1420 426 1458 Que
447 1420 473 1450 la
492 1420 581 1451 chose
599 1429 630 1451 se
650 1421 726 1452 fasse
740 1428 810 1451 avec
834 1420 873 1451 lui
891 1429 928 1451 ou
947 1428 1016 1450 sans
1042 1420 1093 1458 lui,
1119 1420 1305 1459 qu’importe,
1324 1428 1435 1458 pourvu
1456 1421 1560 1458 qu’elle
1586 1427 1618 1450 se
1647 1421 1737 1458 fasse;

364 1460 438 1491 mais
457 1460 475 1490 il
491 1463 559 1490 veut
572 1468 589 1498 y
603 1464 695 1492 rester
711 1461 845 1498 étranger
874 1459 959 1491 maté,
968 1460 1124 1495 tellement,
1143 1461 1252 1498 occupé
1271 1459 1340 1498 qu’il
1353 1462 1397 1490 est
1421 1461 1457 1491 de
1483 1460 1557 1491 bâtir
1575 1467 1610 1490 en
1626 1468 1659 1492 ce
1675 1468 1738 1490 mo¬

366 1503 444 1530 ment
455 1500 483 1529 la
502 1501 615 1530 science
631 1500 830 1538 économique,
845 1500 872 1531 la
892 1500 1074 1538 philosophie
1094 1501 1131 1530 de
1148 1501 1176 1530 la
1200 1500 1372 1538 production
1395 1503 1423 1530 et
1447 1500 1482 1530 de
1508 1501 1533 1530 la
1555 1507 1738 1531 consomma¬

364 1540 435 1571 tion.
458 1540 537 1578 «Que
550 1547 596 1569 me
610 1541 808 1578 parlez-vous,
827 1539 1002 1576 s'écrie-t-il,
1017 1540 1052 1570 de
1064 1538 1198 1570 météore
1213 1538 1409 1577 d’anarchie,
1431 1543 1485 1570 etc.
1508 1540 1522 1570 ?
1546 1539 1737 1570 baissez-moi

365 1579 392 1609 le
406 1579 469 1610 soin
488 1579 524 1610 de
539 1586 586 1609 ma
607 1587 714 1618 propre
730 1580 947 1611 renommée...
969 1579 1002 1610 Je
1019 1587 1092 1611 vous
1106 1579 1214 1610 aiderai
1230 1579 1254 1610 si
1268 1580 1296 1617 je
1313 1580 1388 1617 puis,
1414 1582 1442 1610 et
1470 1579 1505 1610 de
1526 1580 1622 1617 grand
1639 1588 1718 1611 cœur
1730 1588 1738 1609 :

367 1626 400 1650 ce
418 1626 474 1657 que
486 1619 515 1657 je
528 1619 644 1651 n’eusse
662 1628 715 1658 pas
728 1620 789 1659 fait,
804 1620 832 1658 je
853 1627 925 1650 vous
943 1618 1066 1657 l'avoue,
1082 1619 1100 1650 il
1114 1627 1132 1657 y
1148 1627 1164 1649 a
1178 1619 1255 1650 deux
1274 1627 1338 1656 ans,
1363 1619 1383 1650 il
1400 1627 1418 1658 y
1439 1626 1455 1649 a
1471 1619 1517 1650 six
1538 1620 1612 1650 mois
1640 1620 1740 1658 (avant

367 1658 393 1688 le
411 1659 430 1689 2
445 1657 639 1693 décembre.)»

281 1704 341 1739 169
367 1703 528 1748 Quinet
548 1703 736 1749 (Edgar),
757 1703 911 1739 célèbre
937 1703 1146 1747 historien,
1178 1703 1456 1749 représentant
1475 1703 1522 1738 de
1551 1702 1656 1738 l’Ain
1689 1713 1737 1737 en

369 1750 464 1783 1848.
485 1768 527 1773 —
546 1748 589 1783 L.
623 1759 657 1783 a.
695 1759 725 1784 s.
764 1749 786 1784 à
820 1749 873 1784 M.
911 1748 1116 1793 Gromier;
1150 1749 1344 1794 Vrytaux,
1380 1751 1487 1791 1868,
1519 1751 1540 1784 3
1571 1758 1607 1794 p.
1642 1748 1737 1783 in-8.

366 1793 503 1839 Epître
524 1793 719 1839 politique
740 1804 809 1829 sur
829 1794 886 1829 les
906 1793 1097 1830 élections
1118 1794 1165 1829 de
1189 1796 1285 1829 1869.
1653 1796 1674 1829 2
1697 1795 1741 1828 50

282 1845 342 1880 170
365 1845 537 1889 Raffet,
559 1843 713 1889 peintre
734 1847 774 1880 et
793 1844 1043 1880 dessinateur
1063 1844 1263 1890 original,
1283 1844 1438 1879 célèbre
1454 1854 1524 1890 par
1547 1854 1608 1879 ses
1627 1845 1740 1889 types

368 1889 594 1924 militaires.
614 1909 656 1914 —
674 1889 717 1925 L.
739 1900 773 1925 a.
794 1900 845 1933 s.,
869 1892 881 1925 1
905 1900 941 1935 p.
964 1890 1063 1925 in-8.
1654 1892 1675 1924 2
1697 1891 1741 1924 50

282 1942 338 1975 171
366 1940 593 1984 Reinhard
623 1939 929 1985 (F.-Volkmar),
961 1940 1117 1975 célèbre
1148 1940 1403 1986 prédicateur
1433 1941 1474 1975 et
1509 1939 1738 1984 théologien

367 1984 581 2020 allemand.
602 2005 644 2011 —
663 1985 705 2020 L.
727 1996 761 2021 a.
781 1996 811 2022 s.
834 1986 855 2020 à
879 1985 1087 2030 Stoudlin;
1119 1985 1287 2029 Dresde,
1320 1987 1360 2020 19
1389 1987 1488 2031 sept.
1523 1987 1620 2028 1792,
1651 1987 1672 2019 4
1703 1994 1739 2029 p.

369 2030 466 2065 in-4.
1653 2031 1674 2064 2
1721 2041 1738 2060 »

407 2075 688 2107 Très-intéressante
710 2076 801 2115 épître
826 2076 863 2108 où
882 2076 900 2107 il
919 2076 1078 2115 développe
1097 2084 1145 2107 ses
1166 2076 1245 2108 idées
1271 2083 1322 2106 sur
1346 2076 1485 2107 l’histoire
1512 2076 1546 2106 de
1576 2076 1604 2106 la
1633 2075 1743 2105 morale

368 2115 545 2147 chrétienne.

284 2162 344 2195 172
366 2162 518 2206 Robbé
537 2162 690 2206 (P.-H.),
711 2162 871 2196 fameux
890 2161 1003 2207 poète
1023 2160 1210 2196 ordurier
1223 2160 1275 2196 du
1289 2165 1402 2195 xviii®
1415 2159 1549 2203 siècle,
1564 2159 1741 2195 familier

368 2205 415 2240 de
435 2206 474 2241 la
491 2207 551 2242 Du
572 2207 711 2252 Barry,
731 2206 948 2252 pensionné
967 2216 1037 2252 par
1055 2206 1176 2242 Louis
1194 2206 1279 2249 XV,
1300 2206 1346 2240 né
1366 2205 1388 2239 à
1405 2205 1619 2248 Vendôme,
1636 2207 1741 2241 mort

369 2261 418 2285 en
441 2253 537 2287 1792.
557 2272 599 2278 —
618 2252 660 2287 L.
682 2263 716 2287 a.
738 2262 767 2287 s.
789 2252 811 2286 à
830 2251 1024 2287 Baculard
1046 2251 1260 2293 d’Arnaud,
1285 2253 1298 2286 1
1321 2261 1357 2296 p.
1378 2250 1475 2286 in-8.
1653 2252 1674 2285 3
1721 2263 1738 2283 »

283 2297 345 2331 173
368 2297 524 2341 Rosati
544 2297 765 2342 (Carolina),
786 2296 942 2332 célèbre
963 2297 1157 2333 danseuse
1178 2296 1385 2339 italienne,
1408 2295 1480 2330 née
1512 2296 1534 2330 à
1562 2295 1739 2340 Bologne

369 2351 418 2375 en
442 2344 537 2377 1827.
559 2362 600 2367 —
620 2342 662 2377 L.
684 2353 717 2377 a.
738 2353 785 2385 s.,
806 2352 854 2376 en
876 2342 1061 2390 français,
1086 2345 1098 2377 1
1122 2353 1161 2387 p.
1181 2341 1274 2377 in-8.
1656 2343 1678 2375 2
1724 2353 1741 2372 »

282 2386 343 2420 174
367 2388 575 2432 Rothelin
595 2387 732 2432 (l’abbé
753 2386 821 2423 Ch.
843 2386 1018 2423 d’Orléans
1038 2387 1108 2433 de),
1126 2387 1359 2423 littérateur
1372 2386 1412 2421 et
1425 2387 1567 2421 savant
1593 2385 1741 2420 numis¬

371 2433 490 2475 mate,
510 2432 557 2468 de
578 2433 723 2468 l’Acad.
746 2432 794 2467 fr.
816 2452 857 2457 —
877 2433 994 2468 Pièce
1015 2435 1097 2468 aut.
1125 2432 1199 2478 sig.
1215 2445 1224 2476 ;
1256 2432 1411 2477 Moncy,
1442 2433 1485 2466 20
1518 2441 1607 2466 nov.
1643 2433 1740 2471 1732,

375 2478 386 2511 1
410 2487 446 2522 p.
468 2477 562 2513 in-4.
1657 2477 1678 2510 4
1726 2487 1741 2508 "

413 2524 484 2553 Acte
502 2524 538 2554 de
554 2525 640 2554 vente
657 2523 692 2554 de
703 2524 778 2555 deux
800 2525 919 2562 arpents
940 2524 976 2554 de
991 2523 1054 2555 bois
1070 2524 1106 2554 de
1123 2531 1156 2553 sa
1171 2529 1299 2562 garenne
1316 2522 1352 2552 de
1369 2521 1638 2558 Moncy-Ic-Vieux.

286 2563 347 2597 175
370 2563 546 2607 Rouher
563 2562 701 2607 (Eug.),
732 2562 885 2598 célèbre
907 2563 1090 2598 ministre
1122 2562 1169 2597 de
1202 2561 1405 2607 Napoléon
1437 2561 1503 2597 III.
1526 2583 1562 2587 —
1584 2561 1627 2596 L.
1660 2571 1691 2595 s.
1723 2559 1746 2593 à

372 2607 424 2643 M.
445 2607 609 2654 Drouyn
629 2619 675 2643 ae
695 2608 845 2654 Lhuys,
869 2610 964 2651 1851,
988 2610 1000 2642 1
1025 2618 1060 2654 p.
1083 2607 1174 2643 in-4.
1657 2608 1678 2641 2
1701 2607 1744 2641 50
