1850 2972
843 178 887 216 -
916 178 965 216 20
994 199 1037 206 -

327 276 450 321 pièce,
472 277 570 312 mais
590 277 613 312 à
631 277 803 322 laquelle
829 287 870 312 se
896 278 1038 313 trouve
1063 287 1140 312 une
1166 276 1291 322 petite
1316 286 1492 322 coupure
1518 276 1615 312 dans
1640 277 1679 312 la

328 322 479 367 marge.
1572 322 1613 356 18
1658 333 1677 354 »

373 367 456 397 Pièce
474 366 646 404 historique.
655 383 692 388 —
709 366 733 397 Il
750 365 829 396 vient
844 365 1039 405 d'apprendre
1057 373 1112 403 que
1134 365 1160 396 le
1185 366 1345 397 Directoire
1373 365 1410 396 l’a
1435 365 1563 403 compris
1591 373 1675 404 parm

334 405 375 435 les
394 405 542 443 généraux
572 406 607 436 de
624 405 744 436 l’armée
771 405 973 444 d’Angleterre
991 405 1099 443 (armée
1140 403 1307 443 d’Egypte).
1343 406 1400 436 Les
1417 405 1506 443 périls
1536 412 1592 442 que
1620 405 1680 436 doit

334 444 472 475 affronter
490 447 563 475 cette
585 445 695 481 armée,
714 445 739 474 la
759 445 850 482 gloire
873 447 921 482 qui
941 443 1070 481 l’attend,
1096 446 1121 474 le
1145 444 1265 475 rendent
1283 444 1412 475 sensible
1431 445 1447 474 à
1467 446 1540 474 cette
1556 451 1678 482 marque

332 483 369 513 de
380 484 538 514 confiance.
557 484 670 514 Encore
688 487 763 514 cette
783 484 847 517 fois,
864 483 882 513 il
898 484 1013 514 tâchera
1026 484 1061 514 de
1083 484 1188 515 laisser
1206 483 1335 514 derrière
1357 483 1396 513 lui
1419 484 1558 520 quelques
1585 486 1679 514 traces

335 523 521 556 honorables,
544 531 578 553 en
602 523 729 553 donnant
747 523 783 553 de
802 523 950 553 nouvelles
969 530 1094 559 preuves
1111 523 1147 554 de
1165 530 1217 553 son
1237 530 1340 552 amour
1357 530 1431 560 pour
1449 523 1475 552 la
1495 522 1598 559 patrie.

215 568 303 602 4020
326 567 389 601 La
426 567 586 611 Chaise
611 567 671 611 (le
707 566 807 602 Père
845 566 929 609 de),
961 565 1126 611 jésuite,
1165 567 1326 601 fameux
1365 566 1595 601 confesseur
1631 566 1678 601 de

325 611 447 646 Louis
465 611 571 654 XIV,
593 611 641 646 né
661 611 757 646 dans
776 611 813 646 le
833 611 967 647 Forez.
987 630 1031 636 —
1048 611 1092 646 L.
1119 621 1153 647 a.
1174 621 1205 646 s.
1221 623 1230 655 ;
1251 610 1381 653 Paris,
1401 612 1444 646 24
1463 611 1563 655 sept.
1581 612 1678 653 1706,

328 657 349 689 3
369 655 406 700 p.
428 655 520 691 in-4.
1571 656 1615 690 33
1662 667 1678 687 »

215 700 298 734 4021
326 700 524 743 Landais
544 699 785 744 (Napoléon),
807 699 981 734 l’auteur
1000 699 1052 734 du
1072 699 1347 735 Dictionnaire
1368 698 1553 747 français.
1568 718 1611 724 —
1633 699 1677 734 L.

327 753 362 778 a.
384 754 414 779 s.
436 755 485 779 au
507 743 673 779 libraire
692 744 922 786 Renouard,
946 745 1042 786 1842,
1067 746 1079 779 1
1103 754 1139 789 p.
1161 736 1257 779 in-4.
1466 736 1477 747 J
1592 746 1613 778 2
1637 746 1681 779 50

372 789 503 820 Relative
520 790 537 819 h
552 797 603 819 >on
620 797 748 827 ouvrage
765 789 817 820 sur
836 789 862 819 le
881 789 1036 828 Mariage.

215 833 304 867 4022
325 833 532 877 Laprade
551 832 701 877 (Victor
720 832 791 877 de),
814 833 942 878 poète,
963 832 1011 866 de
1032 832 1178 867 l’Acad.
1200 833 1250 868 fr.
1270 852 1313 858 —
1337 832 1381 867 L.
1408 842 1442 867 a.
1473 842 1503 867 s.
1520 844 1529 877 ;
1555 832 1678 877 Lyon,

331 879 371 912 14
391 877 483 920 mai,
507 880 520 913 1
543 888 580 923 p.
603 879 666 920 1/2
684 877 781 912 in-8.
1594 879 1615 912 3
1637 879 1681 912 50

376 921 396 952 Il
422 930 440 960 y
466 923 518 953 fait
544 924 570 953 la
592 923 715 960 critique
737 922 823 952 d’une
843 921 973 959 tragédie,
993 922 1063 952 dont
1082 921 1151 952 Jean
1173 922 1285 953 Reboul
1302 922 1400 953 venait
1421 921 1457 952 de
1475 921 1528 952 lire
1545 922 1596 953 des
1617 921 1680 959 frag

335 963 440 992 ments.

218 1000 306 1036 4023
330 1000 393 1034 La
428 997 828 1044 jacquelein
854 999 935 1044 (H.,
967 999 1003 1034 le
1032 1000 1207 1045 marquis
1226 1000 1300 1043 de),
1337 999 1493 1035 célèbre
1523 1000 1679 1034 homme

328 1043 460 1079 d’Etat
479 1044 731 1090 légitimiste.
750 1065 795 1071 —
813 1045 855 1080 L.
877 1055 912 1079 a.
938 1054 968 1079 s.
985 1056 994 1088 ;
1020 1044 1146 1087 Paris,
1177 1047 1217 1080 15
1241 1044 1318 1079 fév.
1344 1046 1440 1088 1844,
1469 1048 1480 1080 1
1503 1046 1551 1089 îp.
1582 1044 1679 1086 in-4,

329 1088 480 1124 cachet.
1592 1090 1614 1123 2
1660 1100 1677 1119 »

217 1133 305 1167 4024
328 1133 527 1176 Lavater
547 1133 760 1178 (Gaspard),
779 1133 816 1168 le
837 1133 1022 1168 créateur
1041 1132 1087 1167 de
1107 1133 1146 1168 la
1163 1133 1533 1178 physiognomonie.
1565 1131 1680 1167 Trois

329 1187 433 1220 vers,
454 1188 503 1214 en
524 1177 739 1221 allemand,
770 1179 853 1214 aut.
885 1177 974 1223 sig.;
1004 1177 1163 1221 Zurich,
1198 1180 1294 1213 1791.
1320 1177 1425 1213 Jolie
1457 1178 1566 1223 pièce
1586 1176 1681 1211 d’al¬

329 1221 438 1257 bum.
1593 1224 1615 1256 2
1638 1223 1681 1256 50

220 1267 306 1301 4025
329 1267 455 1311 Laya
474 1266 619 1311 (Léon),
640 1266 815 1302 l’auteur
834 1266 887 1301 du
912 1269 980 1301 Dite
997 1268 1068 1302 Job.
1088 1286 1131 1292 —
1149 1266 1193 1301 L.
1221 1276 1256 1301 a.
1288 1275 1318 1301 s.
1349 1266 1372 1301 à
1401 1277 1454 1302 un
1486 1265 1678 1311 critique;

334 1313 373 1345 16
393 1310 469 1346 fév.
494 1313 590 1354 1840,
610 1314 631 1347 2
651 1322 687 1357 p.
709 1311 802 1347 in-8.
1595 1313 1608 1345 1
1634 1311 1679 1344 75

376 1356 516 1387 Curieuse
537 1356 622 1387 lettre
641 1357 761 1388 relative
778 1357 796 1387 à
810 1365 842 1387 sa
860 1354 989 1387 comédie
1008 1354 1040 1385 la
1061 1355 1188 1386 Lionne.

219 1403 306 1437 4026
330 1402 480 1446 Lebon
500 1402 618 1446 (Jos.),
639 1401 675 1436 le
696 1401 856 1436 fameux
875 1400 1085 1446 proconsul
1106 1399 1276 1435 d’Arras.
1291 1420 1334 1426 —
1346 1401 1389 1436 L.
1410 1411 1440 1436 s.
1470 1401 1493 1435 à
1511 1410 1581 1435 son
1602 1399 1681 1434 col¬

332 1446 449 1491 lègue
470 1447 661 1489 Laurent,
683 1447 705 1481 à
734 1445 981 1491 Maubeuge;
1010 1445 1142 1487 Arras,
1167 1447 1206 1480 13
1223 1446 1331 1480 vent,
1353 1455 1402 1479 an
1421 1448 1455 1489 2,
1484 1446 1549 1489 3/4
1577 1444 1624 1479 de
1644 1454 1681 1489 p.

332 1490 424 1533 in-4,
441 1491 592 1527 cachet.
1591 1491 1613 1523 7
1661 1501 1679 1519 »

380 1536 400 1566 11
421 1536 458 1567 lui
478 1537 573 1567 donne
592 1536 655 1566 avis
670 1536 705 1566 de
731 1535 882 1567 nouvelles
900 1534 1110 1565 machinations
1129 1541 1202 1573 pour
1216 1531 1340 1566 affaiblir
1355 1543 1409 1566 nos
1426 1535 1555 1565 armées:
1585 1542 1621 1564 on
1636 1533 1683 1563 ré¬

341 1575 432 1605 forme
447 1575 597 1606 d’anciens
616 1575 789 1606 canonniers
804 1575 840 1604 de
856 1574 951 1605 bonne
968 1574 1065 1611 taille;
1091 1581 1147 1604 une
1171 1573 1322 1606 multitude
1341 1575 1376 1606 de
1388 1575 1498 1605 soldats
1508 1575 1629 1604 courent
1643 1573 1686 1603 les

339 1618 439 1645 routes
455 1623 526 1646 avec
541 1615 576 1645 de
595 1615 661 1644 faux
681 1615 775 1644 billets
795 1613 947 1652 d'hôpital,
966 1617 993 1643 et
1011 1612 1068 1644 l’on
1086 1612 1191 1650 craint,
1209 1611 1356 1650 ajoute-il,
1376 1615 1462 1652 qu’ils
1478 1613 1585 1644 n'aient
1597 1612 1685 1642 ordre

338 1654 373 1684 de
385 1662 418 1684 se
437 1654 613 1684 rassembler
632 1654 705 1684 dans
722 1653 883 1685 l’intérieur
900 1661 936 1683 ou
954 1660 1011 1683 aux
1027 1652 1174 1688 environs,
1190 1660 1263 1690 pour
1276 1660 1350 1684 nous
1364 1654 1500 1685 distraire
1517 1653 1555 1691 du
1574 1650 1684 1691 grand

340 1701 422 1732 coup
442 1701 502 1732 que
518 1693 581 1724 l’on
600 1701 642 1723 va
657 1696 778 1732 porter.

222 1737 307 1771 1027
335 1737 538 1781 Leibnitz
569 1736 955 1781 (God.-Guillaume),
988 1747 1041 1771 un
1074 1737 1140 1772 des
1169 1737 1257 1782 plus
1285 1736 1431 1781 grands
1463 1736 1600 1781 génies
1631 1735 1683 1770 du

334 1787 431 1815 xvii®
451 1781 584 1816 siècle.
622 1801 665 1806 —
700 1781 743 1816 L.
765 1792 800 1816 a.
821 1791 851 1816 s.
874 1781 897 1815 à
920 1781 960 1816 M
964 1787 1002 1803 mn
1022 1781 1068 1816 de
1089 1781 1261 1826 Brinon;
1281 1782 1481 1824 Hanovre,
1500 1783 1579 1816 7-17
1600 1780 1683 1816 déc.

337 1827 434 1868 1691,
464 1828 476 1860 1
500 1836 538 1871 p.
561 1825 612 1871 pl.
635 1826 731 1861 in-4.
752 1827 841 1861 Belle
854 1827 957 1869 pièce.
1598 1827 1641 1860 55
1665 1837 1682 1856 »

383 1870 512 1902 Relative
531 1879 585 1901 aux
606 1871 803 1908 négociations
822 1873 903 1901 entre
921 1871 1041 1902 Bossuet
1053 1873 1081 1901 et
1101 1871 1255 1906 Pellisson,
1271 1871 1358 1902 d’une
1377 1873 1453 1909 pari,
1471 1873 1499 1901 et
1519 1870 1645 1900 Leibnitz
1659 1873 1687 1901 et

342 1909 368 1939 le
387 1910 550 1947 théologien
570 1909 731 1941 honovrien
751 1911 897 1946 Mo'anus,
913 1910 948 1940 de
961 1909 1075 1944 l’autre,
1092 1918 1165 1949 pour
1178 1911 1203 1941 la
1221 1911 1314 1941 fusion
1335 1911 1386 1941 des
1403 1910 1603 1940 communions
1617 1917 1685 1947 pro¬

340 1951 464 1979 testante
484 1952 513 1978 et
529 1950 706 1986 catholique.
730 1950 755 1980 M
761 1956 780 1969 m
783 1955 796 1969 *
813 1949 848 1979 de
866 1949 985 1983 Brinon,
1015 1950 1159 1988 première,
1175 1949 1348 1988 supérieure
1365 1948 1581 1986 deSaint-Cyr,
1613 1949 1687 1979 amie

342 1988 378 2018 de
401 1988 532 2019 Madame
561 1988 598 2019 de
630 1988 794 2019 Maintcnon
822 1990 850 2019 et
868 1988 1011 2026 pénitente
1045 1989 1080 2018 de
1110 1990 1242 2023 Bossuet,
1273 1989 1343 2019 était
1377 1987 1625 2019 l’intermédiaire.
1650 2005 1688 2010 —

342 2027 471 2058 Leibnitz
489 2028 528 2057 lui
544 2028 663 2058 adresse
682 2035 720 2058 un
747 2028 820 2059 écrit
837 2028 872 2058 de
899 2027 995 2058 l’abbé
1014 2028 1154 2064 Molanus,
1172 2037 1206 2058 en
1226 2029 1251 2058 la
1269 2029 1366 2065 priant
1385 2030 1420 2058 de
1449 2028 1475 2058 le
1493 2027 1563 2057 faire
1582 2027 1656 2057 tenir
1671 2028 1688 2057 à

343 2067 475 2103 l'évéquc
491 2067 527 2097 de
544 2068 660 2101 Meaux,
681 2075 751 2098 avec
778 2075 827 2097 ses
844 2074 969 2105 propres
990 2067 1154 2104 réflexions,
1174 2068 1209 2098 de
1225 2068 1262 2097 lui
1281 2067 1422 2098 Leibnitz.
1444 2068 1465 2096 Il
1478 2066 1593 2104 supplie
1610 2067 1687 2096 aus.-.i

342 2109 415 2136 cette
428 2106 513 2137 dame
534 2109 569 2137 de
589 2109 724 2137 remettre
753 2115 808 2137 une
826 2107 910 2137 lettre
936 2106 1010 2136 kM.
1043 2106 1079 2137 de
1107 2108 1253 2145 Laroque,
1272 2115 1366 2138 connu
1386 2107 1422 2136 de
1441 2107 1563 2137 Bossuet
1595 2108 1623 2135 et
1651 2106 1687 2136 de

342 2144 495 2176 Pellisson.

227 2190 314 2225 4028
339 2190 399 2224 Le
417 2190 674 2234 Laboureur
694 2189 788 2234 (Cl.),
810 2191 956 2224 auteur
974 2189 1041 2225 des
1059 2192 1210 2225 Mazures
1227 2191 1267 2225 de
1285 2191 1495 2225 l’Ile-Barbe.
1515 2208 1557 2214 —
1577 2189 1687 2229 Quit.

338 2233 414 2279 sig.
435 2233 482 2268 de
509 2234 548 2269 la
579 2233 743 2278 pension
773 2244 849 2279 que
881 2234 939 2269 lui
971 2235 1058 2270 font
1075 2234 1133 2269 les
1158 2235 1383 2270 oratoriens
1420 2234 1467 2269 de
1498 2234 1610 2269 N.-D.
1641 2234 1688 2268 de

339 2277 463 2313 Grâce
484 2289 533 2313 en
553 2279 693 2322 Forez;
714 2278 838 2323 Lyon,
863 2280 959 2321 1677,
983 2280 1045 2322 1/2
1064 2289 1099 2324 p.
1121 2279 1217 2314 in-8.
1237 2281 1322 2315 Jolie
1341 2281 1444 2324 pièce.
1601 2281 1622 2313 6
1669 2291 1686 2310 »

226 2328 314 2363 4029
333 2328 545 2372 Loriquet
563 2328 611 2372 (le
641 2327 765 2371 Père),
798 2329 945 2363 auteur
964 2328 1079 2363 d’une
1110 2328 1277 2364 histoire
1306 2330 1354 2365 de
1378 2329 1529 2364 France
1558 2327 1687 2363 restée

340 2371 530 2407 fameuse.
551 2392 594 2398 —
615 2372 819 2407 Certificat
840 2375 922 2407 aut.
944 2373 1038 2418 sig.;
1066 2372 1298 2417 St-Acheul,
1332 2375 1429 2415 1825,
1459 2372 1555 2408 in-8.
1584 2372 1689 2408 Jolie

339 2416 464 2461 pièce,
486 2427 580 2451 avec
600 2417 636 2451 le
655 2416 802 2451 timbre
824 2417 871 2451 de
893 2417 1193 2453 Saint-Acheul.
1602 2418 1624 2451 4
1647 2418 1690 2451 50

227 2467 315 2501 4030
339 2467 511 2511 Louvet
530 2466 673 2511 (J.-B.),
693 2467 1016 2510 conventionnel,
1037 2478 1115 2502 non
1137 2467 1263 2502 moins
1283 2466 1438 2501 célèbre
1454 2476 1603 2501 comme
1624 2476 1690 2500 au¬

339 2512 432 2544 tour
451 2510 498 2546 de
531 2512 674 2546 Faublas
693 2522 768 2556 que
801 2522 872 2557 par
897 2522 957 2547 ses
988 2511 1247 2557 persistantes
1278 2511 1528 2546 accusations
1555 2512 1691 2545 contre

340 2554 622 2599 Robespierre.
648 2555 790 2591 Arrêté
811 2556 863 2591 du
886 2556 1037 2591 Comité
1068 2556 1114 2591 de
1136 2555 1250 2591 Salut
1269 2555 1406 2600 public
1442 2555 1517 2600 sig.
1550 2555 1596 2589 de
1617 2554 1690 2597 lui,

341 2599 388 2633 de
409 2601 540 2634 Doulcet
560 2601 601 2635 et
621 2600 668 2635 de
686 2603 718 2635 J.
740 2602 848 2644 Debry
860 2613 869 2643 ;
899 2611 948 2635 an
968 2601 1034 2643 III,
1058 2603 1070 2635 1
1094 2611 1130 2646 p.
1160 2600 1253 2643 in-4,
1273 2600 1456 2645 vignette
1485 2601 1525 2635 et
1555 2599 1694 2634 cachet

342 2643 393 2678 du
415 2644 581 2679 Comité.
1604 2645 1626 2678 5
1672 2655 1689 2675 »
