1793 3007
714 192 756 198 -
787 170 809 208 3
838 191 882 199 -

72 268 249 313 locuteur,
270 270 329 318 qui
351 268 473 318 fronça
492 269 525 307 le
543 271 691 318 sourcil,
713 275 750 308 et
764 271 885 308 donna
897 270 1074 320 quelques
1087 269 1220 309 détails
1238 281 1300 309 sur
1319 281 1358 308 ce
1374 281 1522 321 person¬

73 330 177 366 nage.
203 319 249 357 M.
274 319 422 358 Chasles
441 332 487 359 en
514 326 620 371 parut
645 320 831 360 vivement
852 321 988 371 frappé.
1022 321 1119 359 C’est
1145 321 1255 365 alors,
1282 332 1367 360 sans
1397 322 1518 367 doute,

72 369 159 418 qu’il
176 370 357 408 s’adressa
374 372 395 408 à
416 371 461 409 M.
485 371 516 409 le
535 371 652 410 Préfet
670 370 715 410 de
729 371 857 420 police.
881 372 997 409 Lucas
1012 370 1067 410 fut
1084 372 1256 410 surveillé
1268 377 1303 410 et
1319 371 1450 415 arrêté,
1470 378 1520 419 et,

72 419 104 457 le
125 419 172 457 13
191 421 408 470 septembre,
432 421 479 461 M.
507 421 655 460 Chasles
673 421 795 460 révéla
811 428 890 460 tout
907 424 928 460 à
951 421 1181 461 l’Académie.
1211 421 1267 460 On
1295 422 1347 460 lut
1375 422 1464 461 dans
1490 423 1524 461 la

73 470 189 509 même
215 472 345 509 séance
365 472 399 510 la
417 471 640 510 déclaration
661 472 705 511 de
729 472 761 510 la
782 472 1017 511 commission
1042 472 1086 511 de
1112 472 1285 511 Florence
1315 479 1524 512 constatant

72 531 142 570 que
163 521 213 560 les
234 523 353 572 pièces
372 522 674 573 photographiées
694 534 758 573 par
778 522 825 562 M.
852 522 1001 562 Chasles
1026 522 1164 562 étaient
1184 522 1422 574 apocryphes.

122 571 222 610 Voici
254 572 286 611 le
317 579 414 612 texte
435 573 481 612 de
509 573 543 611 la
572 573 772 612 révélation
804 573 849 612 de
876 573 924 612 M.
954 573 1117 618 Chasles,
1147 574 1281 613 extrait
1300 574 1346 612 tlu
1367 580 1526 624 compte¬

72 622 187 660 rendu
208 623 339 662 officiel
361 624 404 662 de
426 624 647 662 l’Académie
667 624 730 663 des
753 624 933 667 Sciences,
958 632 998 662 n°
1021 623 1064 662 11
1088 636 1095 662 :

115 689 306 735 Lorsque,
327 691 423 726 dans
443 690 500 725 les
516 690 708 735 premiers
718 690 832 736 jours
847 691 893 725 de
908 690 1046 736 juillet
1062 693 1158 734 1867,
1169 689 1239 736 j’ai
1254 701 1302 725 eu
1318 690 1529 726 l’honneur

73 734 120 769 de
140 736 444 781 communiquer
463 736 485 770 à
504 735 739 770 l’Académie
763 736 935 771 certains
955 735 1186 770 documents
1207 735 1274 780 qui
1290 736 1528 781 prouvaient

73 789 149 824 que
169 780 308 816 Pascal
328 780 513 816 auraient
532 791 581 815 eu
603 781 882 816 connaissance
903 781 970 816 des
991 780 1065 815 lois
1084 780 1130 815 de
1150 780 1394 816 l’attraction
1408 782 1449 816 et
1462 791 1529 816 au¬

73 824 154 859 rait
173 835 221 860 eu
243 826 368 860 même
388 825 456 860 des
476 825 668 861 relations
699 836 793 860 avec
823 826 859 861 le
886 825 1010 870 jeune
1040 825 1223 868 Newton,
1250 824 1291 871 je
1323 825 1528 871 n’agissais

76 880 141 919 pas
161 880 255 905 avec
276 870 577 915 précipitation;
599 881 666 905 car
682 870 815 906 c’était
836 870 974 915 depuis
992 872 1087 913 1861,
1104 881 1152 905 en
1167 870 1393 914 novembre,
1408 871 1528 916 qu’un

74 914 273 957 individu,
294 926 334 951 se
354 915 486 950 disant
505 915 720 951 archiviste
740 915 1003 961 paléographe
1024 916 1064 950 et
1083 915 1230 950 faisant
1243 926 1461 950 commerce
1482 916 1528 951 de

74 959 191 995 titres
212 960 533 1011 généalogiques,
555 971 614 995 me
635 960 840 1006 procurait
859 971 921 995 ces
952 960 1184 995 documents
1209 960 1415 1005 étrangers
1444 961 1466 995 à
1493 961 1532 995 la

73 1003 280 1049 spécialité
301 1005 347 1040 de
367 1016 436 1041 son
456 1015 688 1048 commerce,
708 1005 754 1040 de
775 1006 813 1041 la
832 1007 920 1050 part
933 1005 985 1040 du
999 1015 1226 1050 possesseur
1239 1006 1307 1050 qui
1322 1006 1378 1040 les
1393 1005 1531 1040 faisait

77 1059 275 1094 proposer.
296 1050 341 1085 Je
362 1050 603 1086 connaissias
622 1050 722 1085 donc
741 1050 1013 1096 l’importance
1033 1050 1282 1095 scientifique
1314 1050 1360 1085 de
1381 1060 1444 1085 ces
1464 1050 1530 1085 do¬

75 1096 275 1139 cuments;
292 1095 333 1140 je
348 1095 488 1139 savais,
505 1106 553 1130 en
568 1097 697 1138 outre,
712 1106 787 1141 que
802 1095 843 1141 je
860 1106 907 1130 ne
923 1095 1121 1149 possédais
1136 1105 1203 1140 pas
1214 1096 1325 1130 toute
1341 1095 1379 1130 la
1392 1095 1532 1130 collec¬

75 1139 183 1184 tion;
199 1139 410 1184 j’insistais
431 1151 530 1186 pour
555 1140 671 1186 qu’on
702 1151 762 1175 me
783 1140 821 1175 là
842 1140 964 1176 livrât
982 1141 1072 1176 tout
1090 1139 1261 1184 entière;
1283 1140 1381 1175 mais
1401 1150 1449 1174 on
1471 1151 1531 1175 me

77 1184 288 1229 répondait
306 1195 381 1231 que
401 1186 437 1221 le
457 1196 697 1231 possesseur,
717 1185 784 1231 qui
803 1185 939 1221 l’avait
957 1185 1165 1230 rapportée
1185 1184 1455 1231 d’Amérique,
1482 1186 1530 1219 où

77 1229 154 1264 elle
174 1229 282 1265 avait
300 1230 410 1275 passé
430 1241 479 1265 en
501 1233 595 1274 1791,
621 1241 661 1266 se
681 1230 842 1275 plaisait
860 1230 882 1265 à
900 1229 1109 1276 parcourir
1132 1232 1264 1265 toutes
1295 1241 1358 1265 ces
1388 1229 1531 1274 pièces,

78 1275 118 1309 et
138 1285 185 1309 ne
206 1274 361 1310 voulait
380 1275 436 1310 les
455 1275 580 1310 livrer
599 1275 688 1321 qu’à
706 1286 776 1310 son
795 1275 922 1310 loisir.
944 1274 1016 1310 J’ai
1037 1274 1136 1309 donc
1156 1274 1221 1318 dû,
1243 1286 1292 1310 on
1308 1275 1344 1310 le
1359 1275 1531 1323 conçoit,

77 1319 209 1364 quand
229 1319 282 1354 M.
303 1320 355 1354 Le
375 1319 551 1362 Verrier,
573 1331 621 1355 en
641 1320 779 1356 séance
811 1320 856 1355 de
889 1319 1139 1364 l’Académie,
1172 1319 1208 1354 le
1241 1322 1280 1355 19
1308 1319 1403 1355 août
1433 1323 1530 1365 1867,

78 1364 152 1400 m’a
171 1364 361 1400 demandé
382 1364 427 1400 de
449 1365 515 1412 qui
542 1364 584 1411 je
603 1365 733 1402 tenais
753 1365 809 1401 les
829 1366 1075 1408 documents,
1097 1367 1137 1401 et
1155 1365 1202 1400 de
1234 1365 1415 1401 déclarer
1444 1369 1533 1402 tout

77 1420 119 1444 ce
139 1410 207 1456 qui
228 1421 276 1445 en
297 1411 473 1454 existait,
493 1421 554 1445 me
574 1411 730 1446 refuser
749 1411 771 1445 à
789 1410 989 1446 satisfaire
1010 1410 1032 1445 à
1051 1421 1093 1445 sa
1117 1410 1322 1446 demande.
1352 1410 1437 1451 Car,
1461 1422 1531 1456 pu¬

78 1454 182 1490 blier
201 1455 268 1491 dès
288 1466 330 1490 ce
351 1458 528 1491 moment
547 1455 593 1491 de
614 1456 683 1507 qui
698 1455 740 1501 je
761 1456 818 1491 les
848 1455 990 1498 tenais,
1025 1455 1157 1490 c’était
1188 1466 1413 1501 provoquer
1442 1458 1533 1492 tout

78 1500 249 1536 aussitôt
279 1501 422 1546 auprès
451 1501 497 1536 de
527 1501 632 1536 celui
659 1501 727 1551 qui
757 1511 817 1535 me
846 1501 903 1536 les
932 1500 1157 1546 proposait,
1191 1500 1257 1535 des
1288 1501 1405 1536 offres
1436 1512 1532 1536 aux¬

79 1545 233 1590 quelles
262 1546 291 1581 il
316 1545 490 1581 n’aurait
514 1556 580 1591 pas
608 1546 762 1581 résisté.
790 1545 930 1581 C’était
965 1546 1271 1590 compromettre
1305 1545 1341 1581 le
1371 1548 1456 1581 sort
1485 1546 1532 1581 de

79 1601 142 1625 ces
179 1590 424 1633 documents,
468 1601 542 1636 que
580 1589 622 1636 je
669 1590 875 1642 regardais
924 1600 1073 1625 comme
1111 1590 1311 1635 précieux.
1349 1590 1453 1626 Tout
1496 1591 1532 1626 le

78 1635 234 1679 monde,
267 1636 531 1678 assurément,
573 1634 759 1671 m’aurait
789 1634 930 1670 blâmé.
960 1634 1005 1670 Je
1050 1645 1097 1669 ne
1129 1635 1292 1680 pouvais
1334 1646 1401 1680 pas
1444 1636 1530 1671 dire

77 1690 154 1715 non
187 1680 276 1726 plus
306 1691 382 1731 que
423 1681 481 1716 les
518 1680 708 1726 quelques
739 1680 910 1715 milliers
948 1680 994 1714 do
1025 1679 1156 1725 pièces
1187 1678 1275 1725 déjà
1305 1682 1418 1715 entre
1450 1691 1531 1716 mes

77 1725 205 1760 mains
238 1725 391 1761 étaient
429 1726 486 1761 les
519 1725 649 1761 seules
686 1725 733 1760 de
765 1725 803 1760 la
827 1725 1052 1760 collection.
1084 1724 1157 1759 J’ai
1200 1725 1299 1759 donc
1329 1724 1380 1759 dû
1413 1726 1531 1760 m’ab¬

76 1770 204 1805 stenir
229 1772 454 1806 nettement
474 1770 520 1805 de
540 1770 741 1806 satisfaire
768 1780 844 1805 aux
870 1769 1082 1804 demandes
1109 1769 1155 1804 de
1188 1772 1302 1805 notre
1335 1770 1531 1814 confrère,

76 1826 167 1850 sans
195 1815 310 1861 qu’on
341 1826 389 1850 en
421 1815 553 1861 puisse
568 1814 678 1861 jeter
703 1826 755 1850 un
793 1813 920 1849 blâme
943 1825 1012 1850 sur
1048 1825 1111 1849 ma
1147 1814 1324 1859 réserve;
1353 1815 1532 1851 d’autant

77 1861 180 1905 plus,
200 1862 240 1896 et
260 1860 496 1896 l’Académie
516 1860 552 1895 le
573 1860 651 1896 sait
669 1859 965 1906 parfaitement,
986 1870 1061 1905 que
1076 1858 1274 1904 j’invitais
1302 1870 1396 1894 avec
1415 1860 1532 1896 insis¬

77 1909 191 1940 tance
227 1907 361 1941 toutes
381 1906 438 1941 les
468 1915 682 1951 personnes
702 1915 776 1951 que
796 1904 836 1940 la
855 1905 1039 1950 question
1070 1904 1234 1949 pouvait
1265 1904 1482 1940 intéresser
1512 1906 1534 1940 à

76 1950 192 1985 venir
219 1950 390 1995 prendre
416 1950 696 1986 connaissance
728 1950 774 1984 de
793 1949 833 1985 la
851 1960 976 1985 masse
997 1949 1064 1984 des
1084 1948 1328 1985 documents.
1361 1949 1410 1985 Et
1441 1949 1531 1985 bien

77 1995 179 2040 plus,
201 1995 268 2031 dès
288 2005 362 2041 que
383 1995 440 2030 les
460 1995 681 2046 objections
700 1997 790 2030 sont
808 2005 956 2030 venues
982 1994 1029 2029 de
1054 1994 1284 2038 l’étranger,
1311 1994 1533 2040 j’envoyais

76 2042 208 2075 toutes
228 2040 285 2075 les
305 2040 446 2085 pièces,
467 2043 544 2075 soit
563 2040 794 2085 originales,
815 2039 892 2075 soit
911 2050 960 2074 en
980 2038 1282 2089 photographie,
1297 2040 1319 2074 à
1332 2039 1400 2085 qui
1414 2040 1532 2075 m’ex¬

77 2085 241 2130 primait
260 2085 296 2120 le
317 2085 424 2120 désir
443 2085 489 2120 de
509 2085 565 2120 les
586 2083 804 2120 connaître.
825 2083 1056 2130 Pouvais-je
1077 2082 1176 2119 faire
1199 2084 1313 2129 plus?

122 2135 181 2170 Du
202 2137 331 2178 reste,
351 2135 388 2170 le
410 2135 534 2186 grand
555 2135 717 2170 nombre
749 2135 816 2170 des
836 2135 1082 2176 documents,
1115 2134 1172 2169 les
1203 2145 1313 2170 noms
1345 2134 1392 2169 de
1424 2135 1533 2171 leurs

78 2182 256 2224 auteurs,
283 2181 322 2216 la
353 2180 502 2215 variété
522 2180 588 2215 des
607 2180 795 2215 matières
814 2179 1085 2224 scientifiques
1102 2206 1110 2222 ,
1133 2179 1374 2223 littéraires,
1408 2179 1533 2216 histo¬

79 2225 217 2271 riques
238 2226 305 2272 qui
326 2226 381 2271 s’y
399 2225 629 2261 trouvaient
647 2225 825 2267 traitées,
845 2226 886 2260 et
905 2224 944 2259 la
961 2224 1131 2269 parfaite
1160 2224 1427 2260 concordance
1459 2235 1533 2270 que

75 2269 132 2315 j’y
152 2271 455 2314 reconnaissais,
477 2280 525 2305 ne
545 2280 606 2305 me
626 2270 832 2305 laissaient
852 2280 981 2304 aucun
1001 2269 1121 2304 doute
1152 2279 1221 2304 sur
1240 2269 1533 2306 l’authenticité

79 2315 126 2350 de
148 2316 238 2351 leur
257 2319 442 2351 contenu.

123 2366 225 2402 C’est
243 2371 306 2402 cet
322 2365 460 2401 accord
481 2367 593 2401 entre
614 2376 677 2401 ces
697 2365 927 2400 documents
947 2364 1014 2410 qui
1036 2363 1110 2399 m’a
1131 2364 1276 2409 permis
1290 2364 1337 2399 de
1351 2364 1534 2410 toujours

80 2411 275 2456 répondre
297 2412 319 2446 à
337 2413 468 2447 toutes
488 2410 544 2446 les
564 2409 783 2455 objections
803 2409 870 2456 qui
891 2420 930 2445 se
956 2410 1046 2444 sont
1071 2409 1276 2454 produites
1298 2422 1306 2445 :
1326 2410 1535 2445 tellement

80 2467 157 2501 que
178 2457 257 2491 l’on
277 2467 300 2491 a
318 2466 387 2491 cru
403 2456 569 2502 pouvoir
583 2455 781 2501 imaginer
801 2465 851 2489 un
867 2454 1075 2496 faussaire,
1098 2456 1137 2489 et
1151 2453 1306 2490 bientôt
1324 2455 1436 2499 après
1457 2465 1533 2489 une

80 2501 317 2536 association
345 2501 392 2536 de
421 2500 657 2540 faussaires,
699 2499 766 2545 qüi
800 2498 1093 2545 fabriquaient,
1129 2499 1255 2534 môme
1292 2510 1340 2534 au
1373 2498 1535 2534 dernier

81 2549 278 2588 moment,
300 2556 401 2591 pour
420 2547 477 2581 les
497 2545 655 2580 besoins
676 2546 721 2580 de
742 2545 781 2580 la
801 2554 930 2580 cause.

125 2596 249 2635 Qu’on
283 2607 343 2631 me
382 2597 576 2641 permette
608 2595 804 2646 d’ajouter
835 2596 857 2629 à
886 2605 928 2629 ce
959 2593 1066 2640 sujet
1096 2605 1171 2640 que
1203 2593 1466 2639 précisément
1496 2594 1535 2629 la

81 2641 201 2676 lettre
235 2641 281 2676 de
309 2640 478 2686 Jacques
498 2641 557 2683 II,
595 2632 869 2685 qu’invoquait
887 2639 939 2675 M.
961 2639 1141 2684 Faugère
1174 2648 1273 2684 pour
1304 2638 1536 2684 s’exprimer
