1802 3007
725 182 767 189 -
797 161 842 199 17
878 182 918 189 -

202 260 320 304 Kent
343 260 556 304 (Edouard,
582 259 658 293 duc
685 258 758 302 de),
780 258 872 301 pèfe
900 258 947 292 de
974 257 1013 292 la
1038 257 1148 292 reine
1177 256 1366 291 Victoria.
1388 274 1424 279 —
1445 257 1549 292 Jolie

202 303 228 338 1.
249 314 279 339 8.
301 304 323 338 à
347 304 399 340 M.
421 305 467 340 de
488 303 732 353 Gruillermy;
753 299 1019 348 Kensington,
1043 304 1140 344 1813,
1160 305 1181 337 2
1200 311 1235 346 p.
1259 302 1321 343 1/4
1341 299 1433 336 in-4.
1453 302 1550 337 Plus

204 357 258 382 un
294 348 396 393 petit
422 348 540 384 billet
570 349 652 383 aut.
685 347 760 392 sig.
793 346 840 381 de
866 346 906 381 la
931 348 1085 381 duchesse
1113 347 1153 381 de
1182 348 1268 380 Kent
1272 371 1281 388 ,
1320 356 1362 380 sa
1390 345 1548 385 femme.

207 380 1549 432 1822. 2 50
93 447 181 481 4223
204 447 427 491 Kotzebue
446 445 709 491 (A.-F.-Fréd.
736 445 808 488 de),
838 445 991 480 célèbre
1021 445 1235 491 publiciste
1262 447 1302 479 et
1327 445 1551 480 romancier

202 490 413 534 allemand,
435 491 627 527 assassiné
647 500 718 535 par
737 489 841 526 Sand
861 500 910 524 en
934 492 1030 525 1819.
1043 489 1130 524 —L.
1152 500 1186 525 a.
1207 500 1252 532 s.,
1273 499 1321 523 en
1337 488 1549 533 allemand,

203 544 252 569 au
273 534 437 570 libraire
452 534 716 571 Kummersch
729 546 738 577 ;
758 533 1038 579 Kœnigsberg,
1058 536 1097 569 10
1111 532 1222 578 janv.
1243 535 1341 576 1806,
1361 535 1383 567 2
1399 543 1435 578 p.
1456 533 1549 573 in-4,

205 578 356 615 cachet.
381 582 470 615 Belle
485 582 586 624 pièce.
1466 579 1487 613 4
1533 591 1550 610 »

93 634 179 668 4224
202 634 265 668 La
290 635 499 685 Chapelle
529 634 639 685 (Jean
665 633 739 677 de),
765 633 978 668 secrétaire
1005 633 1072 668 des
1106 633 1467 668 commandements
1499 633 1550 669 du

204 677 339 721 prince
360 679 406 714 de
427 680 557 721 Conti,
578 678 691 723 poète
712 679 753 712 et
772 677 1001 722 diplomate,
1019 678 1193 713 membre
1214 677 1260 712 de
1282 677 1426 712 l’Acad.
1448 677 1554 713 fran¬

204 721 322 767 çaise,
342 724 389 758 né
409 724 431 757 à
450 723 642 768 Bourges.
662 724 699 756 —
720 723 808 756 Belle
822 724 912 766 pièce
930 721 1005 768 sig.
1032 732 1103 766 par
1122 723 1159 757 le
1190 721 1326 772 prince
1352 721 1399 755 de
1420 721 1552 765 Conti,

203 766 244 800 et
264 766 478 812 contresig.
494 778 559 811 par
577 768 807 809 Monseigneur
841 769 888 801 La
908 768 1099 810 Chappelle;
1120 766 1249 809 Paris,
1268 768 1306 801 31
1330 767 1430 811 sept.
1455 768 1552 809 1686,

205 812 226 845 3
245 820 281 855 p.
303 810 390 846 in-f.
416 814 514 846 Rare.
1467 813 1488 845 8
1535 823 1552 842 »

94 866 181 900 4225
204 866 452 910 Lamarque
482 866 626 911 (Max.),
658 865 812 900 célèbre
843 865 1000 910 général
1029 867 1070 900 et
1097 866 1274 908 orateur,
1302 865 1349 900 né
1375 865 1470 899 dans
1497 865 1554 900 les

206 909 372 946 Landes.—L.
477 921 512 945 a.
532 921 563 945 s.
578 921 627 945 au
641 909 802 955 général
814 909 1027 953 Beurman;
1042 909 1264 954 Figuières,
1284 912 1321 944 17
1336 919 1440 944 mars
1457 911 1553 952 1814,

210 955 271 996 1/2
291 965 325 999 p.
347 954 440 997 in-4,
466 955 617 990 cachet.
1467 956 1488 988 2
1511 956 1555 988 50

93 1007 181 1040 4226
204 1007 461 1051 Lamartine
479 1007 606 1052 (Alph.
628 1006 702 1051 de),
723 1005 883 1040 illustre
903 1005 1079 1041 écrivain
1105 1008 1145 1041 et
1165 1006 1319 1041 homme
1341 1005 1484 1048 d’Etat,
1505 1005 1552 1041 de

207 1050 352 1086 l’Acad.
375 1052 423 1086 t'r.
439 1069 476 1075 —
494 1051 538 1086 L.
560 1062 593 1086 a.
615 1062 646 1086 s.
667 1051 690 1085 à
711 1050 760 1085 M.
782 1050 908 1093 G-rün,
932 1052 943 1085 1
970 1061 1004 1096 p.
1026 1050 1122 1085 in-8.
1468 1053 1489 1085 3
1512 1053 1555 1085 50

250 1101 390 1132 Curieuse
406 1102 488 1132 lettre
516 1102 634 1132 relative
658 1102 674 1131 à
694 1101 732 1131 M.
748 1101 863 1135 Guizot,
886 1100 955 1138 qu'il
984 1105 1096 1139 promet
1109 1103 1143 1130 rie
1159 1108 1194 1130 ne
1211 1108 1264 1138 pas
1277 1101 1408 1138 attaquer
1426 1100 1443 1130 à
1457 1100 1483 1130 la
1504 1101 1555 1131 tri¬

213 1139 298 1171 bune.
319 1152 331 1166 «
353 1142 386 1172 .le
398 1142 459 1172 suis
477 1141 572 1172 résolu
589 1142 604 1171 à
627 1148 673 1170 me
686 1140 759 1170 taire
771 1142 799 1170 et
812 1140 828 1169 à
848 1148 882 1170 ne
896 1140 958 1170 dire
977 1148 1032 1177 que
1053 1140 1105 1170 des
1118 1141 1205 1170 mots.
1228 1152 1240 1166 »

95 1189 181 1223 4227
205 1189 268 1223 La
284 1191 416 1225 Porte
439 1191 500 1225 du
517 1190 643 1233 Theil
662 1189 748 1233 (de),
778 1191 917 1225 savant
948 1189 1172 1230 helléniste,
1205 1189 1489 1224 conservateur
1507 1189 1554 1224 de

206 1233 246 1267 la
281 1233 562 1280 Bibliothèque
599 1233 815 1270 nationale.
845 1252 883 1259 —
909 1233 954 1269 L.
991 1244 1026 1268 a.
1063 1244 1114 1278 s.;
1151 1232 1278 1276 Paris,
1324 1234 1421 1276 1771,
1463 1236 1474 1267 1
1516 1244 1552 1278 p.

207 1276 300 1313 in-4.
1469 1280 1490 1313 2
1513 1281 1557 1313 50

95 1333 185 1368 4228
208 1333 271 1368 La
288 1334 381 1379 Rue
400 1334 448 1379 (le
468 1333 513 1369 P.
546 1333 614 1370 Ch.
644 1333 718 1379 de),
733 1331 897 1379 jésuite,
929 1332 1082 1368 célèbre
1102 1331 1355 1378 prédicateur
1383 1333 1423 1367 et
1442 1333 1555 1377 poète

208 1377 308 1412 latin
340 1378 391 1413 du
420 1388 503 1413 xvn
504 1384 517 1401 e
549 1378 682 1421 siècle,
713 1378 790 1412 ami
825 1377 872 1412 de
901 1377 1115 1419 Corneille,
1154 1377 1221 1423 qui
1253 1388 1276 1411 a
1305 1376 1460 1413 traduit
1485 1388 1554 1413 son

208 1423 343 1459 oème
374 1433 444 1458 sur
473 1423 530 1459 les
559 1422 781 1468 Conquêtes
801 1422 848 1457 de
868 1422 989 1457 Louis
1018 1422 1121 1457 XIV.
1141 1439 1179 1445 —
1198 1422 1242 1458 L.
1263 1432 1296 1457 a.
1320 1432 1349 1457 s.
1377 1432 1426 1457 au
1447 1422 1554 1457 card.

206 1463 255 1501 e
274 1467 475 1512 Bouillon;
485 1467 612 1510 Paris,
636 1470 675 1502 19
689 1465 784 1502 août
806 1469 902 1509 1709,
922 1469 943 1501 4
962 1477 997 1511 p.
1019 1466 1111 1501 in-4.
1125 1469 1223 1501 .Rare.
1450 1469 1491 1501 15
1538 1479 1554 1499 »

205 1523 457 1568 Lavallette
476 1523 525 1568 (le
544 1524 673 1558 comte
694 1522 766 1567 de),
788 1522 1037 1575 direct.-çén.
1054 1522 1120 1557 des
1136 1523 1266 1567 postes
1286 1521 1334 1557 de
1354 1521 1555 1567 l’Empire,

207 1567 422 1602 condamné
454 1568 476 1601 à
506 1569 611 1603 mort
642 1577 690 1602 en
725 1569 822 1609 1815,
848 1577 968 1602 sauve
1005 1577 1076 1611 par
1106 1566 1142 1601 le
1174 1566 1413 1602 dévoûment
1440 1566 1487 1601 de
1513 1577 1556 1602 sa

208 1611 365 1646 femme.
385 1614 423 1646 —
441 1613 529 1646 Belle
547 1612 574 1647 1.
596 1622 630 1647 a.
651 1622 697 1654 s.,
722 1614 733 1646 1
757 1621 793 1656 p.
815 1611 903 1646 in-f.
1469 1614 1491 1646 2
1514 1614 1557 1646 50

207 1665 406 1711 Lelewel(Joach.),
604 1666 764 1701 illustre
779 1668 919 1701 savant
931 1667 971 1701 et
982 1666 1154 1711 patriote
1169 1665 1360 1711 polonais.
1370 1665 1457 1700 —L.
1474 1676 1508 1701 a.
1524 1676 1555 1701 s.

210 1710 232 1745 à
250 1710 302 1745 M.
323 1710 506 1754 Norblin,
530 1713 627 1754 1845,
650 1712 712 1755 1/2
731 1721 767 1756 p.
789 1710 881 1745 in-8.
903 1710 1282 1746 Recommandation
1298 1709 1389 1744 d’un
1410 1710 1555 1746 numis¬

210 1756 314 1790 mate
335 1755 525 1800 polonais.
1475 1757 1486 1789 1
1514 1757 1557 1790 50

208 1811 402 1854 Léopold
419 1811 438 1844 I
440 1816 468 1831 er
472 1820 481 1852 ,
508 1819 719 1854 empereur
738 1809 1024 1855 d’Allemagne,
1051 1809 1118 1855 qui
1139 1811 1209 1845 eut
1228 1810 1250 1843 à
1274 1809 1402 1844 lutter
1425 1811 1516 1844 tout
1535 1811 1558 1845 à

208 1853 247 1889 la
266 1854 341 1889 fois
361 1856 498 1889 contre
518 1854 639 1889 Louis
659 1854 749 1889 XIV
770 1857 812 1889 et
831 1853 888 1889 les
907 1854 1044 1889 Turcs.
1099 1854 1142 1889 —L.
1164 1865 1198 1889 a.
1219 1864 1265 1896 s.,
1280 1864 1328 1888 en
1343 1854 1555 1899 espagnol;

209 1898 272 1933 del
293 1899 450 1944 Campo,
469 1901 490 1934 2
518 1898 596 1933 mai
632 1901 727 1942 1669,
762 1900 825 1941 1/2
849 1908 885 1943 p.
910 1897 1002 1933 in-4.
1032 1897 1199 1933 Adresse
1226 1898 1400 1933 enlevée.
1427 1898 1556 1933 Tache

208 1942 255 1977 de
275 1953 478 1978 rousseur.
1470 1945 1492 1977 2
1539 1956 1555 1975 »

206 1999 347 2042 Ligne
366 1997 561 2041 (Ch.-Jos.,
582 1997 718 2042 prince
745 1997 819 2041 de),
840 1996 994 2032 célèbre
1014 1997 1174 2043 général
1199 1999 1240 2032 et
1266 1996 1328 2032 bel
1354 1997 1479 2042 esprit
1504 1998 1555 2033 du

206 2048 321 2078 xviii®
340 2042 474 2077 siècle.
493 2042 531 2076 —
551 2042 593 2077 L.
615 2042 704 2087 sig.,
725 2044 769 2077 22
794 2041 872 2076 mai
907 2044 1003 2085 1780,
1032 2041 1201 2076 relative
1227 2041 1250 2076 à
1272 2044 1332 2077 ses
1356 2044 1509 2086 Préjugés
1528 2047 1558 2077 et

206 2088 384 2128 fantaisies
402 2086 581 2121 militaires
586 2113 595 2129 ,
619 2088 680 2129 1/2
699 2096 735 2131 p.
757 2086 853 2121 in-4.
873 2088 971 2121 Rare.
1470 2089 1492 2121 5
1538 2100 1555 2120 »

205 2142 345 2186 Linné
373 2141 480 2186 (Ch.),
510 2141 547 2176 le
573 2141 698 2185 grand
731 2141 944 2176 botaniste.
967 2162 1003 2168 —
1026 2140 1071 2176 L.
1108 2150 1142 2175 a.
1179 2151 1225 2183 s.,
1257 2151 1305 2175 en
1335 2140 1506 2183 suédois,
1536 2143 1558 2177 à

206 2185 297 2221 J.-J.
324 2185 487 2229 Ferber,
514 2186 536 2220 à
560 2185 792 2229 Carlcrona;
820 2185 953 2231 Upsal,
978 2186 1011 2220 11
1033 2184 1112 2219 mai
1140 2186 1236 2227 1771,
1260 2187 1272 2220 1
1300 2195 1336 2230 p.
1357 2187 1436 2230 pet.
1458 2185 1554 2229 in-4,

207 2230 345 2266 cachet
364 2230 385 2265 à
404 2240 465 2265 ses
484 2240 626 2265 armes.
1447 2232 1491 2265 25
1538 2243 1554 2262 »

205 2285 467 2329 Longuerue
497 2284 632 2329 (l’abbé
658 2283 731 2329 de),
764 2283 918 2319 célèbre
946 2283 1093 2326 érudit,
1123 2285 1269 2319 auteur
1295 2284 1341 2319 de
1373 2287 1556 2322 savantes

206 2329 485 2364 dissertations
505 2339 574 2364 sur
592 2328 788 2364 l’histoire
809 2328 856 2363 de
877 2329 1041 2369 France,
1063 2331 1104 2364 et
1123 2329 1221 2364 dont
1252 2340 1301 2364 on
1322 2340 1343 2364 a
1363 2329 1476 2364 réuni
1498 2330 1556 2367 les

206 2373 303 2409 bons
329 2375 430 2409 mots
455 2383 546 2408 sous
580 2372 616 2408 le
642 2383 733 2408 nom
761 2373 807 2408 de
840 2375 1094 2417 Longueruana,
1121 2374 1176 2408 n&
1196 2373 1220 2409 à
1244 2373 1498 2409 Charleville.
1519 2394 1556 2399 —

207 2418 250 2453 L.
278 2429 313 2453 a.
345 2428 375 2454 s.
403 2419 426 2453 à
455 2417 578 2453 l’abbé
607 2417 742 2462 Alary,
771 2418 793 2452 à
822 2417 981 2463 Nancy;
1011 2417 1139 2461 Paris,
1175 2419 1214 2457 12
1245 2418 1319 2454 fév.
1352 2420 1447 2460 1717,
1473 2421 1494 2454 2
1518 2425 1554 2462 p.

205 2462 258 2507 pl.
280 2463 373 2499 in-8.
394 2462 655 2507 Légèrement
674 2463 820 2507 rognée
841 2461 938 2498 dans
958 2460 995 2496 le
1016 2461 1103 2497 bas.
1451 2464 1490 2497 10
1538 2474 1554 2493 »

253 2514 350 2551 tipitre
375 2513 514 2544 littéraire
531 2513 811 2550 très-intéressante,
830 2514 866 2543 où
889 2513 906 2543 il
932 2515 977 2544 est
993 2514 1124 2551 question
1144 2514 1179 2545 de
1197 2513 1289 2543 l'abbé
1309 2514 1442 2551 Dangeau
1469 2516 1497 2543 et
1521 2514 1557 2545 de

212 2560 265 2582 son
284 2553 361 2584 frère
379 2553 405 2584 le
420 2553 560 2590 marquis,
582 2552 628 2590 qui
643 2560 658 2582 a
679 2552 748 2583 failli
765 2553 892 2589 mourir;
904 2551 939 2583 de
956 2552 1051 2583 l’abbé
1065 2553 1101 2584 de
1121 2553 1258 2590 Lonvois,
1355 2553 1391 2583 de
1406 2552 1555 2590 Lambert,

213 2594 269 2622 etc.
290 2592 311 2622 11
330 2601 345 2622 a
366 2592 415 2623 fait
436 2591 566 2623 diverses
583 2591 728 2622 additions
755 2591 771 2621 h
790 2599 842 2622 son
869 2600 997 2631 ouvrage
1028 2600 1079 2623 sur
1110 2592 1136 2623 la
1161 2592 1281 2627 France,
1313 2589 1387 2625 triais
1412 2591 1430 2623 il
1458 2593 1555 2624 attend

212 2630 306 2662 l’abbé
328 2632 430 2670 Alary,
448 2630 497 2670 qui
515 2640 532 2662 a
544 2630 703 2662 l’habitude
721 2630 843 2662 d’écrire
856 2639 921 2662 sous
