1793 3007
740 136 782 174 -
812 136 836 174 9
865 155 907 163 -

199 233 402 267 Normandie
406 259 414 274 ,
435 231 484 267 né
505 233 527 267 à
546 233 701 269 Rouen.
742 253 784 259 —
815 234 859 269 L.
897 244 932 269 a.
963 244 994 270 s.
1026 236 1087 278 (au
1121 234 1263 270 direct,
1300 235 1347 271 de
1386 236 1551 275 l'Artiste,

204 277 312 321 1840),
336 278 348 310 1
372 275 518 321 p.in-8.
1471 283 1483 315 1
1512 283 1557 316 25

89 333 176 368 4119
198 333 483 374 Bernadotte,
505 332 705 367 maréchal
726 333 772 368 de
787 333 986 378 l’Empire,
1009 333 1068 369 roi
1088 334 1135 369 de
1156 334 1300 371 Suède.—L.
1410 346 1440 371 s.
1462 346 1556 371 avec

201 375 240 410 la
258 376 524 421 souscription
557 378 654 421 aut.,
676 378 698 412 à
717 377 917 423 Lacépède
932 390 941 422 ;
975 378 1181 423 Flotbeck,
1219 381 1259 415 15
1283 379 1425 425 juillet
1458 383 1556 424 1808,

207 422 219 454 1
243 430 280 465 p.
301 420 393 456 in-f.
1469 427 1491 460 2
1538 438 1554 458 »

248 465 376 495 Relative
405 474 421 495 a
438 466 465 495 la
482 466 658 496 nomination
684 467 756 497 dans
774 467 799 496 la
815 467 921 505 Légion
941 468 1103 498 d'honneur
1132 468 1183 498 des
1199 468 1344 507 généraux
1372 471 1413 500 La
1428 469 1559 500 Romnna

208 507 236 533 et
255 505 394 534 Kindelan
413 505 645 542 (commandants
663 506 701 536 du
721 513 807 544 corps
823 506 973 537 auxiliaire
991 507 1131 545 espagnol
1150 508 1223 538 dans
1237 509 1263 538 le
1281 508 1382 547 Nord).

92 554 179 589 4120
201 554 408 597 Berryer,
427 554 615 590 l’illustre
637 556 813 599 orateur,
834 555 880 590 de
900 555 1138 591 l’Académie
1159 556 1283 592 franc.
1320 576 1362 582 —
1392 557 1436 594 L.
1458 569 1492 593 a.
1514 569 1559 601 s.,

209 600 220 632 1
244 608 280 643 p.
302 595 399 633 in-8.
1478 605 1490 637 1
1519 606 1562 638 50

93 655 175 689 4121
202 653 409 698 Berthier
429 653 579 699 (Alex.),
601 654 800 690 maréchal
822 655 868 690 de
889 655 1054 699 France,
1075 655 1383 701 major-général
1410 657 1457 692 de
1482 658 1562 693 Na¬

204 697 346 741 poléon
367 698 383 733 I
384 704 412 719 er
417 725 425 733 .
446 717 488 723 —
506 698 550 733 L.
572 709 606 733 a.
627 708 657 733 s.
674 710 723 733 au
740 699 902 744 général
921 700 1026 743 Vial,
1042 700 1324 735 ambassadeur
1342 711 1391 736 en
1412 702 1562 746 Suisse;

205 742 334 785 Paris,
354 744 397 777 27
417 742 539 777 fruct.
559 753 608 777 an
629 743 721 779 XIII
736 745 789 788 (14
808 746 907 790 sept.
932 746 1040 789 1805),
1066 747 1128 790 lp.
1150 744 1243 780 in-f.
1476 749 1498 781 6
1546 760 1562 779 »

253 793 335 822 Pièce
350 793 511 830 historique
530 794 650 823 relative
663 795 680 824 h
698 794 724 824 la
743 803 902 834 campagne
918 796 954 825 de
971 797 1047 827 1805
1065 799 1165 827 contre
1184 795 1353 827 l’Autriche.
1368 797 1388 827 11
1402 797 1429 827 le
1444 798 1565 835 charge,

212 840 248 861 au
265 839 332 861 nom
346 832 381 861 de
397 831 592 870 l'Empereur,
618 833 800 872 d'organiser
820 834 846 864 la
865 837 1114 873 correspondance
1132 842 1184 872 par
1200 835 1359 872 estafettes,
1392 836 1427 866 de
1446 837 1531 866 Milan
1548 836 1565 866 h

211 870 401 907 Strasbourg,
434 878 486 909 par
503 872 528 900 le
547 872 735 903 St-Gothard.
766 885 778 898 «
797 874 955 911 Préparez,
980 873 1018 906 lui
1036 876 1119 910 dit-il,
1140 874 1181 904 les
1196 874 1301 904 choses
1320 883 1355 905 en
1374 878 1477 906 secret.
1498 888 1511 902 »
1528 892 1565 897 —

213 911 291 941 Joint
310 910 335 940 la
355 910 462 940 minute
477 910 512 940 de
527 910 554 940 la
571 912 697 949 réponse
709 912 747 942 du
766 912 884 950 général
903 913 978 944 Vial.

97 963 183 996 4122
206 959 382 1003 Bertier
396 957 532 1003 (L.-J.),
553 960 764 996 intendant
783 961 830 996 de
851 962 977 1005 Paris,
994 962 1033 997 la
1046 963 1243 1007 première
1263 963 1425 999 victime
1459 963 1506 998 de
1527 964 1567 999 la

207 1003 465 1039 Révolution.
486 1023 528 1028 —
547 1004 664 1039 Pièce
685 1005 778 1051 sig.,
802 1008 935 1049 1778,2
954 1016 990 1051 p.
1013 1006 1111 1042 in-4.
1479 1010 1500 1042 2
1548 1020 1564 1039 »

97 1062 185 1096 4123
207 1058 405 1101 Berville
424 1057 551 1101 (Saint
570 1059 714 1103 Albin),
736 1060 892 1096 célèbre
912 1063 1064 1105 avocat,
1085 1062 1299 1098 défenseur
1327 1062 1374 1097 de
1396 1062 1565 1098 Courier

208 1106 249 1139 et
268 1103 315 1138 de
335 1102 553 1147 Béranger,
569 1104 617 1138 né
638 1105 661 1139 à
678 1105 854 1141 Amiens.
879 1125 922 1131 —
941 1106 983 1141 L.
1005 1117 1039 1141 a.
1061 1117 1107 1149 s.,
1132 1109 1143 1141 1
1169 1117 1205 1152 p.
1226 1107 1326 1141 in-8.
1484 1109 1495 1141 1
1548 1119 1564 1139 »

98 1162 185 1196 4124
208 1160 435 1203 Berzelius
471 1159 684 1203 (.J.-Jacob),
722 1160 882 1196 illustre
914 1161 1100 1197 chimiste
1129 1161 1304 1197 suédois.
1319 1181 1362 1187 —
1380 1161 1423 1197 L.
1451 1172 1486 1197 a.
1508 1171 1562 1205 s.;

210 1205 457 1248 Stockholm,
481 1207 577 1246 1847,
602 1205 664 1247 1/2
683 1214 718 1249 p.
741 1204 834 1240 in-4.
1481 1208 1502 1241 2
1551 1218 1566 1236 »

98 1263 185 1297 4125
207 1262 398 1306 Bethlen
418 1260 625 1306 (Etienne),
647 1259 784 1304 prince
805 1260 852 1294 de
880 1261 1183 1306 Transylvanie,
1216 1260 1371 1295 célèbre
1402 1260 1498 1296 dans
1530 1261 1568 1295 la

211 1316 357 1350 guerre
378 1305 426 1341 de
445 1308 488 1341 30
508 1314 591 1347 ans,
612 1303 713 1339 rival
734 1304 781 1340 de
801 1307 943 1349 Rogozy.
974 1325 1017 1330 —
1051 1305 1093 1341 L.
1117 1316 1171 1349 s.;
1190 1307 1229 1340 17
1248 1305 1343 1340 août
1370 1307 1466 1348 1631,
1488 1307 1509 1340 2
1529 1316 1565 1350 p.

212 1350 304 1386 in-f.
1481 1352 1502 1385 2
1550 1362 1566 1381 »

101 1408 187 1442 4126
210 1406 415 1450 Beugnot
434 1403 574 1449 (J.-Cl.,
596 1406 750 1449 comte),
775 1405 930 1440 célèbre
957 1405 1140 1441 ministre
1162 1405 1208 1440 de
1232 1404 1437 1449 Napoléon
1459 1407 1499 1439 et
1519 1405 1566 1438 de

210 1450 333 1485 Louis
352 1450 495 1491 XVIII,
516 1451 662 1484 auteur
680 1449 727 1483 de
747 1449 916 1485 curieux
934 1453 1102 1485 Mémoires
1107 1477 1116 1493 ,
1148 1450 1196 1485 né
1234 1450 1257 1485 à
1287 1449 1566 1484 Bar-s.-Aube.

212 1514 254 1520 —
274 1494 317 1529 L.
339 1505 373 1529 a.
394 1504 439 1537 s.,
469 1496 565 1536 1820,
589 1496 602 1527 1
626 1503 662 1538 p.
679 1493 775 1528 in-4.
1486 1495 1498 1527 1
1526 1496 1570 1528 50

103 1551 187 1584 4127
213 1551 417 1593 Beugnot
436 1548 484 1587 (le
505 1550 633 1583 comte
652 1547 914 1593 Aug.-Arth.),
939 1548 1094 1583 homme
1127 1549 1322 1594 politique
1350 1549 1390 1583 et
1418 1547 1567 1590 érudit,

214 1593 261 1628 de
275 1592 483 1635 l’Institut,
500 1592 548 1627 né
599 1592 909 1629 àBar-sur-Aube.—L.
1023 1604 1057 1628 a.
1078 1604 1123 1636 s.,
1139 1596 1235 1635 1846,
1260 1596 1271 1627 1
1296 1603 1330 1637 p.
1353 1592 1451 1627 in-L
1487 1595 1496 1626 1
1526 1596 1570 1628 25

102 1648 188 1681 4128
212 1646 344 1689 Bigot
362 1646 417 1679 de
435 1645 710 1687 Préameneu
728 1644 776 1687 (le
795 1645 949 1689 comte),
987 1645 1170 1680 ministre
1203 1645 1270 1680 des
1307 1644 1444 1679 Cultes
1475 1655 1568 1679 sous

212 1689 430 1735 Napoléon,
452 1689 498 1723 de
519 1688 756 1724 l’Académie
777 1689 988 1737 française.
1004 1709 1046 1715 —
1060 1690 1102 1724 L.
1125 1701 1159 1725 a.
1180 1700 1210 1725 s.
1232 1690 1255 1724 à
1273 1699 1327 1724 un
1343 1688 1389 1723 de
1410 1699 1471 1723 ses
1487 1689 1567 1723 col¬

213 1734 353 1779 lègues
373 1734 395 1768 à
413 1733 673 1778 l’Académie;
697 1736 737 1769 12
756 1738 877 1776 mars/1/2
978 1743 1015 1778 p.
1036 1734 1124 1769 in-f.
1481 1735 1502 1767 3
1550 1746 1566 1764 »

103 1791 189 1824 4129
212 1789 313 1833 Biot
331 1788 472 1833 (J.-B.),
504 1790 645 1824 savant
680 1791 917 1828 astronome,
957 1788 1004 1823 de
1030 1788 1268 1824 l’Académie
1294 1787 1504 1823 française.
1526 1807 1568 1813 —

212 1834 256 1869 L.
272 1845 306 1868 a.
328 1844 357 1868 s.
379 1833 402 1867 à
420 1843 491 1868 son
511 1833 706 1877 confrère,
728 1833 849 1878 (Gfab.)
869 1833 1069 1878 Legouvé,
1091 1833 1255 1878 profess.
1277 1843 1325 1867 au
1346 1833 1498 1877 collège
1520 1832 1567 1867 de

213 1878 383 1921 France;
416 1878 432 1912 I
434 1883 462 1900 er
487 1877 682 1919 frimaire,
718 1880 729 1912 1
761 1888 795 1922 p.
817 1877 913 1912 in-8.
947 1877 979 1912 Il
1000 1880 1178 1922 regrette
1199 1877 1246 1912 de
1263 1877 1414 1912 n’avoir
1433 1887 1484 1921 pu
1506 1888 1567 1912 as¬

214 1922 335 1957 sister
354 1922 376 1956 à
394 1921 639 1957 l’ouverture
661 1922 707 1956 de
728 1932 797 1957 son
816 1932 946 1956 cours.
1480 1923 1502 1956 2
1550 1933 1566 1953 »

103 1979 191 2012 4130
214 1978 503 2021 Blessington
522 1977 651 2021 (lady),
672 1977 827 2011 célèbre
865 1975 1040 2010 écrivain
1067 1975 1374 2019 humoristique,
1395 1975 1497 2009 amie
1519 1975 1566 2009 de

213 2021 300 2056 lord
322 2021 469 2066 Byron.
489 2040 532 2046 —
550 2021 593 2056 L.
615 2031 649 2056 a.
670 2031 700 2056 s.
716 2021 725 2065 (
745 2021 768 2055 à
780 2021 820 2056 la
837 2023 872 2056 3°
892 2021 1110 2065 personne),
1149 2020 1171 2054 à
1205 2020 1258 2055 M.
1279 2021 1451 2064 Hervey,
1488 2022 1509 2054 2
1530 2029 1566 2064 p.

217 2067 279 2107 1/2
293 2065 384 2100 in-8.
1481 2065 1502 2098 2
1551 2075 1566 2094 »

104 2122 185 2155 4131
214 2119 444 2164 Boettiger
464 2119 694 2163 (Ch.-Aug.),
715 2121 856 2155 savant
876 2118 1048 2154 archéol.
1068 2118 1281 2153 allemand.
1320 2137 1361 2143 —
1397 2118 1440 2152 L.
1463 2128 1498 2152 a.
1519 2127 1565 2159 s.,

219 2167 315 2207 1813,
336 2167 357 2200 3
376 2174 412 2209 p.
434 2163 526 2198 in-4.
1487 2164 1496 2195 1
1526 2164 1570 2196 50

104 2220 191 2253 4132
213 2218 519 2262 Boissonnade
538 2217 679 2262 (J.-E.),
699 2219 840 2253 savant
860 2217 1086 2260 helléniste,
1107 2216 1154 2251 de
1175 2217 1473 2252 l’Institut.—L.
1488 2227 1521 2251 a.
1535 2227 1566 2251 s.

216 2274 266 2297 au
286 2263 452 2298 libraire
473 2262 652 2304 Werdet,
678 2265 772 2305 1827,
798 2264 808 2296 1
833 2273 869 2307 p.
889 2264 950 2305 1/4
969 2262 1065 2296 in-8.
1485 2263 1496 2295 1
1550 2273 1566 2292 »

106 2318 193 2352 4133
215 2318 386 2362 Bonald
414 2318 463 2362 (le
493 2316 665 2351 vicomte
694 2317 767 2361 de),
797 2317 951 2353 célèbre
982 2316 1196 2361 publiciste
1229 2316 1495 2350 monarchiste
1527 2317 1568 2349 et

217 2362 432 2407 religieux,
453 2361 499 2396 de
520 2360 665 2396 l’Acad.
686 2361 811 2396 franc.
832 2381 868 2387 —
887 2362 931 2396 L.
952 2372 986 2396 a.
1007 2361 1082 2405 sig.
1103 2361 1147 2395 B.
1169 2362 1230 2405 (au
1259 2360 1380 2395 baron
1401 2360 1447 2394 de
1472 2359 1567 2395 Tré-

218 2409 341 2449 mont,
362 2406 491 2451 préfet
509 2405 555 2439 de
575 2404 812 2450 l’Aveyron),
831 2408 852 2440 6
872 2416 977 2441 mars
999 2408 1096 2447 1812,
1115 2408 1136 2441 3
1155 2415 1191 2449 p.
1216 2406 1277 2447 1/2
1297 2405 1387 2439 in-4.
1462 2406 1501 2438 10
1550 2415 1565 2435 »

261 2458 361 2495 Epitre
381 2457 517 2495 politique
534 2456 584 2486 des
604 2456 668 2492 plus
686 2455 847 2488 curieuses.
869 2473 906 2479 —
927 2457 947 2486 Il
967 2456 1103 2486 conseille
1128 2456 1154 2486 le
1175 2456 1266 2493 préfet
1284 2455 1357 2485 dans
1375 2456 1399 2485 le
1415 2455 1498 2485 choix
1515 2457 1572 2485 des

223 2497 392 2527 conseillers
419 2496 566 2533 généraux
597 2497 625 2523 et
652 2495 704 2524 des
734 2495 960 2526 fonctionnaires
989 2495 1027 2525 du
1060 2496 1271 2533 département,
1299 2494 1335 2523 lui
1366 2494 1495 2524 dénonce
1527 2496 1569 2525 les

224 2535 345 2565 exaltés
376 2539 403 2565 et
419 2538 460 2565 les
480 2532 696 2572 républicains
701 2556 709 2565 .
736 2539 765 2563 et
780 2534 910 2573 l’engage
939 2543 956 2565 a
974 2542 1010 2564 ne
1024 2533 1187 2564 s'entourer
1212 2533 1268 2570 que
1283 2531 1461 2563 d'honnétes
1478 2542 1564 2570 gens.

223 2574 297 2604 Tant
310 2582 366 2611 que,
383 2575 409 2603 le
427 2574 654 2611 gouvernement
683 2581 698 2601 a
714 2573 759 2602 été
779 2573 876 2610 faible,
903 2582 939 2603 ou
959 2574 1050 2611 plutôt
1067 2575 1165 2611 jeune,
1195 2573 1213 2601 il
1229 2580 1245 2602 a
1261 2579 1312 2602 cru
1334 2572 1369 2600 de
1388 2571 1482 2601 bonne
1499 2573 1571 2609 poli¬

225 2614 303 2650 tique
321 2613 355 2643 de
373 2620 404 2642 se
423 2612 562 2649 ménager
576 2614 656 2640 entre
672 2610 715 2639 les
733 2612 874 2643 honnêtes
888 2619 959 2649 gens
976 2615 1002 2642 et
1020 2614 1045 2641 la
1068 2610 1205 2641 canaille
1211 2633 1218 2645 ,
1249 2611 1320 2640 mais
1339 2611 1354 2639 il
1369 2613 1412 2640 est
1431 2613 1498 2649 trop
1513 2613 1571 2642 fort
