1841 2972
850 149 893 188 -
924 149 947 188 8
974 172 1022 178 —

202 249 390 288 entendait
410 249 441 287 si
467 260 533 300 peu
556 250 691 294 raison,
712 260 785 305 que
811 249 886 287 l’on
914 261 954 288 se
974 250 1180 288 contentait
1204 249 1250 289 de
1267 250 1398 306 gémir.
1421 250 1468 288 M.
1502 249 1668 300 Chasles,

200 305 304 339 outre
334 305 392 338 cet
422 311 522 339 amas
552 300 597 338 de
627 298 823 349 pastiches,
851 299 1005 350 possède
1038 312 1110 339 une
1143 299 1335 339 collection
1368 299 1666 351 d’autographes,

199 350 317 390 moins
340 350 538 400 précieuse,
560 350 642 389 bien
661 350 838 393 entendu,
865 350 958 389 mais
979 351 1238 401 parfaitement
1252 351 1509 402 authentique.
1533 350 1562 389 Il
1582 358 1670 401 peut

202 401 314 440 mêler
344 401 376 440 le
396 406 478 440 tout
495 412 638 439 comme
659 412 707 439 on
740 400 891 440 battrait
909 401 973 440 des
992 406 1126 445 cartes,
1148 406 1186 439 et
1204 413 1297 441 nous
1319 413 1412 440 nous
1432 402 1568 440 taisons
1599 401 1671 441 fort

200 451 245 491 de
263 453 424 502 réparer,
442 462 530 490 sans
550 450 764 496 hésitation,
787 451 928 490 l’ivraie
946 451 993 491 du
1009 451 1080 490 bon
1101 455 1216 502 grain.

252 513 301 552 La
317 513 484 564 quantité
501 513 686 564 suppléait
707 515 728 551 à
746 512 779 551 la
797 512 936 563 qualité
953 526 960 551 :
982 513 1018 553 le
1030 513 1190 553 vendeur
1207 512 1445 552 étourdissait
1467 512 1667 552 l’acheteur

202 576 268 618 par
291 564 324 602 le
347 563 511 605 nombre,
540 575 586 602 au
618 563 723 615 point
750 575 821 614 que
842 563 891 603 M.
916 563 1068 603 Chasles
1089 563 1175 603 n’en
1203 570 1259 603 est
1282 576 1347 615 pas
1368 575 1500 603 encore
1518 574 1668 603 revenu.

199 617 237 657 Si
253 616 286 654 le
302 614 478 653 faussaire
492 614 548 653 dit
566 614 599 653 la
616 614 743 659 vérité,
761 614 787 653 il
804 619 942 653 restera
954 615 1080 665 acquis
1099 626 1171 664 que
1187 615 1222 653 la
1238 614 1385 665 plupart
1398 614 1444 653 de
1458 625 1519 653 ces
1530 614 1671 663 20,000

202 668 323 719 pièces
342 672 427 704 sont
454 664 518 704 des
538 665 663 715 copies
682 664 799 716 prises
817 676 861 713 ça
879 671 915 704 et
936 665 971 704 là
996 666 1089 704 dans
1111 663 1175 704 des
1204 665 1390 716 bouquins
1414 665 1574 715 ignorés,
1599 676 1671 715 que

202 723 280 758 tout
292 715 370 755 cela
386 721 443 755 est
460 715 621 755 attribué
635 715 679 754 de
696 714 771 754 l’un
784 717 805 753 à
817 716 960 762 autre,
982 715 1162 766 replâtrés
1182 718 1204 754 à
1226 715 1260 754 la
1280 713 1375 759 hâte,
1390 716 1472 767 plus
1485 727 1530 753 ou
1551 717 1672 755 moins

200 766 437 808 habilement.
457 765 515 805 On
533 778 555 805 a
569 765 652 817 déjà
674 767 801 805 trouvé
821 765 1009 816 beaucoup
1027 766 1072 805 de
1090 766 1249 816 plagiats
1267 766 1361 805 dans
1383 766 1419 804 la
1438 765 1631 805 collection
1651 779 1658 804 :

201 832 248 859 on
262 829 307 858 en
319 816 533 856 découvrira
550 809 637 855 bien
656 816 816 855 d’autres
833 828 878 855 en
894 816 1076 863 vérifiant,
1099 819 1120 855 à
1131 817 1166 855 la
1181 816 1442 868 Bibliothèque
1463 816 1668 867 impériale,

203 871 254 910 les
267 867 377 908 fiches
398 867 444 907 de
462 867 661 906 demandes
676 867 723 906 de
739 867 849 907 livres
877 867 1023 918 signées
1046 879 1110 919 par
1126 867 1242 906 Lucas
1259 867 1393 919 depuis
1413 867 1560 907 l'année
1573 867 1667 907 1861

203 920 294 972 qu’il
315 918 382 958 fait
402 929 443 957 ce
456 918 598 958 métier.

252 979 520 1021 Relativement
541 992 585 1018 au
608 979 690 1031 prix
711 981 898 1028 qu'aurait
917 982 1025 1019 coûté
1058 980 1095 1019 la
1129 979 1337 1025 collection,
1371 991 1411 1018 ce
1440 980 1536 1019 n’est
1568 982 1672 1038 point

204 1033 251 1073 M.
283 1032 433 1071 Chasles
453 1031 515 1082 qui
538 1043 560 1069 a
579 1030 702 1070 donné
723 1033 756 1069 le
780 1030 907 1070 chiffre
925 1031 971 1070 de
990 1030 1153 1076 150,000
1175 1030 1218 1069 fr.
1247 1030 1363 1069 cliché
1382 1031 1472 1069 dans
1493 1030 1544 1070 les
1565 1031 1671 1082 jour¬

205 1095 314 1123 naux.
340 1083 512 1131 Gageons
530 1093 601 1132 que
626 1081 661 1120 la
684 1081 810 1120 moitié
831 1082 876 1120 de
905 1088 1001 1121 cette
1028 1093 1167 1120 somme
1200 1081 1261 1119 n’a
1280 1093 1345 1132 pas
1376 1082 1435 1120 été
1455 1081 1666 1121 déboursée.

205 1134 304 1174 Nous
323 1144 438 1172 avons
457 1143 503 1171 vu
524 1132 682 1171 maintes
708 1132 778 1171 fois
797 1131 846 1171 M.
870 1132 1023 1171 Chasles
1042 1132 1191 1171 acheter
1216 1131 1281 1171 des
1313 1131 1559 1183 autographes
1579 1132 1671 1172 dans

206 1186 259 1225 les
278 1190 419 1232 ventes,
444 1189 479 1222 et
497 1183 662 1234 toujours
680 1185 702 1222 à
720 1182 784 1221 des
802 1182 886 1233 prix
906 1183 1089 1227 minimes,
1115 1182 1160 1221 de
1178 1183 1197 1220 1
1230 1182 1273 1221 fr.
1298 1182 1346 1221 25
1373 1184 1396 1220 à
1411 1182 1433 1221 3
1457 1183 1500 1221 fr.
1526 1183 1555 1221 Il
1578 1184 1672 1222 n’est

206 1236 302 1275 donc
323 1246 387 1285 pas
413 1233 629 1284 supposable
646 1233 736 1284 qu’il
758 1233 810 1271 ait
829 1235 1005 1273 consacré
1028 1245 1100 1272 une
1121 1233 1219 1272 aussi
1253 1233 1345 1272 forte
1381 1244 1520 1273 somme
1555 1236 1576 1272 à
1608 1233 1673 1273 des

209 1286 352 1337 papiers
368 1285 543 1335 auxquels
560 1284 585 1322 il
607 1283 823 1323 n’attachait
834 1296 911 1335 pas.
934 1284 1138 1327 d’ailleurs,
1156 1295 1228 1323 une
1247 1283 1360 1323 haute
1375 1283 1501 1323 valeur
1519 1285 1669 1324 vénale:

208 1338 232 1376 il
256 1338 288 1376 le
320 1336 434 1375 disait
468 1334 677 1374 lui-même.
701 1334 757 1373 En
778 1335 993 1374 examinant
1008 1334 1093 1374 chez
1116 1334 1167 1374 lui
1189 1334 1367 1385 quelques
1386 1334 1558 1379 dossiers,
1584 1347 1675 1376 nous

208 1387 260 1427 lui
278 1387 383 1426 fîmes
399 1397 611 1437 remarquer
627 1397 697 1436 que
720 1386 771 1425 les
790 1385 875 1436 cinq
898 1398 942 1424 ou
963 1385 1020 1425 six
1036 1386 1162 1425 lettres
1183 1385 1427 1436 autographes
1459 1385 1506 1424 de
1536 1385 1675 1426 Shaks-

212 1449 317 1489 pearc
336 1438 424 1489 qu’il
446 1449 539 1476 nous
559 1436 734 1475 montrait
752 1436 986 1481 vaudraient,
1008 1436 1040 1475 si
1059 1436 1147 1475 elles
1166 1436 1305 1475 étaient
1326 1436 1598 1487 authentiques,
1628 1450 1675 1477 au

211 1489 330 1528 moins
353 1493 438 1527 cent
457 1488 558 1526 mille
580 1487 700 1527 francs
715 1499 724 1535 ;
750 1499 822 1538 que
851 1487 886 1526 le
914 1487 1039 1527 Musée
1073 1486 1326 1538 britannique,
1346 1487 1408 1537 qui
1428 1498 1476 1526 ne
1490 1488 1676 1537 possédait

211 1539 348 1590 qu’une
366 1539 567 1589 signature,
588 1537 668 1589 déjà
697 1537 766 1576 fort
782 1538 983 1588 précieuse,
1012 1537 1244 1577 n’hésiterait
1274 1549 1338 1588 pas
1368 1541 1388 1576 à
1413 1537 1554 1577 donner
1580 1545 1676 1579 cette

211 1602 362 1629 somme.
383 1589 434 1630 M.
446 1589 597 1629 Chasles
606 1588 736 1638 sourit,
760 1600 806 1627 en
819 1600 912 1628 nous
931 1589 1137 1640 répondant
1155 1600 1227 1639 que
1243 1594 1321 1628 tout
1338 1589 1418 1629 cela
1429 1588 1569 1629 n’avait
1588 1602 1677 1641 pour

213 1642 262 1680 lui
279 1641 414 1692 qu’une
432 1640 556 1680 valeur
574 1640 619 1679 de
634 1640 842 1679 document.

264 1703 355 1742 Bien
377 1702 467 1753 qu’il
489 1702 561 1742 soit
578 1701 827 1741 très-difficile
841 1700 1027 1741 d’estimer
1046 1702 1082 1739 la
1093 1701 1220 1740 valeur
1239 1701 1351 1740 d’une
1371 1701 1564 1741 collection
1583 1714 1677 1742 sem¬

217 1753 347 1795 blable,
375 1765 422 1793 en
438 1753 473 1792 la
491 1759 693 1804 supposant
721 1752 835 1798 vraie,
859 1763 905 1791 on
919 1758 1006 1803 peut
1024 1752 1103 1791 dire
1122 1763 1193 1802 que
1221 1753 1253 1792 le
1271 1751 1397 1791 chiffre
1424 1752 1508 1791 d’un
1533 1753 1677 1793 million

216 1816 262 1843 ne
290 1804 404 1843 serait
434 1816 498 1855 pas
514 1805 681 1854 exagéré.
703 1803 809 1843 C’eût
821 1803 916 1842 donc
929 1804 988 1842 été
1006 1803 1306 1842 non-seulement
1320 1814 1389 1841 une
1402 1802 1521 1843 bonne
1533 1804 1678 1845 fortune

216 1854 461 1907 scientifique,
486 1854 578 1894 mais
594 1866 663 1894 une
680 1854 882 1893 excellente
897 1853 1039 1899 affaire,
1062 1865 1137 1892 non
1159 1865 1224 1904 pas
1244 1865 1334 1904 pour
1354 1854 1401 1893 M.
1426 1854 1592 1900 Chasles,
1613 1857 1678 1907 qui

218 1907 319 1946 n’eût
336 1905 469 1957 jamais
486 1904 619 1951 vendu,
642 1904 733 1944 mais
753 1916 846 1955 pour
868 1915 926 1943 ses
947 1903 1129 1943 héritiers.

269 1967 370 2006 Nous
390 1967 558 2006 n’avions
573 1966 706 2018 jamais
724 1978 771 2004 vu
798 1966 831 2004 le
854 1965 1030 2005 faussaire
1046 1971 1083 2004 et
1106 1965 1272 2004 n’avions
1296 1966 1414 2005 même
1433 1977 1498 2017 pas
1516 1969 1677 2008 entendu

218 2019 309 2057 citer
329 2029 394 2057 son
416 2029 520 2065 nom;
545 2017 636 2056 mais
656 2017 681 2055 il
714 2017 805 2057 était
823 2028 943 2055 connu
963 2016 1008 2055 de
1032 2016 1165 2066 longue
1182 2016 1266 2055 date
1284 2016 1347 2055 des
1368 2016 1535 2057 libraires
1553 2025 1588 2057 et
1614 2020 1679 2059 des

218 2068 484 2120 bouquinistes,
517 2074 555 2107 et
577 2079 662 2107 sous
679 2080 729 2107 un
746 2068 828 2119 jour
847 2079 915 2119 peu
936 2067 1131 2106 favorable.
1158 2067 1184 2105 11
1204 2067 1283 2106 leur
1301 2067 1460 2107 achetait
1482 2068 1545 2107 des
1566 2069 1677 2110 livres

217 2126 253 2159 et
271 2119 336 2159 des
352 2119 573 2159 manuscrits
592 2130 683 2170 pour
700 2119 752 2158 les
770 2119 892 2169 placer
907 2121 928 2158 à
936 2119 1001 2158 des
1019 2118 1151 2157 clients
1171 2120 1191 2156 à
1211 2118 1275 2163 lui,
1299 2124 1336 2158 et
1348 2117 1501 2157 oubliait
1521 2127 1679 2160 souvent

219 2182 260 2210 sa
279 2182 463 2221 promesse
481 2169 527 2209 de
553 2169 657 2209 venir
676 2170 728 2210 les
757 2180 867 2221 payer
889 2169 923 2208 le
943 2168 1163 2208 lendemain.
1189 2168 1218 2207 Il
1239 2180 1285 2207 ne
1305 2169 1543 2220 reparaissait
1562 2171 1645 2221 plus
1668 2185 1676 2210 :

218 2223 265 2261 où
285 2222 319 2260 le
337 2221 515 2271 prendre?
537 2221 602 2260 Ses
626 2220 761 2260 allures
788 2219 936 2259 avaient
955 2220 1112 2270 quelque
1132 2218 1241 2258 chose
1258 2219 1304 2259 de
1321 2220 1543 2271 mystérieux
1569 2227 1605 2261 et
1634 2223 1680 2262 de

218 2278 376 2323 suspect,
402 2279 438 2311 et
458 2271 530 2310 l’on
547 2283 570 2310 a
588 2271 692 2322 peine
709 2274 731 2311 à
749 2270 972 2322 s’expliquer
989 2270 1156 2309 l’entière
1174 2277 1211 2309 et
1233 2270 1368 2321 longue
1396 2271 1583 2312 confiance
1605 2285 1677 2324 que

220 2323 268 2362 lui
290 2335 312 2361 a
329 2321 501 2362 accordée
523 2322 570 2361 M.
596 2322 760 2361 Chasles.
782 2322 831 2361 Le
850 2323 994 2371 Figaro
1019 2320 1067 2360 du
1092 2321 1110 2359 1
1117 2328 1145 2345 er
1166 2320 1315 2361 octobre
1346 2327 1445 2361 trace
1467 2322 1514 2362 de
1533 2334 1574 2362 ce
1597 2335 1680 2374 per¬

216 2385 380 2425 sonnage
399 2373 432 2413 le
450 2373 604 2424 portrait
622 2373 785 2419 suivant,
804 2384 906 2412 assez
918 2377 1035 2418 exact,
1051 2382 1096 2410 au
1115 2371 1192 2411 dire
1211 2371 1276 2411 des
1289 2383 1488 2423 personnes
1507 2373 1571 2424 qui
1590 2373 1680 2414 l’ont

216 2437 338 2464 connu
360 2437 368 2463 :

259 2496 318 2533 Né
338 2497 361 2532 à
377 2496 588 2541 Lanneray
612 2505 661 2530 en
688 2497 783 2536 1816,
815 2494 1082 2531 Denis-Vrain
1112 2494 1238 2530 Lucas
1267 2504 1289 2530 a
1320 2494 1382 2530 été
1414 2495 1677 2543 domestique,

213 2541 303 2596 puis
323 2540 668 2586 expéditionnaire
683 2553 692 2585 ;
713 2551 812 2576 nous
842 2540 879 2576 le
911 2541 1103 2576 trouvons
1135 2540 1313 2586 employé
1343 2550 1393 2576 au
1426 2540 1576 2577 bureau
1609 2542 1677 2579 des

213 2584 486 2638 hypotheques
517 2586 564 2622 de
596 2585 872 2628 Châteaudun,
900 2585 949 2620 où
981 2585 1019 2621 le
1051 2584 1150 2630 goût
1179 2585 1247 2621 des
1282 2595 1511 2631 paperasses
1538 2587 1579 2622 et
1609 2587 1676 2624 des

212 2632 463 2677 parchemins
480 2643 503 2669 a
520 2631 572 2668 dû
593 2631 653 2668 lui
683 2631 811 2667 venir.
848 2630 950 2667 C’est
981 2630 1003 2666 à
1029 2628 1291 2667 Châteaudun
1321 2631 1428 2667 aussi
1459 2631 1555 2678 qu’il
1586 2632 1679 2669 s’est
