1850 2972
856 178 902 216 —
935 178 979 216 12
1008 198 1050 205 -

336 276 412 310 vis.
434 293 471 299 —
489 276 533 310 L.
555 286 585 310 s.
602 288 611 318 ;
635 275 860 319 Sandomir,
889 278 933 310 24
946 275 1040 320 juin
1064 277 1162 318 1704,
1202 277 1265 318 1/2
1296 285 1331 320 p.
1360 274 1468 319 in-f.,
1501 275 1642 310 cachet
1669 276 1692 310 à

335 330 396 355 ses
416 322 559 355 armes.
579 320 668 354 Belle
681 321 785 363 pièce.
1585 322 1624 354 18
1671 332 1688 352 »

224 376 312 411 4163
338 376 714 417 Ghâteaubriand,
736 374 890 410 célèbre
910 374 1086 410 écrivain
1118 376 1159 409 et
1179 374 1335 409 homme
1357 374 1501 410 d’Etat.
1522 392 1559 398 —
1579 374 1690 409 Belle

336 419 363 455 1.
383 429 414 455 8.
435 419 458 453 à
475 419 528 454 M.
550 419 724 463 Bouvet;
754 421 853 462 1823,
877 421 888 453 1
913 429 950 464 p.
972 419 1058 454 in-f.
1604 421 1626 453 2
1672 431 1689 450 »

225 476 312 510 4164
338 474 544 518 Choiseul
574 474 726 518 (F.-Et.,
757 474 832 509 duc
861 474 934 519 de),
966 474 1120 509 célèbre
1149 473 1334 509 ministre
1367 474 1414 509 de
1450 473 1572 508 Louis
1604 473 1690 516 XV,

337 520 519 553 créature
540 518 587 553 de
609 519 649 554 M
654 525 692 540 me
712 519 759 553 de
776 519 1031 564 Pompadour
1049 520 1090 554 et
1108 518 1272 553 victime
1293 518 1341 552 de
1361 518 1401 553 la
1419 518 1479 553 Du
1499 518 1639 563 Barry.
1654 535 1692 541 —

336 562 380 597 L.
403 573 436 598 a.
458 573 488 598 s.
519 563 580 607 (au
601 563 793 608 dauphin,
827 564 920 608 père
952 563 999 598 de
1028 563 1150 598 Louis
1174 562 1277 607 XVI)
1296 575 1304 607 ;
1333 562 1503 605 Vienne,
1535 565 1548 598 1
1554 568 1582 584 er
1608 562 1691 596 déc.

342 610 438 649 1757,
458 609 479 642 3
499 617 535 652 p.
557 607 649 643 in-4.
669 609 758 643 Belle
771 609 875 652 pièce.
1606 609 1626 641 8
1673 618 1690 637 »

384 652 579 683 Intéressante
600 654 693 690 épitre
708 654 829 683 relative
850 661 884 683 au
904 652 1032 690 dauphin
1053 655 1082 682 et
1100 653 1116 682 h
1131 660 1165 682 sa
1182 651 1326 690 première
1343 653 1460 687 femme,
1487 654 1516 681 et
1536 654 1694 681 contenant

344 691 397 721 des
416 691 519 722 détails
536 692 714 729 historiques
744 700 795 721 sur
813 700 849 722 un
869 692 988 730 épisode
1017 692 1052 721 de
1065 692 1092 721 la
1112 698 1216 730 guerre
1239 691 1274 721 de
1293 691 1311 720 7
1327 698 1393 728 ans,
1424 698 1480 721 une
1506 690 1626 721 victoire
1655 691 1694 720 du

348 731 446 768 prince
465 730 588 760 Charles
603 739 648 761 sut
671 731 810 762 Frédéric
830 731 857 761 11
869 732 975 762 devant
990 730 1122 761 Breslau.

227 776 315 810 4165
339 774 478 818 Cofün
499 773 605 819 (Ch.),
638 774 792 810 célèbre
824 775 938 820 poète
958 773 1082 817 latin,
1109 775 1155 809 né
1186 774 1276 820 près
1296 773 1344 808 de
1364 773 1513 808 Reims.
1538 793 1570 800 —
1590 773 1694 809 Jolie

341 817 450 863 pièce
470 817 546 864 sig.
563 831 572 862 ;
596 820 692 862 1733,
716 822 728 854 1
753 829 788 864 p.
816 819 909 854 in-8.
1612 820 1624 852 1
1652 820 1696 853 25

229 875 316 909 4166
341 874 522 917 Colbert
540 873 683 918 (J.-B.),
709 873 745 908 le
767 874 892 926 grand
913 874 1097 909 ministre
1131 873 1177 907 de
1197 873 1319 908 Louis
1340 872 1443 908 XIV.
1465 890 1495 896 —
1520 872 1563 907 L.
1587 883 1617 907 s.
1644 883 1694 907 au

342 918 519 962 marquis
539 918 586 952 de
607 918 854 963 Feuquieres
869 931 878 962 ;
904 921 1001 961 1675,
1031 921 1042 953 1
1072 928 1109 963 p.
1130 918 1222 952 in-4.
1242 919 1327 952 Jolie
1341 919 1445 961 pièce.
1608 919 1630 951 2
1677 929 1694 949 »

231 974 317 1007 4167
344 973 523 1007 Colbert
541 974 596 1007 de
617 974 802 1018 Croissy
823 974 930 1018 (Ch.),
957 974 1062 1008 frère
1089 973 1140 1007 du
1162 972 1288 1018 grand
1308 972 1483 1014 Colbert,
1511 971 1696 1007 ministre

343 1016 389 1051 de
409 1016 530 1052 Louis
550 1017 653 1059 XVI,
675 1017 936 1063 négociateur
954 1018 1001 1052 de
1022 1018 1061 1053 la
1080 1017 1170 1062 paix
1190 1017 1237 1052 de
1256 1017 1469 1062 Nimègue.
1488 1033 1526 1039 —
1545 1016 1588 1050 L.
1610 1027 1645 1051 a.
1665 1027 1696 1052 s.

344 1071 393 1095 au
426 1062 602 1106 marquis
634 1061 680 1096 de
711 1062 982 1107 Feuquières;
1015 1061 1204 1105 Munich,
1248 1064 1291 1097 20
1316 1061 1428 1106 janv.
1465 1059 1570 1104 1680,
1611 1063 1623 1095 1
1658 1071 1696 1106 p.

344 1105 437 1139 in-4.
1609 1108 1630 1140 6
1678 1117 1695 1137 »

388 1150 437 1180 Bel
457 1150 539 1188 éloge
558 1151 595 1181 du
611 1151 701 1181 talent
713 1151 749 1181 du
765 1151 897 1188 marquis
912 1151 948 1181 de
964 1151 1150 1189 Feuquières.

233 1194 321 1228 4168
347 1194 470 1238 Colet
489 1194 671 1239 (Louise),
703 1194 855 1230 célèbre
876 1195 991 1240 poète
1011 1194 1350 1240 contemporaine.
1370 1215 1408 1221 —
1427 1193 1470 1228 L.
1491 1204 1525 1228 a.
1547 1203 1592 1237 s.,
1624 1196 1635 1228 1
1660 1204 1698 1239 p.

346 1238 439 1273 in-8.
1617 1240 1628 1272 1
1680 1251 1697 1271 »

235 1293 323 1327 4169
349 1293 490 1327 Collin
518 1294 808 1339 d’Harleville
827 1294 969 1340 (J.-F.),
991 1306 1044 1330 un
1064 1294 1110 1329 de
1132 1305 1202 1330 nos
1222 1293 1430 1328 meilleurs
1453 1292 1584 1337 poètes
1610 1293 1699 1328 dra-

348 1339 457 1380 mat.,
479 1337 525 1372 de
547 1337 692 1373 l’Acad.
716 1339 764 1375 fr.
786 1357 823 1363 —
842 1340 885 1374 L.
907 1349 942 1375 a.
964 1339 1039 1385 sig.
1066 1340 1106 1375 C.
1127 1339 1173 1375 H.
1195 1339 1218 1373 à
1237 1349 1290 1373 un
1311 1337 1390 1372 ami
1406 1350 1415 1382 ;
1438 1337 1566 1381 Paris,
1587 1340 1608 1373 3
1627 1338 1700 1373 fri¬

348 1381 487 1424 maire,
512 1384 523 1416 1
547 1392 583 1427 p.
604 1382 701 1418 in-8.
1612 1385 1633 1418 3
1681 1396 1698 1415 »

394 1427 564 1457 Touchante
588 1427 680 1465 épitre
706 1436 757 1458 sur
776 1429 802 1458 la
818 1429 942 1460 maladie
966 1430 1001 1460 de
1023 1437 1056 1459 sa
1083 1429 1162 1459 mère
1191 1431 1218 1458 et
1235 1436 1286 1458 sur
1302 1435 1340 1458 un
1358 1427 1462 1465 procès
1486 1427 1559 1457 dans
1573 1427 1665 1465 lequel
1680 1428 1701 1458 il

353 1464 457 1497 défend
474 1468 526 1497 des
540 1467 623 1498 amis.

239 1516 327 1550 4170
352 1516 500 1560 Condé
531 1516 753 1560 (Charlotte
786 1515 833 1552 de
864 1518 912 1552 La
943 1519 1147 1557 Trcmouille,
1192 1516 1393 1567 princesse
1425 1517 1498 1562 de),
1539 1517 1701 1552 accusée

351 1560 503 1594 d’avoir
521 1561 804 1607 empoisonnné
840 1571 910 1596 son
930 1561 1045 1604 mari,
1076 1562 1202 1596 Henri
1228 1561 1240 1596 1
1244 1568 1272 1584 er
1290 1561 1338 1596 de
1359 1562 1502 1605 Condé,
1527 1561 1633 1597 l’ami
1654 1561 1701 1596 de

353 1604 479 1639 Henri
498 1604 563 1640 IV.
583 1626 621 1631 —
638 1605 681 1640 L.
703 1615 738 1639 a.
759 1615 789 1640 s.
823 1605 845 1639 à
874 1605 928 1641 M.
954 1606 1001 1641 de
1029 1608 1215 1643 Turenne
1230 1618 1238 1650 ;
1268 1606 1393 1652 (1588),
1428 1609 1441 1641 1
1463 1617 1499 1652 p.
1521 1606 1574 1651 pl.
1608 1606 1700 1640 in-f.

351 1648 500 1694 Légère
521 1648 635 1684 tache
662 1649 787 1684 d’eau.
807 1651 905 1685 Rare.
1592 1653 1635 1685 40
1682 1662 1699 1682 »

397 1694 537 1726 Curieuse
557 1695 637 1732 pièce
667 1696 838 1732 historique,
864 1696 982 1727 relative
1011 1705 1067 1726 aux
1087 1696 1252 1735 poursuites
1281 1696 1407 1733 dirigées
1435 1697 1535 1726 contre
1555 1696 1609 1726 elle
1629 1704 1703 1733 pour

360 1731 650 1771 l’empoisonnement
664 1734 699 1764 de
714 1741 766 1763 son
785 1734 891 1771 époux.
914 1737 954 1766 Le
967 1736 1098 1767 désastre
1116 1736 1163 1773 qui
1180 1735 1218 1765 lui
1236 1738 1279 1765 est
1292 1736 1391 1766 arrivé
1408 1735 1443 1766 de
1458 1736 1484 1765 la
1501 1738 1579 1765 mort
1595 1735 1630 1766 de
1648 1743 1700 1765 son

360 1773 432 1802 mari
456 1773 492 1803 l'a
506 1775 530 1803 si
552 1774 609 1803 fort
621 1773 754 1803 accablée
767 1773 945 1810 d’affliction,
974 1774 1076 1813 qu’elle
1095 1775 1140 1806 n’a
1160 1783 1197 1812 pu
1225 1773 1265 1804 lui
1284 1783 1319 1805 en
1333 1775 1444 1806 donner
1460 1774 1521 1804 avis
1545 1773 1609 1813 qu’à
1630 1778 1703 1805 cette

362 1811 461 1843 heure.
491 1813 551 1842 Elle
571 1813 597 1843 le
613 1812 728 1850 supplie
751 1812 786 1843 de
805 1813 830 1842 la
848 1813 984 1852 protéger
1009 1818 1109 1846 contre
1132 1814 1174 1844 les
1192 1814 1327 1851 rigueurs
1342 1815 1476 1853 étranges
1505 1814 1575 1845 dont
1588 1814 1642 1844 elle
1659 1817 1704 1845 est

356 1849 464 1890 l’objet.

241 1895 324 1929 4171
355 1895 502 1939 Condé
523 1895 655 1939 (Louis
674 1895 724 1938 II,
750 1895 886 1940 prince
908 1896 979 1939 de),
1009 1897 1069 1932 dit
1088 1899 1116 1931 le
1134 1898 1263 1932 Grand.
1284 1917 1318 1922 —
1340 1897 1383 1933 L.
1405 1908 1435 1932 s.
1456 1907 1506 1932 au
1527 1897 1704 1942 marquis

353 1938 689 1985 d’Hoquincourt;
733 1950 843 1986 camp
883 1940 930 1976 de
971 1941 1354 1985 Ville-sur-Haisne,
1394 1944 1433 1978 21
1467 1941 1561 1987 juin
1604 1944 1702 1984 1674,

355 1985 367 2018 1
379 1985 416 2027 /2
440 1994 477 2029 p.
498 1984 595 2019 in-8.
1616 1989 1637 2022 3
1683 1998 1701 2018 »

243 2034 332 2068 4172
355 2034 414 2068 Le
433 2034 589 2069 même.
609 2034 652 2069 L.
673 2044 703 2069 s.
730 2034 752 2069 à
770 2034 950 2079 Vauban,
982 2036 1106 2071 écrite
1126 2047 1173 2071 en
1194 2036 1381 2080 chiffres;
1414 2046 1525 2081 camp
1545 2036 1592 2071 de
1611 2036 1707 2071 Pér¬

354 2078 447 2112 imée
464 2090 472 2122 ;
497 2080 535 2113 17
556 2078 794 2124 septembre,
818 2082 830 2114 1
855 2090 891 2125 p.
912 2080 1005 2124 in-8,
1027 2080 1184 2116 cachets
1204 2080 1227 2115 à
1244 2092 1305 2116 ses
1325 2091 1468 2116 armes.
1616 2084 1636 2116 3
1683 2095 1700 2114 »

244 2128 332 2163 4173
357 2128 627 2173 Conscience
656 2128 741 2173 (H.),
770 2129 807 2164 le
837 2130 1062 2165 romancier
1088 2130 1268 2166 national
1300 2130 1347 2165 de
1377 2131 1416 2165 la
1434 2130 1643 2176 Belgique.
1664 2148 1702 2154 —

355 2171 396 2205 L.
418 2182 447 2207 s.
470 2172 492 2206 à
509 2173 562 2207 M.
583 2173 933 2218 Duval-Lecamus,
967 2175 1123 2220 peintre
1139 2188 1147 2219 ;
1177 2176 1344 2217 Anvers,
1376 2176 1473 2218 1840,
1508 2179 1519 2211 1
1542 2185 1579 2220 p.
1606 2173 1704 2210 in-4.

354 2216 538 2251 Relative
560 2217 582 2252 à
600 2217 640 2253 la
658 2218 926 2264 souscription
947 2219 1048 2264 pour
1067 2219 1091 2255 Y
1093 2221 1217 2254 Album
1235 2221 1276 2254 de
1293 2221 1437 2255 Rubens.
1618 2222 1639 2255 2
1685 2229 1703 2249 »

243 2267 330 2301 4174
356 2267 577 2312 Constant
606 2266 854 2313 (Benjamin),
878 2269 1039 2305 illustre
1068 2269 1281 2315 publiciste
1307 2270 1348 2304 et
1379 2270 1542 2304 orateur
1576 2269 1704 2314 parle¬

355 2311 564 2346 mentaire.
587 2330 624 2335 —
656 2312 699 2347 L.
726 2323 761 2347 a.
781 2323 812 2348 s.
839 2313 861 2348 à
884 2315 1032 2360 Auger,
1065 2314 1112 2349 de
1135 2313 1281 2349 l’Acad.
1310 2313 1451 2358 franc.;
1486 2316 1526 2349 13
1550 2313 1704 2359 juillet,

358 2357 369 2389 1
392 2365 428 2400 p.
450 2350 547 2391 in-4.
1409 2350 1420 2362 a
1619 2360 1640 2393 3
1686 2371 1704 2390 »

398 2400 528 2432 Kelativc
545 2401 562 2431 à
578 2408 633 2431 une
656 2401 691 2432 de
709 2409 756 2433 ses
774 2402 935 2434 brochures
955 2404 1121 2442 politiques,
1146 2406 1174 2434 et
1192 2404 1207 2433 à
1224 2411 1257 2434 sa
1278 2403 1467 2434 candidature
1484 2404 1501 2433 à
1515 2403 1705 2438 l’Académie,

360 2440 504 2478 proposée
523 2448 577 2478 par
591 2441 678 2478 .louy.

242 2489 330 2522 4175
354 2489 413 2523 Le
437 2490 592 2525 même.
619 2511 656 2517 —
686 2490 730 2526 L.
760 2501 794 2526 a.
826 2501 856 2526 s.
884 2502 934 2527 au
963 2492 1175 2527 secrétaire
1201 2491 1248 2527 de
1280 2492 1497 2536 l’Athénée,
1535 2494 1547 2527 1
1579 2502 1616 2537 p.
1646 2494 1707 2535 1/4

353 2533 452 2569 in-4.
1620 2539 1641 2571 4
1688 2550 1704 2569 »

399 2580 442 2608 Au
460 2579 536 2616 sujet
565 2579 600 2610 de
627 2580 752 2610 lectures
775 2580 844 2618 qu’il
863 2581 922 2611 doit
940 2581 1011 2612 faire
1037 2581 1056 2612 à
1070 2584 1144 2612 celte
1156 2581 1265 2613 société
1276 2580 1429 2613 littéraire.
1459 2582 1478 2611 11
1499 2590 1531 2613 se
1547 2582 1638 2620 plaint
1652 2590 1708 2619 que

360 2624 410 2648 sur
429 2618 470 2648 les
486 2618 584 2649 lettres
601 2618 688 2656 qu’on
705 2619 743 2649 lui
760 2621 879 2651 adresse
908 2629 944 2651 on
961 2621 1000 2651 lui
1018 2621 1112 2651 donne
1129 2629 1168 2652 un
1186 2622 1252 2652 litre
1270 2621 1341 2659 qu’il
1356 2620 1403 2652 n’a
1412 2621 1518 2660 jamais
1537 2622 1597 2659 pris
1622 2622 1707 2657 (celui

360 2656 395 2687 de
412 2657 448 2687 de
466 2657 635 2697 Hebecque,
661 2666 731 2690 sans
747 2659 856 2697 doute).
892 2661 936 2691 Au
953 2661 1007 2691 lieu
1037 2661 1073 2691 de
1087 2669 1119 2691 ce
1134 2661 1213 2698 titre,
1246 2662 1293 2696 qui
1307 2661 1334 2691 le
1353 2661 1510 2692 couvrirait
1535 2662 1570 2692 de
1588 2660 1708 2692 ridicule
