1850 2972
884 162 925 200 -
956 161 1004 200 16
1032 183 1075 189 -

279 261 322 296 96
346 261 535 306 Lafarge
555 259 691 306 (Mario
712 261 852 305 Capelle,
876 260 1044 305 femme),
1066 260 1303 295 condamnée
1322 269 1424 305 pour
1442 258 1712 304 empoisonne¬

346 309 455 340 ment
473 316 542 340 sur
562 306 600 340 la
618 315 812 350 personne
833 304 879 339 de
900 316 969 341 son
990 305 1248 341 mari.—Let.
1269 309 1353 340 aut.
1373 305 1553 350 (manque
1574 304 1613 339 la
1631 303 1710 348 fin),

345 352 366 385 4
384 360 421 396 p.
442 350 535 385 in-8.
1626 350 1646 384 3
1692 360 1710 381 »

386 396 527 427 Curieuse
542 395 625 426 lettre
639 394 729 426 écrite
744 396 779 426 de
792 403 823 425 sa
839 396 952 434 prison,
971 396 986 425 î>
1003 396 1192 435 Montpellier.
1253 419 1259 425 .
1272 395 1328 426 .En
1344 394 1410 424 vain
1425 402 1471 425 ma
1489 394 1658 426 conscience
1668 396 1713 423 est

346 443 429 473 pure,
448 434 566 469 dit-elle,
586 435 636 465 des
648 442 731 466 murs
749 433 886 466 étouffent
899 443 946 465 ma
958 435 1038 471 voix,
1052 444 1090 466 un
1112 435 1188 465 arrêt
1204 438 1262 465 met
1276 435 1318 464 les
1335 434 1439 465 scellés
1453 442 1503 464 sur
1517 442 1583 464 mou
1599 434 1709 464 avenir.

346 475 414 507 Itien
432 475 467 505 de
485 475 548 513 plus
565 474 732 513 dangereux
755 482 810 513 que
832 475 857 505 la
879 474 1019 505 calomnie
1032 487 1039 505 :
1064 476 1082 505 il
1109 483 1141 505 se
1167 478 1268 505 trouve
1291 474 1424 511 toujours
1453 481 1490 504 un
1519 477 1565 504 sot
1592 482 1664 512 pour
1695 480 1711 510 y

346 514 450 549 croire,
468 522 504 544 un
522 514 674 545 désœuvré
694 522 765 553 pour
779 522 794 552 y
810 515 940 545 attacher
957 515 1008 545 des
1025 515 1145 552 grelots,
1170 517 1198 545 et
1216 522 1253 545 un
1272 513 1407 544 méchant
1420 521 1493 552 pour
1511 513 1573 544 s’en
1589 513 1662 544 faire
1675 521 1711 543 un

349 553 565 592 poignard...»

279 598 320 633 97
346 598 410 632 La
427 599 576 652 Harpe
597 597 711 652 (J.-F.
732 598 805 643 de),
828 598 862 633 le
888 598 977 643 plus
1003 598 1128 643 grand
1155 598 1325 644 critique
1355 598 1406 632 du
1437 607 1535 632 xvin
1536 603 1549 620 c
1579 596 1712 639 siècle,

347 643 393 677 de
421 642 566 678 l’Acad.
593 642 718 678 franc.
738 662 780 668 —
799 643 843 678 L.
864 653 898 678 a.
921 653 951 678 s.
976 643 998 677 à
1022 643 1215 680 Palissot.
1240 645 1278 678 15
1298 642 1391 688 juin
1418 644 1514 685 1778,
1544 645 1556 677 1
1584 652 1621 687 p.
1652 644 1714 685 1/2

346 688 442 730 in-4,
463 687 561 722 beau
583 687 721 723 cachet
740 688 762 722 à
781 698 842 723 ses
862 697 1003 723 armes.
1608 689 1648 722 10
1695 699 1711 719 »

388 733 526 764 Curieuse
544 733 637 770 épltre
655 741 706 764 sur
730 741 784 764 une
813 734 898 764 lettre
927 734 962 764 de
994 733 1129 771 Palissot,
1155 733 1267 765 insérée
1296 741 1351 773 par
1382 733 1421 763 La
1454 733 1550 771 Harpe
1583 732 1656 764 dans
1689 732 1715 762 le

346 773 497 806 Mercure,
516 775 543 802 et
560 773 628 803 dont
648 774 674 803 la
693 780 815 804 censure
834 781 849 803 a
866 773 916 803 fait
933 773 1102 804 retrancher
1117 774 1256 812 quelques
1271 774 1376 812 lignes,
1392 774 1430 803 où
1451 773 1470 802 il
1493 772 1561 803 était
1583 771 1713 811 question

347 813 383 843 de
397 812 508 843 Gilbert
526 815 554 842 et
572 813 608 843 de
624 812 764 843 Clément.
788 825 801 839 «
815 813 895 843 Vous
914 816 1023 847 sentez,
1045 812 1134 850 dit-il,
1153 814 1222 851 qu’il
1243 821 1261 851 y
1295 821 1310 843 a
1343 813 1394 844 des
1423 820 1493 850 gens
1522 812 1569 849 qui
1601 815 1650 843 ont
1680 813 1715 842 de

348 852 457 890 grands
475 853 691 889 ménagements
707 860 782 891 pour
799 855 873 883 cette
890 853 994 891 espèce
1012 851 1183 883 d’hommes.
1210 853 1231 883 11
1255 852 1364 883 semble
1387 851 1456 891 qu’il
1480 859 1498 889 y
1522 853 1562 882 ait
1587 853 1659 882 dans
1682 858 1714 881 ce

347 891 460 930 pays-ci
473 899 528 921 une
546 893 705 929 protection
720 893 866 923 exclusive
880 899 953 930 pour
970 893 1011 923 les
1029 892 1190 924 libelles...
1234 892 1256 922 Il
1275 900 1293 931 y
1311 892 1406 923 aurait,
1429 892 1493 922 bien
1518 894 1584 929 plus
1609 893 1626 922 k
1654 890 1716 921 dire

347 940 398 961 sur
413 934 476 962 tout
493 939 526 961 ce
546 932 593 969 qui
614 939 646 961 se
667 940 754 970 passe
780 931 962 969 aujourd’hui
985 932 1001 962 k
1026 939 1135 970 propos
1157 932 1192 963 du
1219 932 1310 970 grand
1328 932 1446 962 homme
1471 930 1621 971 (Voltaire.)
1647 930 1717 961 dont

346 978 420 1002 vous
436 979 510 1001 vous
528 971 663 1009 rappelez
679 973 721 1002 les
734 971 870 1008 conseils,
889 972 964 1002 mais
980 971 1040 1001 cela
1060 979 1106 1002 me
1124 972 1275 1002 donnerait
1290 976 1355 1010 trop
1371 970 1576 1003 d’humeur...
1602 983 1615 997 »
1635 987 1673 992 —
1693 972 1714 1000 A

345 1013 418 1040 cette
436 1011 519 1042 lettre
539 1014 583 1041 est
600 1011 689 1049 jointe
708 1011 734 1041 la
758 1010 882 1049 réponse
900 1011 1082 1049 autographe
1099 1012 1135 1042 de
1151 1011 1288 1042 Palissot.

283 1055 326 1090 98
351 1055 413 1090 La
436 1055 592 1099 Hodde
612 1055 773 1099 (Lucien
795 1055 867 1100 de),
888 1055 1001 1100 poète
1021 1057 1062 1090 et
1082 1055 1240 1090 fameux
1261 1054 1662 1101 pamphlétaire.—L.
1682 1064 1716 1089 a.

347 1110 398 1143 s.;
420 1099 642 1145 préfecture
663 1100 709 1135 de
730 1100 878 1143 Police,
918 1102 956 1135 14
969 1099 1079 1145 janv.
1106 1103 1200 1144 1850,
1223 1103 1235 1135 1
1258 1111 1294 1146 p.
1316 1100 1413 1136 in-8.
1630 1101 1652 1134 2
1674 1101 1718 1134 50

386 1146 525 1176 Curieuse
545 1146 627 1176 lettre
641 1145 678 1176 où
694 1146 711 1175 il
730 1153 856 1183 propose
873 1149 889 1175 k
908 1153 945 1176 un
963 1146 1075 1177 éditeur
1090 1147 1117 1176 la
1134 1146 1307 1184 publication
1338 1146 1374 1176 de
1404 1145 1456 1176 son
1484 1144 1625 1175 Histoire
1659 1145 1713 1174 des

344 1184 478 1215 Sociétés
496 1184 628 1215 secrètes
644 1193 719 1215 sous
738 1184 764 1215 le
784 1184 1036 1215 Gouvernement
1050 1184 1088 1215 de
1098 1184 1215 1224 juillet.

279 1230 323 1265 99
345 1230 408 1264 La
432 1229 696 1274 Mesangère
727 1229 782 1274 (P.
811 1228 885 1272 de),
916 1229 952 1264 le
983 1229 1138 1264 célèbre
1171 1230 1384 1265 rédacteur
1416 1229 1467 1264 du
1495 1229 1634 1263 Journal
1660 1229 1716 1262 des

344 1274 464 1314 modes,
485 1274 533 1308 né
553 1267 575 1309 à
592 1267 649 1309 La
667 1273 1057 1309 Flèche.—Costume
1079 1274 1126 1309 de
1146 1275 1304 1318 femme,
1324 1285 1419 1309 avec
1437 1277 1458 1311 2
1478 1274 1607 1319 lignes
1627 1275 1711 1309 aut.

353 1318 443 1364 sig.,
469 1321 563 1360 1823,
584 1318 676 1353 in-8.
1630 1321 1651 1353 2
1698 1330 1715 1351 »

263 1365 323 1399 100
346 1365 409 1399 La
432 1363 787 1408 Rochefoucauld
811 1363 948 1408 (Alex.,
970 1364 1046 1398 duc
1072 1363 1145 1409 de),
1166 1364 1320 1400 célèbre
1346 1365 1606 1406 constituant,
1627 1363 1716 1409 pré¬

345 1408 476 1444 sident
495 1408 546 1443 du
573 1408 848 1453 département
873 1408 919 1443 de
946 1408 1074 1451 Paris,
1098 1410 1291 1445 massacré
1312 1420 1360 1444 en
1385 1412 1480 1445 1792.
1501 1429 1542 1434 —
1562 1409 1604 1444 L.
1627 1420 1661 1443 a.
1682 1419 1713 1443 s.

346 1465 394 1489 au
416 1453 614 1488 maréchal
634 1452 681 1488 de
700 1453 917 1496 Tonnerre,
942 1455 1038 1495 1777,
1062 1456 1074 1488 1
1098 1464 1134 1499 p.
1157 1454 1249 1490 in-4.
1629 1456 1650 1489 2
1697 1465 1714 1485 »

263 1500 317 1533 101
345 1500 408 1533 La
431 1498 605 1541 Touche
619 1497 756 1541 (Henri
770 1498 843 1543 de),
861 1498 1016 1533 célèbre
1032 1498 1266 1535 littérateur
1280 1499 1547 1544 romantique,
1559 1498 1717 1533 éditeur

355 1543 423 1579 des
442 1545 580 1579 Œuvres
598 1544 739 1577 inédites
759 1543 910 1580 d’André
929 1544 1078 1584 Chénier,
1100 1544 1148 1579 né
1173 1545 1195 1579 à
1213 1544 1269 1579 La
1288 1544 1446 1580 Châtre.
1466 1564 1508 1569 —
1526 1544 1570 1579 L.
1591 1554 1625 1579 a.
1646 1553 1676 1578 s.
1697 1543 1720 1577 à

352 1588 496 1631 Tissot,
516 1590 536 1623 3
556 1598 592 1633 p.
615 1588 711 1623 in-8.
1632 1590 1653 1624 2
1676 1590 1719 1623 50

387 1634 461 1665 Très
478 1633 612 1664 curieuse
629 1634 713 1664 lettre
732 1633 852 1664 relative
871 1642 887 1664 a
903 1643 935 1664 sa
954 1634 1159 1665 collaboration
1179 1635 1215 1665 au
1235 1634 1504 1666 Constitutionnel
1509 1658 1516 1670 ,
1536 1635 1606 1665 dont
1624 1641 1661 1664 on
1685 1633 1720 1664 l’a

351 1673 450 1703 évincé
465 1681 534 1703 sans
552 1673 577 1702 le
598 1672 746 1710 prévenir.

266 1713 328 1749 102
352 1713 414 1746 La
432 1712 666 1757 Trémoille
685 1711 849 1757 (Henri,
871 1711 946 1747 duc
966 1713 1044 1757 de),
1075 1723 1127 1747 un
1148 1713 1215 1748 des
1236 1713 1344 1748 chefs
1365 1713 1416 1748 du
1444 1713 1548 1759 parti
1568 1714 1720 1757 protes¬

349 1759 438 1792 tant
457 1767 547 1792 sous
567 1756 688 1792 Louis
707 1756 819 1800 XIII,
842 1758 1000 1792 ennemi
1021 1757 1067 1792 de
1088 1757 1323 1801 Richelieu,
1346 1769 1439 1793 avec
1459 1758 1590 1803 lequel
1623 1758 1652 1793 il
1680 1768 1720 1792 se

350 1801 577 1837 réconcilia.
597 1821 639 1827 —
659 1801 701 1837 L.
723 1812 757 1837 a.
779 1812 808 1837 s.
830 1812 879 1836 au
901 1802 1100 1837 maréchal
1121 1802 1167 1837 de
1189 1802 1329 1845 Brézé;
1350 1803 1542 1846 Thouars,
1567 1806 1587 1837 7
1617 1812 1720 1838 mars

354 1848 449 1890 1649,
470 1849 490 1881 2
510 1857 546 1891 p.
569 1846 663 1890 in-4,
684 1846 822 1881 cachet
842 1847 864 1881 à
883 1857 944 1882 ses
965 1850 1107 1883 armes.
1126 1849 1215 1882 Belle
1226 1850 1328 1892 pièce.
1616 1850 1656 1883 10
1703 1860 1719 1880 »

390 1893 520 1922 Relative
537 1900 553 1921 a
570 1892 596 1922 la
615 1892 749 1922 blessure
768 1896 796 1922 et
813 1892 828 1922 k
848 1893 1133 1931 l’emprisonnement
1155 1893 1193 1924 du
1217 1896 1309 1924 comte
1327 1895 1363 1924 de
1381 1893 1486 1925 Duras.

266 1932 327 1967 103
351 1931 805 1975 Lavoisier-Rumfort
824 1932 886 1975 (la
905 1933 1097 1966 comtesse
1119 1931 1202 1977 de),
1223 1932 1379 1968 célèbre
1400 1933 1543 1967 femme
1564 1933 1719 1976 artiste,

350 1975 510 2011 d’abord
532 1975 676 2021 épouse
697 1975 743 2010 de
763 1975 982 2020 Lavoisier,
1008 1977 1097 2021 puis
1125 1976 1172 2012 de
1200 1977 1409 2021 Rumfort,
1439 1978 1510 2013 née
1539 1977 1561 2012 à
1589 1978 1720 2013 Mont¬

354 2021 500 2056 brison.
516 2040 557 2045 —
571 2021 613 2056 L.
627 2031 661 2055 a.
677 2031 707 2055 s.
723 2021 870 2064 àPaër,
886 2023 1013 2064 1818,1
1033 2031 1068 2067 p.
1085 2022 1177 2065 in-8,
1189 2023 1327 2058 cachet
1341 2023 1363 2057 à
1373 2032 1433 2058 ses
1447 2033 1588 2058 armes.
1635 2026 1655 2058 2
1679 2025 1722 2058 50

391 2066 522 2098 Relative
540 2067 556 2096 k
573 2074 629 2097 une
647 2067 742 2097 soirée
760 2066 897 2098 musicale
912 2067 1016 2105 qu’elle
1031 2067 1090 2098 doit
1106 2068 1218 2098 donner
1233 2069 1301 2099 chez
1319 2068 1383 2099 elle.

266 2106 327 2140 104
350 2105 474 2149 Lava
493 2104 615 2149 (J.-L.
630 2105 654 2150 ),
676 2104 830 2140 célèbre
852 2106 967 2151 poète
988 2106 1175 2150 dramat.,
1196 2109 1343 2143 auteur
1361 2107 1408 2142 de
1428 2106 1536 2143 l’Ami
1565 2108 1620 2141 des
1635 2109 1717 2146 Lois,

351 2150 398 2185 de
419 2149 562 2185 l’Acad.
582 2149 722 2185 fr.—L.
743 2161 776 2185 a.
797 2161 827 2186 s.
841 2151 863 2185 à
882 2150 933 2185 M.
955 2151 1000 2185 de
1021 2151 1259 2202 Martignac,
1282 2155 1379 2195 1828,
1403 2154 1415 2187 1
1439 2162 1474 2196 p.
1498 2152 1593 2188 in-4.
1631 2153 1651 2187 3
1700 2164 1717 2185 »

267 2196 327 2230 105
351 2195 530 2240 Lebœuf
555 2195 786 2240 (Edmond),
818 2195 980 2240 général
999 2196 1050 2231 du
1072 2195 1210 2240 Génie,
1230 2197 1416 2233 Ministre
1436 2196 1482 2232 de
1503 2198 1542 2233 la
1561 2206 1719 2243 guerre.

352 2260 393 2265 —
415 2239 537 2275 Billet
557 2240 647 2291 sig.,
670 2242 765 2283 1859,
791 2242 852 2283 1/2
870 2250 907 2286 p.
928 2241 1020 2277 in-8.
1616 2244 1627 2276 1
1678 2244 1721 2277 25

267 2286 328 2320 106
353 2285 529 2329 Lebrun
548 2285 743 2329 (Pierre),
765 2288 904 2321 savant
924 2286 1055 2331 prêtre
1077 2286 1123 2321 de
1144 2286 1377 2329 l’Oratoire,
1399 2287 1545 2322 auteur
1573 2286 1620 2321 de
1646 2286 1722 2321 dis¬

352 2329 568 2366 sertations
589 2329 793 2365 curieuses
813 2332 853 2365 et
873 2330 919 2365 de
942 2331 952 2365 l
958 2331 1182 2376 'Explication
1199 2333 1254 2366 des
1275 2334 1474 2368 Cérémonies
1492 2333 1532 2367 de
1551 2333 1584 2366 la
1606 2334 1708 2366 Messe
1712 2358 1721 2374 ,

352 2375 399 2410 né
418 2374 440 2408 à
458 2374 698 2420 Brignolles.
719 2395 761 2400 —
780 2375 823 2411 L.
845 2386 879 2411 a.
902 2387 932 2412 s.
954 2376 977 2410 à
994 2377 1047 2411 M.
1070 2375 1251 2420 Walker,
1270 2379 1291 2413 2
1309 2387 1346 2422 p.
1369 2377 1461 2412 in-4.
1634 2379 1655 2411 5
1702 2389 1718 2407 »

392 2420 585 2450 Intéressante
598 2421 682 2451 lettre
693 2419 765 2451 dans
780 2421 903 2460 laquelle
914 2422 932 2452 il
943 2422 1053 2460 signale
1068 2422 1120 2452 des
1135 2423 1308 2453 manuscrits
1321 2422 1491 2461 liturgiques
1505 2425 1532 2453 et
1548 2422 1599 2452 des
1608 2421 1722 2452 missels

353 2459 462 2497 anglais
477 2468 528 2490 sur
550 2460 677 2500 lesquels
695 2461 730 2489 ils
749 2460 842 2491 désire
855 2461 905 2491 des
924 2461 1182 2500 renseignements.

268 2500 327 2534 107
353 2499 544 2542 Léopold
557 2499 614 2541 II,
630 2509 839 2544 empereur
853 2499 1136 2546 d’Allemagne,
1150 2500 1254 2535 frère
1269 2500 1315 2535 de
1328 2500 1718 2543 Marie-Antoinette,

352 2545 582 2589 promoteur
600 2543 646 2578 de
666 2543 705 2579 la
724 2544 913 2579 coalition
935 2547 1070 2580 contre
1092 2546 1130 2580 la
1149 2545 1313 2581 France.
1352 2565 1393 2570 —
1413 2546 1455 2580 L.
1476 2556 1506 2581 s.
1520 2559 1529 2588 ;
1549 2545 1716 2587 Vienne,

357 2590 395 2623 14
414 2598 473 2623 av.
498 2591 592 2631 1790,
618 2590 679 2631 1/2
699 2598 735 2634 p.
755 2588 842 2624 in-f.
864 2589 1046 2625 Relative
1069 2600 1117 2624 au
1138 2592 1410 2625 recrutement
1428 2590 1517 2625 d’un
1539 2600 1719 2625 nouveau

353 2642 467 2678 corps
486 2632 533 2668 de
552 2635 728 2678 troupes.
1635 2637 1655 2669 3
1702 2646 1718 2666 »
