1850 2972
782 154 824 191 -
860 153 902 191 16
936 175 975 181 -

309 233 438 265 Relative
464 236 479 265 à
506 234 701 273 limpresfeion
728 235 764 266 de
792 235 841 266 scs
869 235 1031 275 Rapports
1059 235 1102 266 du
1128 235 1285 274 physique
1307 239 1337 266 et
1365 235 1408 266 du
1441 234 1547 265 moral
1574 234 1611 264 de

269 269 421 303 l'Homme
423 296 432 308 ,
455 281 584 311 ouvrage
604 274 651 312 qui
674 283 690 305 a
710 274 795 305 fondé
815 283 847 306 sa
869 274 1048 314 réputation.

152 312 239 346 39G0
263 312 439 347 Cassini
457 312 664 356 (J.-Dom.),
686 318 909 348 astronome
930 314 1090 349 illustre
1111 313 1163 348 du
1183 319 1279 349 xvii®
1299 312 1433 349 siècle.
1447 332 1489 338 —
1508 312 1551 347 L.
1574 322 1609 346 a.

262 365 292 390 s.
319 356 342 390 à
369 357 420 392 M.
441 356 653 399 Chazelles,
681 358 780 402 prof,
811 358 923 403 royal
954 358 1303 403 d’hydrographie,
1334 358 1356 392 à
1380 356 1584 393 Marseille
1600 369 1609 397 ;

262 399 390 444 Paris,
408 404 428 435 7
444 400 555 446 janv.
579 403 674 445 1686,
696 402 788 446 in-4,
809 402 947 438 cachot
966 403 989 437 à
1009 413 1071 438 ses
1090 405 1232 438 armes.
1252 405 1351 438 Rare.
1503 404 1542 437 16
1590 413 1606 432 »

308 447 390 476 Celte
410 446 493 477 lettre
514 449 558 477 est
578 446 666 476 écrite
686 455 723 477 au
748 455 833 478 verso
853 448 889 478 de
913 449 940 478 la
962 448 1094 479 dernière
1115 448 1210 479 feuille
1241 448 1308 478 d’un
1331 447 1470 477 mémoire
1490 448 1527 477 de
1547 448 1612 483 sept

271 492 360 522 pages
387 485 414 516 in
420 502 427 507 -
433 485 466 522 f.,
494 486 564 523 qu’il
591 486 692 516 envoie
719 486 736 517 à
761 487 799 518 M.
830 487 995 518 Chazelles.
1021 488 1063 517 Ce
1086 487 1236 523 mémoire,
1259 487 1332 518 écrit
1353 494 1423 517 sous
1448 494 1481 516 sa
1508 486 1611 522 dictée,

270 531 340 555 avec
360 526 521 555 correction
542 525 577 555 de
598 532 629 556 sa
652 525 741 561 main,
764 533 779 556 a
804 534 877 564 pour
897 527 963 557 titre
985 536 993 557 :
1019 538 1031 553 «
1056 527 1248 556 Observation
1271 527 1306 556 de
1328 526 1455 563 l'éclipse
1475 526 1510 556 de
1531 526 1607 559 lune,

269 562 295 592 le
316 564 351 594 10
372 563 525 594 décembre
546 563 632 601 1683,
648 564 664 594 à
681 565 904 596 l'Observatoire
925 565 1021 604 royal,
1039 566 1056 595 à
1078 565 1174 602 Paris,
1196 573 1250 604 par
1270 566 1311 597 M.
1338 565 1463 596 Cassini.
1484 577 1497 592 »
1517 565 1612 595 Docu¬

269 607 347 633 ment
368 603 546 642 scientifique
567 603 635 634 d'un
655 605 748 641 grand
770 603 884 642 intérêt,
907 605 1006 643 rédigé
1034 613 1088 643 par
1115 605 1227 635 Cassini
1250 613 1325 643 pour
1353 604 1496 641 répondre
1518 611 1533 633 a
1561 604 1613 633 des

270 642 473 672 observations
497 650 552 680 que
573 643 610 672 lui
633 643 710 673 avait
729 642 881 675 adressées
901 645 941 674 M.
969 645 1130 675 Chazelles.
1156 656 1168 669 «
1190 644 1253 674 J'en
1273 644 1327 674 fais
1346 643 1373 673 le
1395 650 1504 673 mesme
1526 644 1611 676 estât,

269 682 311 711 dit
331 682 445 714 Cassini
467 682 540 712 dans
563 690 595 712 sa
617 682 711 718 lettre,
734 690 789 720 que
810 683 833 713 si
857 684 887 722 je
913 683 949 714 l’a
952 684 1015 714 vois
1044 683 1110 714 faite
1131 690 1197 721 moy
1218 690 1340 718 mesme,
1363 686 1391 713 et
1415 682 1455 721 j’y
1483 682 1612 720 basliray

270 721 374 751 dessus
392 721 516 759 quelque
538 722 627 752 chose
648 721 684 751 de
706 721 832 752 beau...
848 734 860 748 »

153 763 233 795 3961
264 761 483 794 Gastanos
501 759 715 804 (Fr.-Xav.,
738 761 865 795 comte
885 760 959 806 de),
975 760 1131 796 célèbre
1147 760 1309 806 général
1330 770 1378 794 en
1399 759 1492 794 chef
1507 769 1614 804 espa¬

264 804 357 850 gnol
390 804 436 838 de
469 804 507 839 la
536 814 680 849 guerre
714 804 760 838 de
788 804 1125 849 l’indépendance.
1142 825 1184 831 —
1204 805 1246 840 L.
1274 816 1304 840 s.
1331 815 1379 839 au
1413 805 1540 839 comte
1566 803 1613 838 de

263 848 478 892 Bolvéder;
505 850 635 894 quart,
664 848 752 893 gén.
774 848 820 884 de
849 847 1032 895 Baclajos,
1052 852 1095 885 20
1116 848 1193 885 fév.
1218 852 1312 889 1813,
1337 851 1348 883 1
1375 859 1409 894 p.
1435 850 1496 891 1/2
1516 848 1612 883 in-4.

264 896 362 929 Rare.
954 886 960 895 '
1526 895 1548 928 2
1595 904 1611 924 »

310 938 440 969 Relative
461 939 476 967 h
498 946 536 969 un
559 938 687 975 échange
709 938 744 968 de
766 938 946 974 prisonniers
967 947 1037 970 avec
1058 938 1100 969 les
1122 939 1274 978 Français.

154 979 241 1013 3962
265 978 522 1021 Gavaignac
542 977 590 1021 (le
612 976 801 1021 général),
821 977 914 1012 chef
930 978 980 1012 du
1006 977 1173 1023 pouvoir
1192 976 1372 1012 exécutif
1387 987 1435 1011 en
1456 978 1552 1011 1848.
1572 996 1614 1001 —

264 1022 305 1056 L.
328 1032 361 1056 a.
383 1031 413 1056 8.
435 1031 484 1056 au
506 1021 660 1056 colonel
681 1021 891 1065 Bertrand,
916 1024 1012 1066 1848,
1042 1024 1053 1056 1
1078 1032 1114 1067 p.
1138 1022 1234 1057 in-8.
1526 1023 1547 1055 4
1595 1033 1611 1052 »

309 1066 403 1097 Ordre
424 1067 459 1097 de
481 1067 553 1098 mise
574 1076 608 1097 en
631 1066 733 1098 liberté
753 1068 768 1096 d
783 1075 820 1097 un
842 1068 946 1098 détenu
968 1068 1003 1098 de
1024 1067 1103 1104 Juin,
1128 1079 1140 1093 °
1165 1068 1209 1097 s’il
1233 1075 1267 1098 ne
1289 1068 1358 1106 pèse
1380 1074 1491 1096 aucune
1509 1066 1616 1104 charge

269 1110 370 1136 contre
393 1106 430 1136 lui
463 1119 474 1131 »

154 1147 241 1181 3963
265 1145 521 1179 Cavanilles
540 1144 775 1190 (Ant.-Jos.),
791 1146 931 1180 savant
951 1145 1148 1180 botaniste
1170 1144 1372 1190 espagnol.
1388 1164 1429 1169 —
1448 1143 1491 1178 L.
1513 1154 1547 1178 a.
1569 1154 1614 1186 s.,

264 1199 313 1223 en
339 1188 524 1237 français,
551 1189 573 1223 à
598 1188 750 1224 Firmin
773 1189 912 1233 Didot;
945 1189 1117 1232 Madrid,
1142 1192 1163 1224 5
1182 1188 1275 1234 juil.
1302 1191 1396 1231 1790,
1423 1191 1444 1224 2
1464 1198 1499 1233 p.
1522 1188 1614 1230 in-4,

267 1226 420 1268 cachet.
436 1226 535 1267 'Belle
555 1235 656 1279 pièce.
1529 1235 1549 1267 2
1573 1234 1617 1267 50

313 1279 439 1308 Relative
462 1280 475 1307 ii
498 1280 546 1308 ses
570 1279 810 1314 Dissertations,
835 1278 964 1317 publiées
984 1278 1001 1308 h
1023 1278 1115 1309 Paris,
1140 1278 1208 1309 chez
1231 1278 1326 1308 Didot.

155 1318 242 1352 3964
266 1318 442 1352 Cavour
455 1316 657 1361 (Camille),
682 1317 717 1351 le
734 1317 857 1362 grand
875 1317 1029 1352 homme
1046 1317 1176 1352 d’Etat
1191 1317 1237 1351 de
1254 1316 1397 1352 l’Italie
1413 1315 1613 1350 moderne.

265 1381 307 1386 —
328 1362 369 1396 L.
385 1371 419 1396 a.
435 1371 479 1403 s.,
501 1371 549 1395 en
570 1360 755 1409 français,
775 1364 818 1396 23
839 1361 1001 1404 février,
1021 1359 1042 1396 2
1062 1371 1097 1406 p.
1119 1361 1215 1396 in-8.
1235 1362 1431 1405 Joliepièce.
1506 1363 1545 1395 12
1595 1372 1612 1392 »

314 1409 409 1438 Lettre
428 1416 443 1437 a
461 1415 497 1437 un
511 1405 652 1445 Français
670 1415 716 1445 qui
737 1408 773 1438 lui
793 1407 934 1439 demande
952 1415 988 1437 un
1007 1408 1213 1438 rendez-vous.
1230 1407 1251 1437 11
1267 1405 1398 1446 l’engage
1411 1407 1427 1437 ît
1441 1406 1521 1436 venir
1534 1405 1617 1437 dîner

273 1455 343 1477 avec
364 1447 401 1477 lui
430 1454 499 1477 sans
516 1447 612 1484 façon,
629 1454 663 1477 en
686 1447 846 1485 redingote,
865 1447 920 1478 afin
940 1448 974 1477 de
989 1455 1025 1477 ne
1042 1455 1094 1485 pas
1114 1447 1245 1485 l’obliger
1265 1447 1415 1477 lui-même
1433 1447 1449 1475 à
1469 1446 1542 1476 faire
1562 1446 1616 1476 toi¬

273 1488 349 1517 lette.
373 1498 385 1512 «
407 1486 435 1516 Si
456 1492 528 1516 vous
557 1494 638 1520 avez,
661 1487 750 1522 dit-il,
766 1486 907 1518 conservé
924 1487 1063 1525 quelques
1079 1488 1163 1524 goûts
1178 1486 1431 1524 parlementaires,
1449 1493 1539 1515 venez
1556 1485 1572 1515 à
1589 1485 1615 1515 la

272 1525 427 1555 Chambre.
444 1525 558 1555 Ratazzi
568 1533 641 1554 vous
659 1526 719 1555 fera
740 1526 889 1564 placer...
905 1526 938 1556 Je
949 1534 1022 1556 vous
1037 1528 1166 1563 promets
1182 1534 1237 1556 une
1252 1526 1415 1556 discussion
1429 1533 1510 1554 assez
1518 1525 1614 1554 vive.»

155 1567 242 1601 3965
266 1564 489 1599 Gesarotti
509 1563 738 1608 (Melchior),
761 1563 919 1599 illustre
952 1564 1128 1599 écrivain
1161 1564 1316 1607 italien,
1349 1563 1426 1598 ami
1453 1562 1500 1597 de
1523 1562 1614 1597 Vol¬

265 1608 367 1643 taire
383 1610 423 1642 et
442 1607 492 1642 du
515 1608 638 1652 grand
665 1607 866 1645 Frédéric.—L.
980 1619 1013 1643 a.
1035 1619 1065 1644 s.
1088 1609 1109 1643 à
1128 1608 1299 1654 Pagani;
1320 1608 1494 1649 Padoue,
1519 1609 1614 1650 1792,

268 1655 279 1687 1
300 1663 335 1696 p.
348 1653 442 1687 in-4.
463 1653 549 1687 Belle
563 1654 663 1696 pièce.
1529 1654 1549 1687 3
1598 1664 1614 1684 »

154 1700 240 1733 3966
265 1699 403 1731 Gham
423 1698 430 1735 (
445 1698 503 1738 A.,
524 1698 650 1731 comte
672 1697 717 1732 de
738 1697 834 1740 Noé;
862 1697 946 1741 dit),
969 1698 1004 1732 le
1036 1697 1222 1742 spirituel
1251 1696 1545 1732 caricaturiste.
1573 1716 1614 1721 —

267 1742 309 1777 L.
331 1752 361 1777 s.
383 1743 412 1777 s.
429 1743 527 1776 Chain
534 1768 542 1784 ,
564 1741 585 1775 à
605 1741 649 1776 G.
670 1741 787 1784 Vaëz,
812 1744 823 1776 1
847 1752 883 1787 p.
906 1742 999 1777 in-8.
1530 1743 1550 1775 2
1599 1754 1614 1771 »

155 1789 238 1822 3967
265 1788 323 1820 Le
347 1787 503 1821 même.
534 1805 576 1811 —
613 1785 654 1820 L.
676 1796 709 1821 a.
729 1788 758 1821 s.
791 1788 819 1820 le
835 1789 936 1820 comte
953 1787 997 1821 A.
1009 1787 1049 1820 de
1067 1788 1144 1829 Noc,
1166 1786 1187 1820 à
1211 1785 1262 1821 M.
1284 1785 1514 1827 Desarbres,
1540 1787 1551 1819 1
1577 1796 1613 1830 p.

267 1831 358 1865 in-8.
1523 1832 1544 1864 2
1595 1843 1610 1861 »

155 1878 241 1912 3968
266 1876 601 1918 Ghampionnet,
634 1874 792 1909 illustre
824 1874 985 1920 général
1017 1874 1064 1909 de
1084 1874 1123 1909 la
1142 1874 1407 1920 République.
1429 1894 1471 1900 —
1496 1873 1538 1908 L.
1561 1885 1591 1909 s.
1606 1887 1615 1917 ;

266 1919 393 1961 Paris,
415 1930 462 1953 an
483 1919 567 1961 VII,
592 1921 603 1953 1
628 1929 664 1962 p.
686 1919 781 1954 in-4.
1527 1921 1548 1953 2
1572 1922 1615 1953 50

154 1967 241 1999 3969
265 1965 572 2007 Changarnier
590 1962 812 2008 (N.-A.-T.),
844 1962 999 1998 célèbre
1035 1963 1209 2009 général,
1232 1962 1279 1998 né
1300 1964 1322 1997 à
1340 1965 1489 1998 Autun.
1510 1982 1552 1988 —
1571 1963 1614 1997 L.

267 2019 300 2042 a.
322 2019 351 2043 s.
372 2008 396 2042 à
414 2008 465 2043 M.
486 2007 533 2041 de
553 2008 819 2053 Camprenne;
840 2007 1075 2052 Visigneux,
1100 2010 1222 2050 1841,1
1248 2018 1284 2052 p.
1303 2010 1364 2051 1/2
1383 2008 1475 2042 in-4.
1524 2010 1545 2042 3
1594 2020 1610 2038 »

157 2056 243 2088 3970
268 2053 452 2087 Charles
477 2053 527 2093 X,
548 2051 607 2087 roi
628 2052 674 2086 de
695 2052 857 2087 France.
879 2072 921 2076 —
942 2050 983 2087 L.
1005 2063 1054 2095 a.,
1083 2052 1157 2094 sig.
1189 2054 1224 2087 C.
1256 2055 1294 2087 V.
1322 2051 1614 2097 (Charles-Phi¬

269 2096 399 2141 lippe),
420 2107 468 2131 au
489 2096 770 2131 commandeur
789 2095 847 2140 (de
868 2096 1107 2141 Bulfevent);
1121 2088 1283 2140 liamm,
1303 2100 1322 2130 7
1343 2096 1493 2131 février
1515 2098 1613 2138 1794,

270 2143 281 2175 1
306 2151 341 2185 p.
365 2141 460 2176 in-4.
481 2140 663 2176 Relative
684 2151 761 2175 aux
781 2139 939 2176 affaires
958 2141 1005 2175 de
1025 2141 1307 2185 l’émigration.
1527 2143 1548 2175 5
1596 2153 1612 2173 »

154 2188 236 2220 3971
265 2186 457 2227 Gharlet,
479 2185 634 2230 peintre
655 2187 693 2220 et
714 2185 967 2220 dessinateur
986 2185 1174 2229 original,
1204 2185 1388 2220 créateur
1410 2185 1478 2220 dos
1498 2187 1613 2230 types

265 2229 479 2266 militaires
497 2229 545 2264 de
566 2230 603 2264 la
621 2229 863 2265 Révolution
884 2231 924 2264 et
943 2229 988 2264 do
1010 2230 1210 2275 l’Empire.
1242 2250 1284 2256 —
1314 2230 1362 2265 L.
1383 2240 1416 2265 a.
1444 2240 1473 2265 s.
1507 2230 1529 2264 à
1562 2240 1612 2264 un

266 2274 357 2316 ami,
382 2276 479 2315 1839,
504 2276 515 2308 1
541 2284 576 2318 p.
600 2273 694 2309 in-4.
717 2276 882 2309 Curieuse.
1529 2276 1549 2308 3
1597 2286 1613 2305 »

154 2321 241 2354 3972
265 2319 639 2362 Ghâteaubriand,
661 2319 846 2354 l’illustre
861 2318 1051 2362 écrivain,
1073 2318 1120 2353 de
1141 2317 1378 2354 l’Académie
1402 2318 1612 2366 française.

265 2383 307 2388 —
326 2362 368 2398 L.
390 2373 424 2398 a.
445 2373 474 2398 s.
489 2375 497 2405 ;
520 2363 646 2406 Paris,
670 2365 766 2405 1823,
791 2365 802 2397 1
829 2372 863 2407 p.
885 2356 982 2398 in-4.
1528 2364 1548 2397 4
1597 2375 1612 2394 »

155 2409 242 2442 3973
267 2408 494 2451 Ghevigné
515 2407 569 2451 (le
589 2410 716 2442 comte
745 2407 823 2451 de),
852 2410 998 2442 auteur
1026 2407 1092 2443 des
1123 2408 1235 2443 Contes
1253 2408 1370 2441 rémois
1373 2431 1385 2444 .
1404 2426 1445 2432 —
1464 2406 1507 2441 L.
1529 2417 1562 2442 a.
1584 2417 1613 2441 s.

266 2462 315 2487 au
336 2452 543 2497 sculpteur
560 2452 661 2497 Aug.
683 2451 829 2496 Debay,
852 2453 947 2494 1857,
971 2454 982 2486 1
1008 2460 1043 2496 p.
1066 2451 1161 2487 in-8.
1527 2453 1548 2486 2
1596 2463 1613 2482 »

313 2497 413 2527 Prière
427 2498 462 2527 de
480 2497 519 2526 les
533 2496 632 2535 guider
651 2498 666 2526 h
688 2496 870 2534 l’exposition
894 2501 947 2527 des
973 2496 1156 2532 beaux-urts,
1188 2496 1225 2526 lui
1253 2498 1281 2526 et
1310 2496 1375 2526 M®*
1402 2496 1534 2534 Clicquot
1560 2496 1568 2535 (
1583 2504 1614 2526 sa

273 2535 452 2567 belle-mère.
471 2537 480 2573 }

156 2576 241 2609 3974
268 2575 514 2609 Condorcet
532 2574 580 2624 (le
601 2584 724 2619 marq.
750 2573 823 2619 de),
852 2573 1011 2609 illustre
1032 2573 1208 2609 écrivain
1230 2575 1270 2608 et
1289 2573 1610 2612 conventionnel,

267 2617 313 2652 de
334 2618 570 2653 l’Académie
591 2618 799 2666 française.
819 2637 860 2643 —
889 2617 992 2652 Jolie
1014 2617 1122 2663 pièce
1143 2621 1225 2654 aut.
1247 2618 1342 2663 sig.;
1363 2618 1490 2660 Paris,
1515 2619 1610 2659 1776,

270 2663 330 2702 1/2
350 2672 385 2707 p.
408 2662 490 2697 in-8
511 2661 668 2707 oblong.
688 2655 699 2666 ’
1526 2665 1546 2696 7
1596 2674 1612 2692 »
