1841 2972
850 187 896 225 —
930 187 972 225 14
1001 209 1048 216 —

219 284 301 318 4191
329 284 494 318 Dibdin
508 284 824 337 (Th.-Frognall).
842 285 878 319 le
898 285 988 330 plus
1004 285 1128 338 grand
1144 285 1419 330 bibliographe
1439 285 1485 319 de
1506 284 1679 330 l’Angle¬

328 329 450 363 terre.
469 350 506 354 —
531 329 572 364 L.
594 340 628 364 a.
650 339 679 364 s.
696 340 718 364 a
736 329 949 364 Renouard
966 343 974 374 ;
997 329 1261 375 lvensington,
1282 333 1302 364 8
1311 329 1453 374 juillet
1474 331 1570 371 1813,
1604 332 1615 363 1
1641 340 1678 375 p.

331 372 423 415 in-4,
445 373 583 408 cachet
602 374 625 408 à
643 384 713 409 son
734 373 886 409 chiffre.
1594 376 1615 409 3
1661 387 1677 406 »

377 418 468 447 Envoi
485 418 520 448 de
537 419 591 449 son
609 419 824 455 Spencerianu
852 427 926 457 pour
940 419 1038 449 divers
1059 418 1107 449 bib
1120 418 1252 456 iophilcs.
1285 418 1304 448 Il
1322 420 1395 449 aime
1413 420 1451 449 M.
1471 418 1603 456 Peignot,
1631 420 1678 456 qui

338 460 382 486 est
396 457 421 487 le
439 458 503 494 plus
518 457 607 488 brave
629 459 681 489 des
694 459 837 495 hommes,
861 462 888 488 et
908 459 925 488 il
938 458 1041 496 espère
1063 458 1131 496 qu'il
1150 459 1261 488 voudra
1275 457 1338 488 bien
1354 458 1391 488 lui
1408 456 1512 496 écrire,
1538 458 1573 488 de
1588 458 1681 488 même

339 502 395 531 que
416 496 453 525 M.
474 496 535 526 Van
556 496 650 527 Pract.
669 497 813 535 Quelques
833 500 907 527 mots
927 505 978 527 sur
995 498 1047 527 des
1064 497 1163 528 Aides.

223 545 309 578 4192
333 545 392 579 Le
410 546 567 581 même.
582 566 624 571 —
638 546 680 581 L.
703 557 737 581 a.
759 557 789 581 s.
811 556 859 581 au
883 546 1028 590 même;
1047 545 1312 590 Kensington,
1332 544 1471 591 16juin
1489 547 1584 585 1814,
1605 548 1625 580 2
1645 556 1679 591 p.

333 588 429 631 in-8,
452 590 590 625 cachet
609 591 632 625 à
656 590 813 633 l’encre,
835 601 929 625 avec
948 591 985 626 le
1006 592 1088 625 mot
1111 591 1232 625 Aldus.
1596 593 1616 625 3
1639 593 1682 625 50

384 634 512 665 Relative
539 636 554 665 à
574 635 606 665 sa
623 635 815 666 Bibliothecu
832 638 1060 674 spenccnàna,
1086 636 1153 666 dont
1185 635 1204 665 il
1232 643 1268 664 ne
1301 638 1369 673 peut
1400 635 1465 673 plus
1489 634 1599 665 fournir
1626 643 1682 672 que

339 673 358 701 6
388 674 592 711 exemplaires,
622 683 655 704 en
674 676 716 705 les
738 677 927 712 augmentant
957 675 992 705 de
1016 675 1034 704 8
1065 675 1113 704 liv.
1145 675 1164 704 8
1190 673 1237 705 sb.
1261 674 1300 704 Le
1320 674 1384 711 prix
1402 673 1525 712 primitif
1550 673 1618 704 était
1647 675 1683 704 de

344 713 378 741 15
398 712 445 742 liv.
471 714 517 743 15.
534 713 553 743 Il
568 716 693 751 regrette
703 715 738 745 de
753 714 866 744 n’avoir
885 721 938 753 pas
956 722 989 745 eu
1007 714 1031 744 la
1051 713 1144 743 bonne
1159 715 1270 744 fortune
1283 714 1318 743 de
1334 715 1396 744 voir
1409 714 1447 743 M.
1464 713 1612 751 Crapelet,
1626 717 1681 745 etc.

224 759 311 792 4193
333 758 393 790 Le
411 758 568 792 même.
587 777 631 783 —
653 758 697 793 L.
718 768 753 793 a.
772 767 802 792 s.
832 769 882 792 au
902 757 1028 793 même
1044 770 1053 801 ;
1074 757 1255 803 Brigton,
1275 759 1318 793 30
1331 755 1424 802 juin
1463 758 1558 798 1814,
1594 758 1615 791 3
1645 767 1682 801 p.

337 803 348 835 1
362 803 399 843 /2
418 800 510 836 in-4.
1594 802 1615 834 6
1664 813 1680 832 »

380 847 478 883 Epitre
492 847 767 883 très-intéressante,
783 847 856 877 dans
870 847 993 885 laquelle
1007 848 1024 877 il
1037 846 1131 877 réfute
1144 846 1187 876 les
1203 846 1340 884 critiques
1359 846 1428 876 dont
1445 845 1477 875 sa
1495 844 1684 875 Bibliolheca

341 885 555 923 spencerianu
580 894 595 915 a
616 886 660 916 été
678 887 786 924 l'objet,
813 886 949 924 critiques
963 886 1111 916 résumées
1130 893 1164 915 en
1183 893 1232 915 ces
1253 888 1327 916 mots
1342 898 1349 915 :
1369 896 1381 910 »
1405 886 1444 914 De
1460 884 1559 915 vielles
1576 885 1613 914 foi
1621 892 1684 915 mes

341 924 376 953 de
415 924 514 954 lettres
543 932 595 954 sur
632 925 670 954 du
705 926 804 963 papier
838 929 900 956 tout
927 926 1065 956 moderne
1104 928 1147 955 est
1181 932 1219 954 un
1250 925 1472 955 anachronisme
1515 931 1570 961 que
1612 931 1684 954 nous

341 966 480 993 trouvons
496 967 557 994 tout
576 964 592 993 à
609 963 659 994 fait
673 964 823 1002 singulier.
842 977 854 990 »
888 965 973 995 Selon
990 965 1040 1001 lui,
1068 964 1110 994 les
1125 963 1339 1001 bibliographes
1356 963 1500 1001 parisiens
1516 964 1684 994 raisonnent

342 1001 398 1032 fort
413 1003 469 1032 mal
491 1011 541 1032 sur
557 1003 599 1032 les
618 1003 701 1033 vieux
719 1003 805 1034 livres
823 1005 839 1034 à
862 1003 970 1041 ligures
1000 1007 1028 1034 et
1043 1004 1059 1034 h
1072 1003 1169 1033 lettres
1188 1003 1302 1033 ornées.
1336 1003 1522 1037 Néanmoins,
1540 1002 1558 1031 il
1575 1010 1606 1032 se
1620 1010 1686 1039 pro¬

344 1049 413 1078 pose
442 1042 478 1072 de
491 1041 554 1071 leur
572 1043 676 1071 rendre
692 1043 775 1072 visite
790 1044 1037 1081 prochainement.,
1065 1042 1136 1072 dans
1151 1042 1176 1072 le
1192 1048 1303 1080 voyage
1330 1042 1400 1079 qu’il
1419 1049 1453 1072 va
1479 1042 1686 1079 entreprendre

343 1082 432 1110 avant
459 1080 484 1111 la
509 1080 682 1119 publication
712 1081 747 1111 de
760 1083 811 1112 son
834 1083 1037 1115 Uccameron,
1066 1084 1095 1111 et
1116 1082 1134 1111 il
1149 1089 1181 1111 se
1195 1089 1319 1119 propose
1346 1081 1439 1111 même
1462 1081 1498 1110 de
1528 1080 1685 1111 demander

345 1120 422 1149 leurs
439 1120 578 1157 portraits
595 1121 611 1150 k
626 1121 691 1150 MM.
709 1121 768 1150 Van
787 1121 885 1157 Praet,
904 1121 1069 1155 Renouard,
1086 1120 1121 1150 de
1141 1121 1225 1155 Dure,
1248 1122 1354 1150 Brunet
1366 1124 1391 1149 et
1407 1119 1539 1150 Barbier.
1556 1119 1683 1150 Curieux

338 1158 440 1189 détails
458 1167 510 1189 sur
528 1159 564 1189 un
582 1159 720 1190 Arislot»
747 1161 798 1190 des
814 1161 901 1191 Aides
918 1161 989 1198 qu’il
1007 1160 1092 1190 laisse
1117 1168 1190 1197 pour
1207 1162 1320 1198 compte
1348 1160 1364 1189 k
1383 1159 1539 1190 Renouard
1574 1166 1684 1189 comme

344 1197 525 1229 défectueux.

227 1247 314 1280 4194
338 1247 398 1280 Le
416 1248 573 1283 même.
593 1269 630 1275 —
646 1247 688 1283 L.
705 1259 738 1283 a.
760 1259 789 1283 s.
811 1259 859 1284 au
881 1248 1057 1301 marquis
1077 1248 1123 1283 de
1145 1247 1460 1294 Chàteaugiron;
1493 1246 1681 1285 Londres,

336 1294 356 1325 7
378 1291 456 1326 mai
480 1294 576 1335 1834,
601 1294 612 1326 1
637 1303 672 1338 p.
695 1293 786 1336 in-4,
808 1294 947 1329 cachet
966 1294 988 1328 à
1006 1304 1075 1329 son
1096 1292 1248 1328 chiffre.
1599 1293 1619 1326 3
1666 1304 1682 1323 »

386 1337 516 1367 Relative
549 1339 564 1367 k
581 1338 632 1368 son
656 1338 779 1377 Voyage
799 1338 922 1378 bibliog.
948 1347 982 1369 en
1002 1337 1196 1376 Angleterre,
1226 1346 1263 1368 en
1282 1337 1398 1368 Ecosse
1425 1340 1450 1368 c!
1478 1345 1516 1367 en
1545 1335 1684 1373 Irlande,

345 1375 415 1405 dont
428 1376 453 1406 le
472 1379 645 1415 prospectus
660 1382 704 1407 est
717 1378 851 1416 imprimé
868 1387 919 1408 sur
938 1386 992 1408 une
1011 1386 1084 1416 page
1099 1379 1133 1408 de
1147 1379 1171 1407 la
1191 1378 1283 1409 lettre.

230 1427 317 1460 4195
340 1426 760 1470 Ducray-Duminil,
780 1427 816 1462 le
837 1427 1046 1464 charmant
1072 1427 1295 1462 romancier
1324 1425 1521 1469 enfantin,
1542 1427 1686 1460 auteur

341 1469 388 1505 de
414 1472 525 1505 Victor
542 1482 583 1505 ou
606 1472 760 1514 l’Enfant
782 1473 822 1506 de
852 1473 885 1506 la
900 1475 996 1515 foret.
1017 1493 1054 1499 —
1081 1472 1125 1507 L.
1146 1483 1180 1507 a.
1206 1483 1236 1507 s.
1258 1472 1280 1506 à
1298 1471 1469 1516 Capelle,
1493 1473 1588 1513 1808,
1613 1472 1624 1504 1
1649 1480 1686 1515 p.

340 1513 458 1549 in-12.
478 1515 662 1550 Relative
683 1527 732 1550 au
753 1516 905 1551 Caveau
928 1516 1129 1552 moderne.
1601 1517 1622 1549 2
1669 1526 1685 1546 »

232 1571 320 1603 4196
343 1571 512 1604 Dumas
531 1570 680 1615 (Alex.),
702 1571 738 1606 le
757 1571 882 1616 grand
903 1571 1139 1607 romancier.
1163 1592 1195 1598 —
1209 1571 1253 1607 L.
1268 1582 1301 1607 a.
1323 1581 1353 1607 s.
1374 1571 1397 1605 à
1416 1581 1469 1606 un
1488 1569 1686 1611 ministre,

341 1613 433 1649 in-8.
1606 1616 1618 1648 1
1646 1616 1689 1648 50

232 1665 318 1697 4197
343 1665 606 1709 Dupanloup
627 1665 776 1710 (Félix),
797 1665 950 1701 célèbre
970 1666 1117 1711 évêque
1137 1665 1351 1700 d’Orléans.
1389 1685 1424 1691 —
1454 1664 1498 1699 L.
1519 1674 1569 1706 s.,
1592 1665 1688 1700 1856,

345 1710 356 1742 1
382 1718 418 1753 p.
440 1708 533 1744 in-8.
1606 1709 1616 1742 1
1645 1710 1689 1742 25

231 1759 318 1791 4198
341 1759 486 1793 Favre
506 1759 654 1804 (Jules),
681 1759 717 1794 le
738 1760 891 1795 célèbre
911 1761 1086 1803 orateur,
1103 1760 1148 1795 de
1170 1759 1404 1795 l’Académie
1424 1757 1689 1807 française.—

341 1802 386 1837 L.
408 1813 458 1846 a.,
473 1803 550 1849 sig.
569 1806 658 1839 Jules
662 1831 671 1847 ,
693 1805 716 1839 à
734 1815 787 1839 un
808 1804 900 1848 ami,
925 1807 1021 1848 1853,
1045 1807 1056 1839 1
1081 1815 1116 1850 p.
1138 1795 1229 1840 in-8.
1522 1795 1533 1807 J
1603 1805 1624 1837 2
1671 1814 1687 1834 »

232 1859 319 1892 4199
342 1859 607 1903 Fellenberg
643 1859 820 1903 (Ph.-Em
824 1861 847 1882 cl
854 1861 875 1904 .)
912 1860 1071 1895 illustre
1093 1860 1371 1905 philanthrope
1392 1858 1530 1900 suisse,
1552 1856 1690 1892 fonda¬

343 1904 437 1937 teur
454 1903 501 1938 de
523 1904 717 1939 l’Institut
736 1903 946 1949 d’Hofwyl,
984 1914 1154 1948 corresp.
1176 1905 1222 1939 de
1243 1904 1437 1939 l’Institut
1456 1903 1502 1937 de
1523 1902 1688 1937 France.

342 1965 381 1971 —
399 1947 442 1982 L.
464 1959 498 1983 a.
519 1959 549 1983 s.
566 1959 614 1983 au
636 1948 794 1994 général
808 1948 911 1990 Vial,
926 1948 1206 1984 ambassadeur
1224 1959 1273 1984 en
1293 1948 1427 1984 Suisse
1443 1960 1452 1992 ;
1471 1950 1484 1982 1
1489 1953 1517 1969 er
1531 1945 1692 1992 janvier

349 1992 360 2024 1
384 2001 420 2036 p.
446 1994 507 2035 1/2
525 1992 617 2027 in-4.
1604 1993 1626 2026 5
1672 2003 1689 2022 »

396 2038 525 2068 Relative
554 2041 569 2067 k
602 2046 654 2068 son
690 2038 804 2068 Institut
825 2037 982 2076 d’Hofwyl.
1013 2039 1038 2069 A
1066 2040 1138 2069 cette
1170 2038 1251 2068 lettre
1285 2042 1328 2069 est
1351 2037 1440 2076 jointe
1469 2037 1495 2066 lit
1520 2036 1628 2067 minute
1657 2036 1693 2065 de

356 2075 382 2104 la
401 2076 526 2114 réponse
556 2078 592 2107 du
610 2077 726 2115 général
742 2078 818 2113 Vial,
848 2080 876 2107 et
888 2078 914 2107 la
929 2077 1012 2114 copie
1042 2077 1127 2108 d’une
1140 2078 1223 2107 lettre
1249 2078 1284 2108 de
1301 2078 1335 2109 C.
1353 2078 1444 2107 Pictet
1462 2077 1479 2106 k
1497 2075 1639 2113 François
1657 2076 1693 2105 de

355 2115 566 2152 Ncufchâteau,
584 2118 680 2154 pièces
696 2116 979 2147 très-intéressantes
994 2125 1044 2147 sur
1057 2120 1131 2147 cette
1143 2118 1312 2148 institution.

236 2167 323 2200 4200
346 2167 603 2200 Ferdinand
637 2167 711 2208 III,
754 2176 965 2211 empereur
995 2166 1285 2211 d’Allemagne,
1329 2166 1397 2211 qui
1429 2164 1620 2200 continua
1656 2163 1694 2198 la

346 2220 491 2254 guerre
512 2210 559 2244 de
579 2212 710 2245 trente
731 2220 814 2252 ans,
835 2213 876 2245 et
895 2211 1011 2256 signa
1029 2210 1068 2245 la
1087 2210 1176 2255 paix
1190 2211 1236 2245 de
1257 2209 1518 2257 Westphaiie,
1542 2209 1607 2253 qui
1630 2218 1695 2254 ga¬

345 2254 472 2289 rantit
492 2254 530 2289 la
550 2254 692 2289 liberté
712 2254 758 2289 de
779 2255 1009 2290 conscience
1031 2255 1053 2289 à
1066 2255 1339 2300 l’Allemagne.
1371 2275 1408 2279 —
1433 2255 1476 2289 L.
1509 2265 1543 2288 a.
1568 2264 1612 2295 s.,
1645 2263 1693 2287 en

346 2298 502 2341 italien,
524 2299 547 2333 à
564 2298 684 2334 Louis
702 2299 815 2341 XIV;
836 2299 1004 2342 Vienne,
1024 2301 1067 2334 24
1081 2298 1173 2344 juin
1190 2302 1319 2343 1656,2
1338 2309 1374 2344 p.
1395 2296 1483 2335 in-f.
1608 2299 1629 2332 6
1676 2309 1692 2328 »

394 2345 490 2374 Lettre
505 2344 644 2382 politique
655 2344 721 2374 d’un
742 2345 811 2374 haut
825 2345 938 2375 intérêt.
964 2361 1002 2366 —
1026 2344 1212 2382 L’empereur
1230 2347 1358 2382 proteste
1372 2345 1406 2375 de
1426 2353 1458 2374 sa
1479 2343 1567 2373 ferme
1580 2343 1696 2372 volonté

353 2385 368 2412 k
388 2383 541 2413 maintenir
558 2384 600 2413 les
616 2383 777 2414 conditions
793 2384 828 2413 de
848 2385 872 2414 la
893 2385 959 2422 paix
975 2385 1011 2414 de
1029 2384 1158 2414 Munster
1172 2384 1279 2423 (signée
1296 2392 1330 2415 en
1348 2382 1446 2421 1618),
1474 2385 1502 2412 et
1519 2382 1537 2411 il
1556 2389 1657 2412 assure
1672 2382 1696 2411 le

352 2422 394 2452 roi
414 2423 480 2459 qu'il
512 2422 588 2453 n’est
619 2430 690 2459 pour
707 2422 766 2453 rien
786 2423 859 2453 dans
873 2424 899 2453 la
916 2423 1030 2454 lenteur
1057 2423 1107 2453 des
1123 2424 1319 2460 négociations
1337 2424 1372 2454 de
1400 2422 1563 2453 Francfort.
1588 2421 1696 2458 Malgré

354 2461 396 2491 les
416 2461 558 2492 hostilités
570 2463 769 2492 commencées
786 2466 867 2492 entre
883 2462 1038 2501 l'Espagne
1052 2464 1081 2493 et
1098 2463 1121 2491 la
1141 2463 1265 2499 France,
1284 2463 1302 2492 il
1316 2470 1351 2492 ne
1376 2463 1445 2499 perd
1465 2468 1519 2499 pas
1530 2459 1648 2498 l’espoir
1661 2460 1696 2490 de

354 2501 418 2530 voir
432 2501 456 2530 la
476 2501 542 2538 paix
561 2509 593 2531 se
612 2502 739 2531 rétablir.
758 2501 811 2538 (En
824 2509 856 2531 ce
877 2505 1016 2536 moment,
1039 2501 1168 2532 Mazarin
1194 2502 1334 2540 négociait
1357 2509 1426 2531 avec
1440 2499 1552 2531 Madrid
1571 2507 1644 2538 pour
1671 2500 1697 2529 le

355 2539 484 2577 mariage
503 2541 538 2570 de
565 2540 692 2570 l’infante
712 2540 948 2571 Marie-Thérèse
975 2548 1044 2570 avec
1065 2540 1091 2570 le
1106 2542 1162 2576 roi,
1181 2542 1307 2578 pendant
1332 2548 1387 2578 que
1404 2537 1567 2570 Ferdinand
1589 2539 1625 2567 lll
1645 2538 1695 2568 de¬

356 2579 482 2609 mandait
497 2582 571 2609 celte,
588 2579 682 2609 mémo
701 2581 848 2617 princesse
864 2588 938 2617 pour
953 2587 1005 2609 son
1024 2579 1068 2610 fils
1085 2580 1237 2617 Léopold.)

240 2624 322 2658 4201
350 2624 598 2658 Feuchères
624 2622 778 2668 (Sophie
798 2623 948 2666 Dawes,
970 2623 1144 2658 baronne
1165 2623 1237 2667 de),
1252 2622 1457 2659 maîtresse
1472 2622 1523 2656 du
1536 2621 1697 2656 dernier

350 2667 417 2703 des
443 2667 586 2703 Condé.
605 2688 641 2694 —
661 2667 703 2703 L.
726 2678 759 2703 a.
780 2678 826 2710 s.,
846 2679 895 2703 en
921 2668 1090 2713 anglais,
1121 2668 1144 2702 à
1173 2668 1347 2713 Georges
1372 2667 1536 2713 Manby;
1568 2665 1696 2702 Saint-
