<?xml version="1.0" encoding="UTF-8" standalone="yes"?>
<PcGts xmlns="http://schema.primaresearch.org/PAGE/gts/pagecontent/2013-07-15" xmlns:xsi="http://www.w3.org/2001/XMLSchema-instance" xsi:schemaLocation="http://schema.primaresearch.org/PAGE/gts/pagecontent/2013-07-15 http://schema.primaresearch.org/PAGE/gts/pagecontent/2013-07-15/pagecontent.xsd">
    <Metadata>
        <Creator></Creator>
        <Created>2018-04-27T11:50:57.771+02:00</Created>
        <LastChange>2018-09-28T22:05:19.574+02:00</LastChange>
        <Comments>
                Measurement unit: pixel
                PrimaryLanguage: English
                Language: FrenchStandard
                Producer: ABBYY FineReader Engine 11</Comments>
        <TranskribusMetadata docId="164153" pageId="6045862" pageNr="94" tsid="10277957" status="DONE" userId="10612" imgUrl="https://files.transkribus.eu/Get?id=VWVUFZBPXXNIGMMUCDGTXHAP&amp;fileType=view" xmlUrl="https://files.transkribus.eu/Get?id=AHPXSVTMQDJKMMZNZNOSPCRG" imageId="1316152"/>
    </Metadata>
    <Page imageFilename="2-REV DES AUTO 1868-69 OCR-94.png" imageWidth="1841" imageHeight="2972">
        <PrintSpace>
            <Coords points="207,156 1717,157 1717,2696 219,2692"/>
        </PrintSpace>
        <ReadingOrder>
            <OrderedGroup id="ro_1604139635213" caption="Regions reading order">
                <RegionRefIndexed index="0" regionRef="region_1538164951266_363"/>
                <RegionRefIndexed index="1" regionRef="r_2_1"/>
                <RegionRefIndexed index="2" regionRef="r_2_2"/>
                <RegionRefIndexed index="3" regionRef="r_2_3"/>
                <RegionRefIndexed index="4" regionRef="r_2_4"/>
                <RegionRefIndexed index="5" regionRef="r_2_5"/>
                <RegionRefIndexed index="6" regionRef="r_2_6"/>
                <RegionRefIndexed index="7" regionRef="r_2_7"/>
                <RegionRefIndexed index="8" regionRef="r_2_8"/>
            </OrderedGroup>
        </ReadingOrder>
        <TextRegion id="region_1538164951266_363" custom="readingOrder {index:0;}">
            <Coords points="867,147 867,209 1037,209 1037,147"/>
            <TextLine id="line_1538164951356_364" custom="readingOrder {index:0;}">
                <Coords points="875,147 953,159 1029,147 1037,196 953,209 867,196"/>
                <Baseline points="868,191 953,204 1036,191"/>
                <Word id="word_1538164962569_365" custom="readingOrder {index:0;}">
                    <Coords points="866,178 910,178 910,190 866,190"/>
                    <TextEquiv>
                        <Unicode></Unicode>
                    </TextEquiv>
                </Word>
                <Word id="word_1538164965112_366" custom="readingOrder {index:1;}">
                    <Coords points="937,158 963,158 963,199 937,199"/>
                    <TextEquiv>
                        <Unicode></Unicode>
                    </TextEquiv>
                </Word>
                <Word id="word_1538164968092_367" custom="readingOrder {index:2;}">
                    <Coords points="989,181 1036,181 1036,191 989,191"/>
                    <TextEquiv>
                        <Unicode></Unicode>
                    </TextEquiv>
                </Word>
                <TextEquiv>
                    <Unicode>- 6 -</Unicode>
                </TextEquiv>
            </TextLine>
            <TextEquiv>
                <Unicode>- 6 -</Unicode>
            </TextEquiv>
        </TextRegion>
        <TextRegion type="paragraph" id="r_2_1" custom="readingOrder {index:1;}">
            <Coords points="222,260 1685,260 1685,713 222,713"/>
            <TextLine id="tl_2" primaryLanguage="English" custom="readingOrder {index:0;}">
                <Coords points="223,261 1679,261 1679,313 223,313"/>
                <Baseline points="223,296 1679,296"/>
                <Word id="w_w1aab1b3b2b1b1ab1" language="English" custom="readingOrder {index:0;}">
                    <Coords points="223,272 266,272 266,297 223,297"/>
                    <TextEquiv>
                        <Unicode>sa</Unicode>
                    </TextEquiv>
                    <TextStyle fontFamily="Times New Roman" fontSize="10.0"/>
                </Word>
                <Word id="w_w1aab1b3b2b1b1ab7" language="English" custom="readingOrder {index:1;}">
                    <Coords points="284,262 503,262 503,306 284,306"/>
                    <TextEquiv>
                        <Unicode>détention,</Unicode>
                    </TextEquiv>
                    <TextStyle fontFamily="Times New Roman" fontSize="10.0"/>
                </Word>
                <Word id="w_w1aab1b3b2b1b1ac29" language="English" custom="readingOrder {index:2;}">
                    <Coords points="524,273 594,273 594,308 524,308"/>
                    <TextEquiv>
                        <Unicode>par</Unicode>
                    </TextEquiv>
                    <TextStyle fontFamily="Times New Roman" fontSize="10.0"/>
                </Word>
                <Word id="w_w1aab1b3b2b1b1ac37" language="English" custom="readingOrder {index:3;}">
                    <Coords points="613,262 651,262 651,298 613,298"/>
                    <TextEquiv>
                        <Unicode>la</Unicode>
                    </TextEquiv>
                    <TextStyle fontFamily="Times New Roman" fontSize="10.0"/>
                </Word>
                <Word id="w_w1aab1b3b2b1b1ac43" language="English" custom="readingOrder {index:4;}">
                    <Coords points="665,261 788,261 788,313 665,313"/>
                    <TextEquiv>
                        <Unicode>jeune</Unicode>
                    </TextEquiv>
                    <TextStyle fontFamily="Times New Roman" fontSize="10.0"/>
                </Word>
                <Word id="w_w1aab1b3b2b1b1ac55" language="English" custom="readingOrder {index:5;}">
                    <Coords points="808,261 905,261 905,304 808,304"/>
                    <TextEquiv>
                        <Unicode>fille,</Unicode>
                    </TextEquiv>
                    <TextStyle fontFamily="Times New Roman" fontSize="10.0"/>
                </Word>
                <Word id="w_w1aab1b3b2b1b1ac69" language="English" custom="readingOrder {index:6;}">
                    <Coords points="925,271 967,271 967,296 925,296"/>
                    <TextEquiv>
                        <Unicode>sa</Unicode>
                    </TextEquiv>
                    <TextStyle fontFamily="Times New Roman" fontSize="10.0"/>
                </Word>
                <Word id="w_w1aab1b3b2b1b1ac75" language="English" custom="readingOrder {index:7;}">
                    <Coords points="985,271 1199,271 1199,306 985,306"/>
                    <TextEquiv>
                        <Unicode>compagne</Unicode>
                    </TextEquiv>
                    <TextStyle fontFamily="Times New Roman" fontSize="10.0"/>
                </Word>
                <Word id="w_w1aab1b3b2b1b1ac93" language="English" custom="readingOrder {index:8;}">
                    <Coords points="1222,261 1268,261 1268,296 1222,296"/>
                    <TextEquiv>
                        <Unicode>de</Unicode>
                    </TextEquiv>
                    <TextStyle fontFamily="Times New Roman" fontSize="10.0"/>
                </Word>
                <Word id="w_w1aab1b3b2b1b1ac99" language="English" custom="readingOrder {index:9;}">
                    <Coords points="1289,261 1338,261 1338,296 1289,296"/>
                    <TextEquiv>
                        <Unicode>lit</Unicode>
                    </TextEquiv>
                    <TextStyle fontFamily="Times New Roman" fontSize="10.0"/>
                </Word>
                <Word id="w_w1aab1b3b2b1b1ad107" language="English" custom="readingOrder {index:10;}">
                    <Coords points="1357,262 1380,262 1380,296 1357,296"/>
                    <TextEquiv>
                        <Unicode>à</Unicode>
                    </TextEquiv>
                    <TextStyle fontFamily="Times New Roman" fontSize="10.0"/>
                </Word>
                <Word id="w_w1aab1b3b2b1b1ad111" language="English" custom="readingOrder {index:11;}">
                    <Coords points="1404,261 1579,261 1579,304 1404,304"/>
                    <TextEquiv>
                        <Unicode>Orléans,</Unicode>
                    </TextEquiv>
                    <TextStyle fontFamily="Times New Roman" fontSize="10.0"/>
                </Word>
                <Word id="w_w1aab1b3b2b1b1ad129" language="English" custom="readingOrder {index:12;}">
                    <Coords points="1613,262 1679,262 1679,306 1613,306"/>
                    <TextEquiv>
                        <Unicode>qui</Unicode>
                    </TextEquiv>
                    <TextStyle fontFamily="Times New Roman" fontSize="10.0"/>
                </Word>
                <TextEquiv>
                    <Unicode>sa détention, par la jeune fille, sa compagne de lit à Orléans, qui</Unicode>
                </TextEquiv>
                <TextStyle fontFamily="Times New Roman" fontSize="10.0"/>
            </TextLine>
            <TextLine id="tl_3" primaryLanguage="English" custom="readingOrder {index:1;}">
                <Coords points="224,306 1682,306 1682,343 224,343"/>
                <Baseline points="224,341 1682,341"/>
                <Word id="w_w1aab1b3b2b1b3ab1" language="English" custom="readingOrder {index:0;}">
                    <Coords points="224,307 324,307 324,342 224,342"/>
                    <TextEquiv>
                        <Unicode>était</Unicode>
                    </TextEquiv>
                    <TextStyle fontFamily="Times New Roman" fontSize="10.0"/>
                </Word>
                <Word id="w_w1aab1b3b2b1b3ac13" language="English" custom="readingOrder {index:1;}">
                    <Coords points="343,307 492,307 492,342 343,342"/>
                    <TextEquiv>
                        <Unicode>admise</Unicode>
                    </TextEquiv>
                    <TextStyle fontFamily="Times New Roman" fontSize="10.0"/>
                </Word>
                <Word id="w_w1aab1b3b2b1b3ac27" language="English" custom="readingOrder {index:2;}">
                    <Coords points="519,307 541,307 541,342 519,342"/>
                    <TextEquiv>
                        <Unicode>à</Unicode>
                    </TextEquiv>
                    <TextStyle fontFamily="Times New Roman" fontSize="10.0"/>
                </Word>
                <Word id="w_w1aab1b3b2b1b3ac31" language="English" custom="readingOrder {index:3;}">
                    <Coords points="570,308 609,308 609,343 570,343"/>
                    <TextEquiv>
                        <Unicode>la</Unicode>
                    </TextEquiv>
                    <TextStyle fontFamily="Times New Roman" fontSize="10.0"/>
                </Word>
                <Word id="w_w1aab1b3b2b1b3ac37" language="English" custom="readingOrder {index:4;}">
                    <Coords points="636,307 792,307 792,342 636,342"/>
                    <TextEquiv>
                        <Unicode>visiter.</Unicode>
                    </TextEquiv>
                    <TextStyle fontFamily="Times New Roman" fontSize="10.0"/>
                </Word>
                <Word id="w_w1aab1b3b2b1b3ac55" language="English" custom="readingOrder {index:5;}">
                    <Coords points="823,307 1029,307 1029,342 823,342"/>
                    <TextEquiv>
                        <Unicode>Comment</Unicode>
                    </TextEquiv>
                    <TextStyle fontFamily="Times New Roman" fontSize="10.0"/>
                </Word>
                <Word id="w_w1aab1b3b2b1b3ac71" language="English" custom="readingOrder {index:6;}">
                    <Coords points="1060,306 1096,306 1096,341 1060,341"/>
                    <TextEquiv>
                        <Unicode>le</Unicode>
                    </TextEquiv>
                    <TextStyle fontFamily="Times New Roman" fontSize="10.0"/>
                </Word>
                <Word id="w_w1aab1b3b2b1b3ac77" language="English" custom="readingOrder {index:7;}">
                    <Coords points="1125,306 1250,306 1250,341 1125,341"/>
                    <TextEquiv>
                        <Unicode>même</Unicode>
                    </TextEquiv>
                    <TextStyle fontFamily="Times New Roman" fontSize="10.0"/>
                </Word>
                <Word id="w_w1aab1b3b2b1b3ac87" language="English" custom="readingOrder {index:8;}">
                    <Coords points="1282,306 1463,306 1463,341 1282,341"/>
                    <TextEquiv>
                        <Unicode>individu</Unicode>
                    </TextEquiv>
                    <TextStyle fontFamily="Times New Roman" fontSize="10.0"/>
                </Word>
                <Word id="w_w1aab1b3b2b1b3ad105" language="English" custom="readingOrder {index:9;}">
                    <Coords points="1496,306 1682,306 1682,342 1496,342"/>
                    <TextEquiv>
                        <Unicode>aurait-il</Unicode>
                    </TextEquiv>
                    <TextStyle fontFamily="Times New Roman" fontSize="10.0"/>
                </Word>
                <TextEquiv>
                    <Unicode>était admise à la visiter. Comment le même individu aurait-il</Unicode>
                </TextEquiv>
                <TextStyle fontFamily="Times New Roman" fontSize="10.0"/>
            </TextLine>
            <TextLine id="tl_4" primaryLanguage="English" custom="readingOrder {index:2;}">
                <Coords points="224,351 1684,351 1684,397 224,397"/>
                <Baseline points="224,386 1684,386"/>
                <Word id="w_w1aab1b3b2b1b5ab1" language="English" custom="readingOrder {index:0;}">
                    <Coords points="224,352 418,352 418,397 224,397"/>
                    <TextEquiv>
                        <Unicode>composé,</Unicode>
                    </TextEquiv>
                    <TextStyle fontFamily="Times New Roman" fontSize="10.0"/>
                </Word>
                <Word id="w_w1aab1b3b2b1b5ac19" language="English" custom="readingOrder {index:1;}">
                    <Coords points="451,352 825,352 825,396 451,396"/>
                    <TextEquiv>
                        <Unicode>indépendamment</Unicode>
                    </TextEquiv>
                    <TextStyle fontFamily="Times New Roman" fontSize="10.0"/>
                </Word>
                <Word id="w_w1aab1b3b2b1b5ac49" language="English" custom="readingOrder {index:2;}">
                    <Coords points="855,351 902,351 902,386 855,386"/>
                    <TextEquiv>
                        <Unicode>de</Unicode>
                    </TextEquiv>
                    <TextStyle fontFamily="Times New Roman" fontSize="10.0"/>
                </Word>
                <Word id="w_w1aab1b3b2b1b5ac55" language="English" custom="readingOrder {index:3;}">
                    <Coords points="932,353 1064,353 1064,387 932,387"/>
                    <TextEquiv>
                        <Unicode>toutes</Unicode>
                    </TextEquiv>
                    <TextStyle fontFamily="Times New Roman" fontSize="10.0"/>
                </Word>
                <Word id="w_w1aab1b3b2b1b5ac69" language="English" custom="readingOrder {index:4;}">
                    <Coords points="1092,351 1149,351 1149,386 1092,386"/>
                    <TextEquiv>
                        <Unicode>les</Unicode>
                    </TextEquiv>
                    <TextStyle fontFamily="Times New Roman" fontSize="10.0"/>
                </Word>
                <Word id="w_w1aab1b3b2b1b5ac77" language="English" custom="readingOrder {index:5;}">
                    <Coords points="1179,351 1310,351 1310,396 1179,396"/>
                    <TextEquiv>
                        <Unicode>pièces</Unicode>
                    </TextEquiv>
                    <TextStyle fontFamily="Times New Roman" fontSize="10.0"/>
                </Word>
                <Word id="w_w1aab1b3b2b1b5ac91" language="English" custom="readingOrder {index:6;}">
                    <Coords points="1340,351 1611,351 1611,397 1340,397"/>
                    <TextEquiv>
                        <Unicode>scientifiques</Unicode>
                    </TextEquiv>
                    <TextStyle fontFamily="Times New Roman" fontSize="10.0"/>
                </Word>
                <Word id="w_w1aab1b3b2b1b5ad119" language="English" custom="readingOrder {index:7;}">
                    <Coords points="1643,352 1684,352 1684,386 1643,386"/>
                    <TextEquiv>
                        <Unicode>et</Unicode>
                    </TextEquiv>
                    <TextStyle fontFamily="Times New Roman" fontSize="10.0"/>
                </Word>
                <TextEquiv>
                    <Unicode>composé, indépendamment de toutes les pièces scientifiques et</Unicode>
                </TextEquiv>
                <TextStyle fontFamily="Times New Roman" fontSize="10.0"/>
            </TextLine>
            <TextLine id="tl_5" primaryLanguage="English" custom="readingOrder {index:3;}">
                <Coords points="224,394 1682,394 1682,443 224,443"/>
                <Baseline points="224,431 1682,431"/>
                <Word id="w_w1aab1b3b2b1b7ab1" language="English" custom="readingOrder {index:0;}">
                    <Coords points="224,399 360,399 360,432 224,432"/>
                    <TextEquiv>
                        <Unicode>autres</Unicode>
                    </TextEquiv>
                    <TextStyle fontFamily="Times New Roman" fontSize="10.0"/>
                </Word>
                <Word id="w_w1aab1b3b2b1b7ac15" language="English" custom="readingOrder {index:1;}">
                    <Coords points="405,408 480,408 480,443 405,443"/>
                    <TextEquiv>
                        <Unicode>que</Unicode>
                    </TextEquiv>
                    <TextStyle fontFamily="Times New Roman" fontSize="10.0"/>
                </Word>
                <Word id="w_w1aab1b3b2b1b7ac23" language="English" custom="readingOrder {index:2;}">
                    <Coords points="516,396 753,396 753,432 516,432"/>
                    <TextEquiv>
                        <Unicode>l’Académie</Unicode>
                    </TextEquiv>
                    <TextStyle fontFamily="Times New Roman" fontSize="10.0"/>
                </Word>
                <Word id="w_w1aab1b3b2b1b7ac45" language="English" custom="readingOrder {index:3;}">
                    <Coords points="797,394 981,394 981,438 797,438"/>
                    <TextEquiv>
                        <Unicode>connaît,</Unicode>
                    </TextEquiv>
                    <TextStyle fontFamily="Times New Roman" fontSize="10.0"/>
                </Word>
                <Word id="w_w1aab1b3b2b1b7ac63" language="English" custom="readingOrder {index:4;}">
                    <Coords points="1018,397 1150,397 1150,431 1018,431"/>
                    <TextEquiv>
                        <Unicode>toutes</Unicode>
                    </TextEquiv>
                    <TextStyle fontFamily="Times New Roman" fontSize="10.0"/>
                </Word>
                <Word id="w_w1aab1b3b2b1b7ac77" language="English" custom="readingOrder {index:5;}">
                    <Coords points="1186,400 1243,400 1243,431 1186,431"/>
                    <TextEquiv>
                        <Unicode>les</Unicode>
                    </TextEquiv>
                    <TextStyle fontFamily="Times New Roman" fontSize="10.0"/>
                </Word>
                <Word id="w_w1aab1b3b2b1b7ac85" language="English" custom="readingOrder {index:6;}">
                    <Coords points="1280,396 1419,396 1419,432 1280,432"/>
                    <TextEquiv>
                        <Unicode>lettres</Unicode>
                    </TextEquiv>
                    <TextStyle fontFamily="Times New Roman" fontSize="10.0"/>
                </Word>
                <Word id="w_w1aab1b3b2b1b7ad101" language="English" custom="readingOrder {index:7;}">
                    <Coords points="1455,401 1495,401 1495,432 1455,432"/>
                    <TextEquiv>
                        <Unicode>et</Unicode>
                    </TextEquiv>
                    <TextStyle fontFamily="Times New Roman" fontSize="10.0"/>
                </Word>
                <Word id="w_w1aab1b3b2b1b7ad107" language="English" custom="readingOrder {index:8;}">
                    <Coords points="1530,396 1682,396 1682,442 1530,442"/>
                    <TextEquiv>
                        <Unicode>poésies</Unicode>
                    </TextEquiv>
                    <TextStyle fontFamily="Times New Roman" fontSize="10.0"/>
                </Word>
                <TextEquiv>
                    <Unicode>autres que l’Académie connaît, toutes les lettres et poésies</Unicode>
                </TextEquiv>
                <TextStyle fontFamily="Times New Roman" fontSize="10.0"/>
            </TextLine>
            <TextLine id="tl_6" primaryLanguage="English" custom="readingOrder {index:4;}">
                <Coords points="226,441 1684,441 1684,489 226,489"/>
                <Baseline points="226,477 1684,477"/>
                <Word id="w_w1aab1b3b2b1b9ab1" language="English" custom="readingOrder {index:0;}">
                    <Coords points="226,441 444,441 444,489 226,489"/>
                    <TextEquiv>
                        <Unicode>françaises</Unicode>
                    </TextEquiv>
                    <TextStyle fontFamily="Times New Roman" fontSize="10.0"/>
                </Word>
                <Word id="w_w1aab1b3b2b1b9ac23" language="English" custom="readingOrder {index:1;}">
                    <Coords points="464,442 510,442 510,476 464,476"/>
                    <TextEquiv>
                        <Unicode>de</Unicode>
                    </TextEquiv>
                    <TextStyle fontFamily="Times New Roman" fontSize="10.0"/>
                </Word>
                <Word id="w_w1aab1b3b2b1b9ac29" language="English" custom="readingOrder {index:2;}">
                    <Coords points="530,442 655,442 655,477 530,477"/>
                    <TextEquiv>
                        <Unicode>Dante</Unicode>
                    </TextEquiv>
                    <TextStyle fontFamily="Times New Roman" fontSize="10.0"/>
                </Word>
                <Word id="w_w1aab1b3b2b1b9ac41" language="English" custom="readingOrder {index:3;}">
                    <Coords points="676,444 717,444 717,477 676,477"/>
                    <TextEquiv>
                        <Unicode>et</Unicode>
                    </TextEquiv>
                    <TextStyle fontFamily="Times New Roman" fontSize="10.0"/>
                </Word>
                <Word id="w_w1aab1b3b2b1b9ac47" language="English" custom="readingOrder {index:4;}">
                    <Coords points="735,442 781,442 781,477 735,477"/>
                    <TextEquiv>
                        <Unicode>de</Unicode>
                    </TextEquiv>
                    <TextStyle fontFamily="Times New Roman" fontSize="10.0"/>
                </Word>
                <Word id="w_w1aab1b3b2b1b9ac53" language="English" custom="readingOrder {index:5;}">
                    <Coords points="801,442 1019,442 1019,486 801,486"/>
                    <TextEquiv>
                        <Unicode>Pétrarque</Unicode>
                    </TextEquiv>
                    <TextStyle fontFamily="Times New Roman" fontSize="10.0"/>
                </Word>
                <Word id="w_w1aab1b3b2b1b9ac73" language="English" custom="readingOrder {index:6;}">
                    <Coords points="1040,441 1432,441 1432,486 1040,486"/>
                    <TextEquiv>
                        <Unicode>particulièrement?</Unicode>
                    </TextEquiv>
                    <TextStyle fontFamily="Times New Roman" fontSize="10.0"/>
                </Word>
                <Word id="w_w1aab1b3b2b1b9ad109" language="English" custom="readingOrder {index:7;}">
                    <Coords points="1451,443 1509,443 1509,476 1451,476"/>
                    <TextEquiv>
                        <Unicode>On</Unicode>
                    </TextEquiv>
                    <TextStyle fontFamily="Times New Roman" fontSize="10.0"/>
                </Word>
                <Word id="w_w1aab1b3b2b1b9ad115" language="English" custom="readingOrder {index:8;}">
                    <Coords points="1521,452 1569,452 1569,477 1521,477"/>
                    <TextEquiv>
                        <Unicode>ne</Unicode>
                    </TextEquiv>
                    <TextStyle fontFamily="Times New Roman" fontSize="10.0"/>
                </Word>
                <Word id="w_w1aab1b3b2b1b9ad121" language="English" custom="readingOrder {index:9;}">
                    <Coords points="1588,442 1684,442 1684,487 1588,487"/>
                    <TextEquiv>
                        <Unicode>peut</Unicode>
                    </TextEquiv>
                    <TextStyle fontFamily="Times New Roman" fontSize="10.0"/>
                </Word>
                <TextEquiv>
                    <Unicode>françaises de Dante et de Pétrarque particulièrement? On ne peut</Unicode>
                </TextEquiv>
                <TextStyle fontFamily="Times New Roman" fontSize="10.0"/>
            </TextLine>
            <TextLine id="tl_7" primaryLanguage="English" custom="readingOrder {index:5;}">
                <Coords points="228,486 1684,486 1684,533 228,533"/>
                <Baseline points="228,521 1684,521"/>
                <Word id="w_w1aab1b3b2b1c11ab1" language="English" custom="readingOrder {index:0;}">
                    <Coords points="228,486 313,486 313,522 228,522"/>
                    <TextEquiv>
                        <Unicode>dire</Unicode>
                    </TextEquiv>
                    <TextStyle fontFamily="Times New Roman" fontSize="10.0"/>
                </Word>
                <Word id="w_w1aab1b3b2b1c11ac11" language="English" custom="readingOrder {index:1;}">
                    <Coords points="335,486 431,486 431,532 335,532"/>
                    <TextEquiv>
                        <Unicode>qu’il</Unicode>
                    </TextEquiv>
                    <TextStyle fontFamily="Times New Roman" fontSize="10.0"/>
                </Word>
                <Word id="w_w1aab1b3b2b1c11ac23" language="English" custom="readingOrder {index:2;}">
                    <Coords points="452,486 509,486 509,522 452,522"/>
                    <TextEquiv>
                        <Unicode>les</Unicode>
                    </TextEquiv>
                    <TextStyle fontFamily="Times New Roman" fontSize="10.0"/>
                </Word>
                <Word id="w_w1aab1b3b2b1c11ac31" language="English" custom="readingOrder {index:3;}">
                    <Coords points="529,497 551,497 551,521 529,521"/>
                    <TextEquiv>
                        <Unicode>a</Unicode>
                    </TextEquiv>
                    <TextStyle fontFamily="Times New Roman" fontSize="10.0"/>
                </Word>
                <Word id="w_w1aab1b3b2b1c11ac35" language="English" custom="readingOrder {index:4;}">
                    <Coords points="570,488 823,488 823,533 570,533"/>
                    <TextEquiv>
                        <Unicode>empruntées</Unicode>
                    </TextEquiv>
                    <TextStyle fontFamily="Times New Roman" fontSize="10.0"/>
                </Word>
                <Word id="w_w1aab1b3b2b1c11ac57" language="English" custom="readingOrder {index:5;}">
                    <Coords points="843,487 910,487 910,522 843,522"/>
                    <TextEquiv>
                        <Unicode>des</Unicode>
                    </TextEquiv>
                    <TextStyle fontFamily="Times New Roman" fontSize="10.0"/>
                </Word>
                <Word id="w_w1aab1b3b2b1c11ac65" language="English" custom="readingOrder {index:6;}">
                    <Coords points="931,496 1126,496 1126,531 931,531"/>
                    <TextEquiv>
                        <Unicode>ouvrages</Unicode>
                    </TextEquiv>
                    <TextStyle fontFamily="Times New Roman" fontSize="10.0"/>
                </Word>
                <Word id="w_w1aab1b3b2b1c11ac83" language="English" custom="readingOrder {index:7;}">
                    <Coords points="1147,486 1363,486 1363,531 1147,531"/>
                    <TextEquiv>
                        <Unicode>imprimés,</Unicode>
                    </TextEquiv>
                    <TextStyle fontFamily="Times New Roman" fontSize="10.0"/>
                </Word>
                <Word id="w_w1aab1b3b2b1c11ad103" language="English" custom="readingOrder {index:8;}">
                    <Coords points="1385,487 1451,487 1451,531 1385,531"/>
                    <TextEquiv>
                        <Unicode>qui</Unicode>
                    </TextEquiv>
                    <TextStyle fontFamily="Times New Roman" fontSize="10.0"/>
                </Word>
                <Word id="w_w1aab1b3b2b1c11ad111" language="English" custom="readingOrder {index:9;}">
                    <Coords points="1476,497 1524,497 1524,521 1476,521"/>
                    <TextEquiv>
                        <Unicode>ne</Unicode>
                    </TextEquiv>
                    <TextStyle fontFamily="Times New Roman" fontSize="10.0"/>
                </Word>
                <Word id="w_w1aab1b3b2b1c11ad117" language="English" custom="readingOrder {index:10;}">
                    <Coords points="1553,486 1684,486 1684,521 1553,521"/>
                    <TextEquiv>
                        <Unicode>enfer¬</Unicode>
                    </TextEquiv>
                    <TextStyle fontFamily="Times New Roman" fontSize="10.0"/>
                </Word>
                <TextEquiv>
                    <Unicode>dire qu’il les a empruntées des ouvrages imprimés, qui ne enfer¬</Unicode>
                </TextEquiv>
                <TextStyle fontFamily="Times New Roman" fontSize="10.0"/>
            </TextLine>
            <TextLine id="tl_8" primaryLanguage="English" custom="readingOrder {index:6;}">
                <Coords points="226,531 1684,531 1684,577 226,577"/>
                <Baseline points="226,566 1684,566"/>
                <Word id="w_w1aab1b3b2b1c13ab1" language="English" custom="readingOrder {index:0;}">
                    <Coords points="226,533 334,533 334,566 226,566"/>
                    <TextEquiv>
                        <Unicode>ment</Unicode>
                    </TextEquiv>
                    <TextStyle fontFamily="Times New Roman" fontSize="10.0"/>
                </Word>
                <Word id="w_w1aab1b3b2b1c13ac11" language="English" custom="readingOrder {index:1;}">
                    <Coords points="353,542 428,542 428,577 353,577"/>
                    <TextEquiv>
                        <Unicode>que</Unicode>
                    </TextEquiv>
                    <TextStyle fontFamily="Times New Roman" fontSize="10.0"/>
                </Word>
                <Word id="w_w1aab1b3b2b1c13ac19" language="English" custom="readingOrder {index:2;}">
                    <Coords points="449,532 516,532 516,567 449,567"/>
                    <TextEquiv>
                        <Unicode>des</Unicode>
                    </TextEquiv>
                    <TextStyle fontFamily="Times New Roman" fontSize="10.0"/>
                </Word>
                <Word id="w_w1aab1b3b2b1c13ac27" language="English" custom="readingOrder {index:3;}">
                    <Coords points="536,532 665,532 665,576 536,576"/>
                    <TextEquiv>
                        <Unicode>pièces</Unicode>
                    </TextEquiv>
                    <TextStyle fontFamily="Times New Roman" fontSize="10.0"/>
                </Word>
                <Word id="w_w1aab1b3b2b1c13ac41" language="English" custom="readingOrder {index:4;}">
                    <Coords points="685,542 733,542 733,567 685,567"/>
                    <TextEquiv>
                        <Unicode>en</Unicode>
                    </TextEquiv>
                    <TextStyle fontFamily="Times New Roman" fontSize="10.0"/>
                </Word>
                <Word id="w_w1aab1b3b2b1c13ac47" language="English" custom="readingOrder {index:5;}">
                    <Coords points="754,531 908,531 908,567 754,567"/>
                    <TextEquiv>
                        <Unicode>italien.</Unicode>
                    </TextEquiv>
                    <TextStyle fontFamily="Times New Roman" fontSize="10.0"/>
                </Word>
                <Word id="w_w1aab1b3b2b1c13ac65" language="English" custom="readingOrder {index:6;}">
                    <Coords points="923,531 963,531 963,567 923,567"/>
                    <TextEquiv>
                        <Unicode>Si</Unicode>
                    </TextEquiv>
                    <TextStyle fontFamily="Times New Roman" fontSize="10.0"/>
                </Word>
                <Word id="w_w1aab1b3b2b1c13ac71" language="English" custom="readingOrder {index:7;}">
                    <Coords points="984,531 1060,531 1060,566 984,566"/>
                    <TextEquiv>
                        <Unicode>l’on</Unicode>
                    </TextEquiv>
                    <TextStyle fontFamily="Times New Roman" fontSize="10.0"/>
                </Word>
                <Word id="w_w1aab1b3b2b1c13ac81" language="English" custom="readingOrder {index:8;}">
                    <Coords points="1081,541 1129,541 1129,565 1081,565"/>
                    <TextEquiv>
                        <Unicode>en</Unicode>
                    </TextEquiv>
                    <TextStyle fontFamily="Times New Roman" fontSize="10.0"/>
                </Word>
                <Word id="w_w1aab1b3b2b1c13ac87" language="English" custom="readingOrder {index:9;}">
                    <Coords points="1142,532 1245,532 1245,566 1142,566"/>
                    <TextEquiv>
                        <Unicode>croit</Unicode>
                    </TextEquiv>
                    <TextStyle fontFamily="Times New Roman" fontSize="10.0"/>
                </Word>
                <Word id="w_w1aab1b3b2b1c13ac99" language="English" custom="readingOrder {index:10;}">
                    <Coords points="1256,531 1452,531 1452,566 1256,566"/>
                    <TextEquiv>
                        <Unicode>certaines</Unicode>
                    </TextEquiv>
                    <TextStyle fontFamily="Times New Roman" fontSize="10.0"/>
                </Word>
                <Word id="w_w1aab1b3b2b1c13ad119" language="English" custom="readingOrder {index:11;}">
                    <Coords points="1462,531 1617,531 1617,574 1462,574"/>
                    <TextEquiv>
                        <Unicode>lettres,</Unicode>
                    </TextEquiv>
                    <TextStyle fontFamily="Times New Roman" fontSize="10.0"/>
                </Word>
                <Word id="w_w1aab1b3b2b1c13ad137" language="English" custom="readingOrder {index:12;}">
                    <Coords points="1627,531 1684,531 1684,566 1627,566"/>
                    <TextEquiv>
                        <Unicode>les</Unicode>
                    </TextEquiv>
                    <TextStyle fontFamily="Times New Roman" fontSize="10.0"/>
                </Word>
                <TextEquiv>
                    <Unicode>ment que des pièces en italien. Si l’on en croit certaines lettres, les</Unicode>
                </TextEquiv>
                <TextStyle fontFamily="Times New Roman" fontSize="10.0"/>
            </TextLine>
            <TextLine id="tl_9" primaryLanguage="English" custom="readingOrder {index:7;}">
                <Coords points="227,575 1683,575 1683,622 227,622"/>
                <Baseline points="227,611 1683,611"/>
                <Word id="w_w1aab1b3b2b1c15ab1" language="English" custom="readingOrder {index:0;}">
                    <Coords points="227,577 354,577 354,622 227,622"/>
                    <TextEquiv>
                        <Unicode>pièces</Unicode>
                    </TextEquiv>
                    <TextStyle fontFamily="Times New Roman" fontSize="10.0"/>
                </Word>
                <Word id="w_w1aab1b3b2b1c15ac15" language="English" custom="readingOrder {index:1;}">
                    <Coords points="374,576 421,576 421,611 374,611"/>
                    <TextEquiv>
                        <Unicode>de</Unicode>
                    </TextEquiv>
                    <TextStyle fontFamily="Times New Roman" fontSize="10.0"/>
                </Word>
                <Word id="w_w1aab1b3b2b1c15ac21" language="English" custom="readingOrder {index:2;}">
                    <Coords points="441,577 674,577 674,621 441,621"/>
                    <TextEquiv>
                        <Unicode>Pétrarque,</Unicode>
                    </TextEquiv>
                    <TextStyle fontFamily="Times New Roman" fontSize="10.0"/>
                </Word>
                <Word id="w_w1aab1b3b2b1c15ac43" language="English" custom="readingOrder {index:3;}">
                    <Coords points="697,577 743,577 743,612 697,612"/>
                    <TextEquiv>
                        <Unicode>de</Unicode>
                    </TextEquiv>
                    <TextStyle fontFamily="Times New Roman" fontSize="10.0"/>
                </Word>
                <Word id="w_w1aab1b3b2b1c15ac49" language="English" custom="readingOrder {index:4;}">
                    <Coords points="761,577 891,577 891,612 761,612"/>
                    <TextEquiv>
                        <Unicode>Laure</Unicode>
                    </TextEquiv>
                    <TextStyle fontFamily="Times New Roman" fontSize="10.0"/>
                </Word>
                <Word id="w_w1aab1b3b2b1c15ac61" language="English" custom="readingOrder {index:5;}">
                    <Coords points="911,578 951,578 951,611 911,611"/>
                    <TextEquiv>
                        <Unicode>et</Unicode>
                    </TextEquiv>
                    <TextStyle fontFamily="Times New Roman" fontSize="10.0"/>
                </Word>
                <Word id="w_w1aab1b3b2b1c15ac67" language="English" custom="readingOrder {index:6;}">
                    <Coords points="970,576 1016,576 1016,611 970,611"/>
                    <TextEquiv>
                        <Unicode>de</Unicode>
                    </TextEquiv>
                    <TextStyle fontFamily="Times New Roman" fontSize="10.0"/>
                </Word>
                <Word id="w_w1aab1b3b2b1c15ac73" language="English" custom="readingOrder {index:7;}">
                    <Coords points="1035,576 1240,576 1240,611 1035,611"/>
                    <TextEquiv>
                        <Unicode>Clémence</Unicode>
                    </TextEquiv>
                    <TextStyle fontFamily="Times New Roman" fontSize="10.0"/>
                </Word>
                <Word id="w_w1aab1b3b2b1c15ac91" language="English" custom="readingOrder {index:8;}">
                    <Coords points="1260,576 1395,576 1395,612 1260,612"/>
                    <TextEquiv>
                        <Unicode>Isaure</Unicode>
                    </TextEquiv>
                    <TextStyle fontFamily="Times New Roman" fontSize="10.0"/>
                </Word>
                <Word id="w_w1aab1b3b2b1c15ad105" language="English" custom="readingOrder {index:9;}">
                    <Coords points="1417,583 1603,583 1603,612 1417,612"/>
                    <TextEquiv>
                        <Unicode>auraient</Unicode>
                    </TextEquiv>
                    <TextStyle fontFamily="Times New Roman" fontSize="10.0"/>
                </Word>
                <Word id="w_w1aab1b3b2b1c15ad123" language="English" custom="readingOrder {index:10;}">
                    <Coords points="1622,575 1683,575 1683,611 1622,611"/>
                    <TextEquiv>
                        <Unicode>été</Unicode>
                    </TextEquiv>
                    <TextStyle fontFamily="Times New Roman" fontSize="10.0"/>
                </Word>
                <TextEquiv>
                    <Unicode>pièces de Pétrarque, de Laure et de Clémence Isaure auraient été</Unicode>
                </TextEquiv>
                <TextStyle fontFamily="Times New Roman" fontSize="10.0"/>
            </TextLine>
            <TextLine id="tl_10" primaryLanguage="English" custom="readingOrder {index:8;}">
                <Coords points="226,619 1684,619 1684,668 226,668"/>
                <Baseline points="226,657 1684,657"/>
                <Word id="w_w1aab1b3b2b1c17ab1" language="English" custom="readingOrder {index:0;}">
                    <Coords points="226,621 421,621 421,666 226,666"/>
                    <TextEquiv>
                        <Unicode>envoyées</Unicode>
                    </TextEquiv>
                    <TextStyle fontFamily="Times New Roman" fontSize="10.0"/>
                </Word>
                <Word id="w_w1aab1b3b2b1c17ac19" language="English" custom="readingOrder {index:1;}">
                    <Coords points="442,622 463,622 463,656 442,656"/>
                    <TextEquiv>
                        <Unicode>à</Unicode>
                    </TextEquiv>
                    <TextStyle fontFamily="Times New Roman" fontSize="10.0"/>
                </Word>
                <Word id="w_w1aab1b3b2b1c17ac23" language="English" custom="readingOrder {index:2;}">
                    <Coords points="481,619 669,619 669,658 481,658"/>
                    <TextEquiv>
                        <Unicode>Rabelais</Unicode>
                    </TextEquiv>
                    <TextStyle fontFamily="Times New Roman" fontSize="10.0"/>
                </Word>
                <Word id="w_w1aab1b3b2b1c17ac41" language="English" custom="readingOrder {index:3;}">
                    <Coords points="688,632 758,632 758,668 688,668"/>
                    <TextEquiv>
                        <Unicode>par</Unicode>
                    </TextEquiv>
                    <TextStyle fontFamily="Times New Roman" fontSize="10.0"/>
                </Word>
                <Word id="w_w1aab1b3b2b1c17ac49" language="English" custom="readingOrder {index:4;}">
                    <Coords points="776,632 846,632 846,657 776,657"/>
                    <TextEquiv>
                        <Unicode>son</Unicode>
                    </TextEquiv>
                    <TextStyle fontFamily="Times New Roman" fontSize="10.0"/>
                </Word>
                <Word id="w_w1aab1b3b2b1c17ac57" language="English" custom="readingOrder {index:5;}">
                    <Coords points="866,621 943,621 943,657 866,657"/>
                    <TextEquiv>
                        <Unicode>ami</Unicode>
                    </TextEquiv>
                    <TextStyle fontFamily="Times New Roman" fontSize="10.0"/>
                </Word>
                <Word id="w_w1aab1b3b2b1c17ac65" language="English" custom="readingOrder {index:6;}">
                    <Coords points="971,621 1271,621 1271,664 971,664"/>
                    <TextEquiv>
                        <Unicode>Nostradamus,</Unicode>
                    </TextEquiv>
                    <TextStyle fontFamily="Times New Roman" fontSize="10.0"/>
                </Word>
                <Word id="w_w1aab1b3b2b1c17ac91" language="English" custom="readingOrder {index:7;}">
                    <Coords points="1302,621 1370,621 1370,667 1302,667"/>
                    <TextEquiv>
                        <Unicode>qui</Unicode>
                    </TextEquiv>
                    <TextStyle fontFamily="Times New Roman" fontSize="10.0"/>
                </Word>
                <Word id="w_w1aab1b3b2b1c17ac99" language="English" custom="readingOrder {index:8;}">
                    <Coords points="1401,621 1458,621 1458,657 1401,657"/>
                    <TextEquiv>
                        <Unicode>les</Unicode>
                    </TextEquiv>
                    <TextStyle fontFamily="Times New Roman" fontSize="10.0"/>
                </Word>
                <Word id="w_w1aab1b3b2b1c17ad107" language="English" custom="readingOrder {index:9;}">
                    <Coords points="1488,621 1596,621 1596,657 1488,657"/>
                    <TextEquiv>
                        <Unicode>avait</Unicode>
                    </TextEquiv>
                    <TextStyle fontFamily="Times New Roman" fontSize="10.0"/>
                </Word>
                <Word id="w_w1aab1b3b2b1c17ad119" language="English" custom="readingOrder {index:10;}">
                    <Coords points="1622,631 1684,631 1684,656 1622,656"/>
                    <TextEquiv>
                        <Unicode>re¬</Unicode>
                    </TextEquiv>
                    <TextStyle fontFamily="Times New Roman" fontSize="10.0"/>
                </Word>
                <TextEquiv>
                    <Unicode>envoyées à Rabelais par son ami Nostradamus, qui les avait re¬</Unicode>
                </TextEquiv>
                <TextStyle fontFamily="Times New Roman" fontSize="10.0"/>
            </TextLine>
            <TextLine id="tl_11" primaryLanguage="English" custom="readingOrder {index:9;}">
                <Coords points="226,656 666,656 666,712 226,712"/>
                <Baseline points="226,701 666,701"/>
                <Word id="w_w1aab1b3b2b1c19ab1" language="English" custom="readingOrder {index:0;}">
                    <Coords points="226,656 408,656 408,701 226,701"/>
                    <TextEquiv>
                        <Unicode>cueillies</Unicode>
                    </TextEquiv>
                    <TextStyle fontFamily="Times New Roman" fontSize="10.0"/>
                </Word>
                <Word id="w_w1aab1b3b2b1c19ac21" language="English" custom="readingOrder {index:1;}">
                    <Coords points="428,666 450,666 450,701 428,701"/>
                    <TextEquiv>
                        <Unicode>à</Unicode>
                    </TextEquiv>
                    <TextStyle fontFamily="Times New Roman" fontSize="10.0"/>
                </Word>
                <Word id="w_w1aab1b3b2b1c19ac25" language="English" custom="readingOrder {index:2;}">
                    <Coords points="468,667 666,667 666,712 468,712"/>
                    <TextEquiv>
                        <Unicode>Avignon.</Unicode>
                    </TextEquiv>
                    <TextStyle fontFamily="Times New Roman" fontSize="10.0"/>
                </Word>
                <TextEquiv>
                    <Unicode>cueillies à Avignon.</Unicode>
                </TextEquiv>
                <TextStyle fontFamily="Times New Roman" fontSize="10.0"/>
            </TextLine>
            <TextEquiv>
                <Unicode>sa détention, par la jeune fille, sa compagne de lit à Orléans, qui
était admise à la visiter. Comment le même individu aurait-il
composé, indépendamment de toutes les pièces scientifiques et
autres que l’Académie connaît, toutes les lettres et poésies
françaises de Dante et de Pétrarque particulièrement? On ne peut
dire qu’il les a empruntées des ouvrages imprimés, qui ne enfer¬
ment que des pièces en italien. Si l’on en croit certaines lettres, les
pièces de Pétrarque, de Laure et de Clémence Isaure auraient été
envoyées à Rabelais par son ami Nostradamus, qui les avait re¬
cueillies à Avignon.</Unicode>
            </TextEquiv>
        </TextRegion>
        <TextRegion type="paragraph" id="r_2_2" custom="readingOrder {index:2;}">
            <Coords points="225,720 1687,720 1687,994 225,994"/>
            <TextLine id="tl_12" primaryLanguage="English" custom="readingOrder {index:0;}">
                <Coords points="267,721 1685,721 1685,768 267,768"/>
                <Baseline points="267,757 1685,757"/>
                <Word id="w_w1aab1b3b2b3b1ab1" language="English" custom="readingOrder {index:0;}">
                    <Coords points="267,722 323,722 323,757 267,757"/>
                    <TextEquiv>
                        <Unicode>La</Unicode>
                    </TextEquiv>
                    <TextStyle fontFamily="Times New Roman" fontSize="10.0"/>
                </Word>
                <Word id="w_w1aab1b3b2b3b1ab7" language="English" custom="readingOrder {index:1;}">
                    <Coords points="341,722 554,722 554,757 341,757"/>
                    <TextEquiv>
                        <Unicode>collection</Unicode>
                    </TextEquiv>
                    <TextStyle fontFamily="Times New Roman" fontSize="10.0"/>
                </Word>
                <Word id="w_w1aab1b3b2b3b1ac29" language="English" custom="readingOrder {index:2;}">
                    <Coords points="573,722 719,722 719,758 573,758"/>
                    <TextEquiv>
                        <Unicode>s’étend</Unicode>
                    </TextEquiv>
                    <TextStyle fontFamily="Times New Roman" fontSize="10.0"/>
                </Word>
                <Word id="w_w1aab1b3b2b3b1ac45" language="English" custom="readingOrder {index:3;}">
                    <Coords points="740,732 817,732 817,757 740,757"/>
                    <TextEquiv>
                        <Unicode>aux</Unicode>
                    </TextEquiv>
                    <TextStyle fontFamily="Times New Roman" fontSize="10.0"/>
                </Word>
                <Word id="w_w1aab1b3b2b3b1ac53" language="English" custom="readingOrder {index:4;}">
                    <Coords points="836,722 1029,722 1029,768 836,768"/>
                    <TextEquiv>
                        <Unicode>premiers</Unicode>
                    </TextEquiv>
                    <TextStyle fontFamily="Times New Roman" fontSize="10.0"/>
                </Word>
                <Word id="w_w1aab1b3b2b3b1ac71" language="English" custom="readingOrder {index:5;}">
                    <Coords points="1048,723 1175,723 1175,766 1048,766"/>
                    <TextEquiv>
                        <Unicode>temps</Unicode>
                    </TextEquiv>
                    <TextStyle fontFamily="Times New Roman" fontSize="10.0"/>
                </Word>
                <Word id="w_w1aab1b3b2b3b1ac83" language="English" custom="readingOrder {index:6;}">
                    <Coords points="1195,721 1242,721 1242,757 1195,757"/>
                    <TextEquiv>
                        <Unicode>de</Unicode>
                    </TextEquiv>
                    <TextStyle fontFamily="Times New Roman" fontSize="10.0"/>
                </Word>
                <Word id="w_w1aab1b3b2b3b1ac89" language="English" custom="readingOrder {index:7;}">
                    <Coords points="1262,721 1354,721 1354,757 1262,757"/>
                    <TextEquiv>
                        <Unicode>l’ère</Unicode>
                    </TextEquiv>
                    <TextStyle fontFamily="Times New Roman" fontSize="10.0"/>
                </Word>
                <Word id="w_w1aab1b3b2b3b1ad101" language="English" custom="readingOrder {index:8;}">
                    <Coords points="1376,721 1622,721 1622,765 1376,765"/>
                    <TextEquiv>
                        <Unicode>chrétienne,</Unicode>
                    </TextEquiv>
                    <TextStyle fontFamily="Times New Roman" fontSize="10.0"/>
                </Word>
                <Word id="w_w1aab1b3b2b3b1ad125" language="English" custom="readingOrder {index:9;}">
                    <Coords points="1644,724 1685,724 1685,757 1644,757"/>
                    <TextEquiv>
                        <Unicode>et</Unicode>
                    </TextEquiv>
                    <TextStyle fontFamily="Times New Roman" fontSize="10.0"/>
                </Word>
                <TextEquiv>
                    <Unicode>La collection s’étend aux premiers temps de l’ère chrétienne, et</Unicode>
                </TextEquiv>
                <TextStyle fontFamily="Times New Roman" fontSize="10.0"/>
            </TextLine>
            <TextLine id="tl_13" primaryLanguage="English" custom="readingOrder {index:1;}">
                <Coords points="226,766 1686,766 1686,813 226,813"/>
                <Baseline points="226,802 1686,802"/>
                <Word id="w_w1aab1b3b2b3b3ab1" language="English" custom="readingOrder {index:0;}">
                    <Coords points="226,777 350,777 350,802 226,802"/>
                    <TextEquiv>
                        <Unicode>meme</Unicode>
                    </TextEquiv>
                    <TextStyle fontFamily="Times New Roman" fontSize="10.0"/>
                </Word>
                <Word id="w_w1aab1b3b2b3b3ac11" language="English" custom="readingOrder {index:1;}">
                    <Coords points="370,778 419,778 419,802 370,802"/>
                    <TextEquiv>
                        <Unicode>au</Unicode>
                    </TextEquiv>
                    <TextStyle fontFamily="Times New Roman" fontSize="10.0"/>
                </Word>
                <Word id="w_w1aab1b3b2b3b3ac17" language="English" custom="readingOrder {index:2;}">
                    <Coords points="441,767 548,767 548,809 441,809"/>
                    <TextEquiv>
                        <Unicode>delà;</Unicode>
                    </TextEquiv>
                    <TextStyle fontFamily="Times New Roman" fontSize="10.0"/>
                </Word>
                <Word id="w_w1aab1b3b2b3b3ac29" language="English" custom="readingOrder {index:3;}">
                    <Coords points="569,778 636,778 636,802 569,802"/>
                    <TextEquiv>
                        <Unicode>car</Unicode>
                    </TextEquiv>
                    <TextStyle fontFamily="Times New Roman" fontSize="10.0"/>
                </Word>
                <Word id="w_w1aab1b3b2b3b3ac37" language="English" custom="readingOrder {index:4;}">
                    <Coords points="655,768 685,768 685,803 655,803"/>
                    <TextEquiv>
                        <Unicode>il</Unicode>
                    </TextEquiv>
                    <TextStyle fontFamily="Times New Roman" fontSize="10.0"/>
                </Word>
                <Word id="w_w1aab1b3b2b3b3ac43" language="English" custom="readingOrder {index:5;}">
                    <Coords points="706,767 761,767 761,812 706,812"/>
                    <TextEquiv>
                        <Unicode>s’y</Unicode>
                    </TextEquiv>
                    <TextStyle fontFamily="Times New Roman" fontSize="10.0"/>
                </Word>
                <Word id="w_w1aab1b3b2b3b3ac51" language="English" custom="readingOrder {index:6;}">
                    <Coords points="774,769 916,769 916,802 774,802"/>
                    <TextEquiv>
                        <Unicode>trouve</Unicode>
                    </TextEquiv>
                    <TextStyle fontFamily="Times New Roman" fontSize="10.0"/>
                </Word>
                <Word id="w_w1aab1b3b2b3b3ac65" language="English" custom="readingOrder {index:7;}">
                    <Coords points="932,767 1123,767 1123,813 932,813"/>
                    <TextEquiv>
                        <Unicode>quelques</Unicode>
                    </TextEquiv>
                    <TextStyle fontFamily="Times New Roman" fontSize="10.0"/>
                </Word>
                <Word id="w_w1aab1b3b2b3b3ac83" language="English" custom="readingOrder {index:8;}">
                    <Coords points="1136,766 1279,766 1279,802 1136,802"/>
                    <TextEquiv>
                        <Unicode>lettres</Unicode>
                    </TextEquiv>
                    <TextStyle fontFamily="Times New Roman" fontSize="10.0"/>
                </Word>
                <Word id="w_w1aab1b3b2b3b3ac99" language="English" custom="readingOrder {index:9;}">
                    <Coords points="1298,770 1338,770 1338,803 1298,803"/>
                    <TextEquiv>
                        <Unicode>et</Unicode>
                    </TextEquiv>
                    <TextStyle fontFamily="Times New Roman" fontSize="10.0"/>
                </Word>
                <Word id="w_w1aab1b3b2b3b3ad105" language="English" custom="readingOrder {index:10;}">
                    <Coords points="1360,767 1406,767 1406,802 1360,802"/>
                    <TextEquiv>
                        <Unicode>de</Unicode>
                    </TextEquiv>
                    <TextStyle fontFamily="Times New Roman" fontSize="10.0"/>
                </Word>
                <Word id="w_w1aab1b3b2b3b3ad111" language="English" custom="readingOrder {index:11;}">
                    <Coords points="1430,767 1686,767 1686,802 1430,802"/>
                    <TextEquiv>
                        <Unicode>nombreuses</Unicode>
                    </TextEquiv>
                    <TextStyle fontFamily="Times New Roman" fontSize="10.0"/>
                </Word>
                <TextEquiv>
                    <Unicode>meme au delà; car il s’y trouve quelques lettres et de nombreuses</Unicode>
                </TextEquiv>
                <TextStyle fontFamily="Times New Roman" fontSize="10.0"/>
            </TextLine>
            <TextLine id="tl_14" primaryLanguage="English" custom="readingOrder {index:2;}">
                <Coords points="226,812 1685,812 1685,858 226,858"/>
                <Baseline points="226,847 1685,847"/>
                <Word id="w_w1aab1b3b2b3b5ab1" language="English" custom="readingOrder {index:0;}">
                    <Coords points="226,813 338,813 338,847 226,847"/>
                    <TextEquiv>
                        <Unicode>notes</Unicode>
                    </TextEquiv>
                    <TextStyle fontFamily="Times New Roman" fontSize="10.0"/>
                </Word>
                <Word id="w_w1aab1b3b2b3b5ac13" language="English" custom="readingOrder {index:1;}">
                    <Coords points="358,812 404,812 404,847 358,847"/>
                    <TextEquiv>
                        <Unicode>de</Unicode>
                    </TextEquiv>
                    <TextStyle fontFamily="Times New Roman" fontSize="10.0"/>
                </Word>
                <Word id="w_w1aab1b3b2b3b5ac19" language="English" custom="readingOrder {index:2;}">
                    <Coords points="423,812 536,812 536,848 423,848"/>
                    <TextEquiv>
                        <Unicode>Jules</Unicode>
                    </TextEquiv>
                    <TextStyle fontFamily="Times New Roman" fontSize="10.0"/>
                </Word>
                <Word id="w_w1aab1b3b2b3b5ac31" language="English" custom="readingOrder {index:3;}">
                    <Coords points="555,812 674,812 674,848 555,848"/>
                    <TextEquiv>
                        <Unicode>César</Unicode>
                    </TextEquiv>
                    <TextStyle fontFamily="Times New Roman" fontSize="10.0"/>
                </Word>
                <Word id="w_w1aab1b3b2b3b5ac43" language="English" custom="readingOrder {index:4;}">
                    <Coords points="692,814 732,814 732,847 692,847"/>
                    <TextEquiv>
                        <Unicode>et</Unicode>
                    </TextEquiv>
                    <TextStyle fontFamily="Times New Roman" fontSize="10.0"/>
                </Word>
                <Word id="w_w1aab1b3b2b3b5ac49" language="English" custom="readingOrder {index:5;}">
                    <Coords points="750,812 818,812 818,848 750,848"/>
                    <TextEquiv>
                        <Unicode>des</Unicode>
                    </TextEquiv>
                    <TextStyle fontFamily="Times New Roman" fontSize="10.0"/>
                </Word>
                <Word id="w_w1aab1b3b2b3b5ac57" language="English" custom="readingOrder {index:6;}">
                    <Coords points="838,823 1067,823 1067,858 838,858"/>
                    <TextEquiv>
                        <Unicode>empereurs</Unicode>
                    </TextEquiv>
                    <TextStyle fontFamily="Times New Roman" fontSize="10.0"/>
                </Word>
                <Word id="w_w1aab1b3b2b3b5ac77" language="English" custom="readingOrder {index:7;}">
                    <Coords points="1087,812 1283,812 1283,856 1087,856"/>
                    <TextEquiv>
                        <Unicode>romains;</Unicode>
                    </TextEquiv>
                    <TextStyle fontFamily="Times New Roman" fontSize="10.0"/>
                </Word>
                <Word id="w_w1aab1b3b2b3b5ac95" language="English" custom="readingOrder {index:8;}">
                    <Coords points="1300,812 1367,812 1367,847 1300,847"/>
                    <TextEquiv>
                        <Unicode>des</Unicode>
                    </TextEquiv>
                    <TextStyle fontFamily="Times New Roman" fontSize="10.0"/>
                </Word>
                <Word id="w_w1aab1b3b2b3b5ad103" language="English" custom="readingOrder {index:9;}">
                    <Coords points="1382,812 1551,812 1551,857 1382,857"/>
                    <TextEquiv>
                        <Unicode>apôtres,</Unicode>
                    </TextEquiv>
                    <TextStyle fontFamily="Times New Roman" fontSize="10.0"/>
                </Word>
                <Word id="w_w1aab1b3b2b3b5ad121" language="English" custom="readingOrder {index:10;}">
                    <Coords points="1578,812 1685,812 1685,857 1578,857"/>
                    <TextEquiv>
                        <Unicode>prin¬</Unicode>
                    </TextEquiv>
                    <TextStyle fontFamily="Times New Roman" fontSize="10.0"/>
                </Word>
                <TextEquiv>
                    <Unicode>notes de Jules César et des empereurs romains; des apôtres, prin¬</Unicode>
                </TextEquiv>
                <TextStyle fontFamily="Times New Roman" fontSize="10.0"/>
            </TextLine>
            <TextLine id="tl_15" primaryLanguage="English" custom="readingOrder {index:3;}">
                <Coords points="226,857 1686,857 1686,902 226,902"/>
                <Baseline points="226,892 1686,892"/>
                <Word id="w_w1aab1b3b2b3b7ab1" language="English" custom="readingOrder {index:0;}">
                    <Coords points="226,857 466,857 466,902 226,902"/>
                    <TextEquiv>
                        <Unicode>cipalement</Unicode>
                    </TextEquiv>
                    <TextStyle fontFamily="Times New Roman" fontSize="10.0"/>
                </Word>
                <Word id="w_w1aab1b3b2b3b7ac23" language="English" custom="readingOrder {index:1;}">
                    <Coords points="484,857 530,857 530,892 484,892"/>
                    <TextEquiv>
                        <Unicode>de</Unicode>
                    </TextEquiv>
                    <TextStyle fontFamily="Times New Roman" fontSize="10.0"/>
                </Word>
                <Word id="w_w1aab1b3b2b3b7ac29" language="English" custom="readingOrder {index:2;}">
                    <Coords points="549,857 655,857 655,893 549,893"/>
                    <TextEquiv>
                        <Unicode>saint</Unicode>
                    </TextEquiv>
                    <TextStyle fontFamily="Times New Roman" fontSize="10.0"/>
                </Word>
                <Word id="w_w1aab1b3b2b3b7ac41" language="English" custom="readingOrder {index:3;}">
                    <Coords points="674,857 845,857 845,901 674,901"/>
                    <TextEquiv>
                        <Unicode>Jérôme;</Unicode>
                    </TextEquiv>
                    <TextStyle fontFamily="Times New Roman" fontSize="10.0"/>
                </Word>
                <Word id="w_w1aab1b3b2b3b7ac57" language="English" custom="readingOrder {index:4;}">
                    <Coords points="866,857 913,857 913,893 866,893"/>
                    <TextEquiv>
                        <Unicode>de</Unicode>
                    </TextEquiv>
                    <TextStyle fontFamily="Times New Roman" fontSize="10.0"/>
                </Word>
                <Word id="w_w1aab1b3b2b3b7ac63" language="English" custom="readingOrder {index:5;}">
                    <Coords points="934,857 1071,857 1071,901 934,901"/>
                    <TextEquiv>
                        <Unicode>Boôce,</Unicode>
                    </TextEquiv>
                    <TextStyle fontFamily="Times New Roman" fontSize="10.0"/>
                </Word>
                <Word id="w_w1aab1b3b2b3b7ac77" language="English" custom="readingOrder {index:6;}">
                    <Coords points="1093,857 1139,857 1139,891 1093,891"/>
                    <TextEquiv>
                        <Unicode>de</Unicode>
                    </TextEquiv>
                    <TextStyle fontFamily="Times New Roman" fontSize="10.0"/>
                </Word>
                <Word id="w_w1aab1b3b2b3b7ac83" language="English" custom="readingOrder {index:7;}">
                    <Coords points="1159,857 1402,857 1402,900 1159,900"/>
                    <TextEquiv>
                        <Unicode>Cassiodore,</Unicode>
                    </TextEquiv>
                    <TextStyle fontFamily="Times New Roman" fontSize="10.0"/>
                </Word>
                <Word id="w_w1aab1b3b2b3b7ad107" language="English" custom="readingOrder {index:8;}">
                    <Coords points="1424,857 1470,857 1470,892 1424,892"/>
                    <TextEquiv>
                        <Unicode>de</Unicode>
                    </TextEquiv>
                    <TextStyle fontFamily="Times New Roman" fontSize="10.0"/>
                </Word>
                <Word id="w_w1aab1b3b2b3b7ad113" language="English" custom="readingOrder {index:9;}">
                    <Coords points="1492,857 1686,857 1686,902 1492,902"/>
                    <TextEquiv>
                        <Unicode>Grégoire</Unicode>
                    </TextEquiv>
                    <TextStyle fontFamily="Times New Roman" fontSize="10.0"/>
                </Word>
                <TextEquiv>
                    <Unicode>cipalement de saint Jérôme; de Boèce, de Cassiodore, de Grégoire</Unicode>
                </TextEquiv>
                <TextStyle fontFamily="Times New Roman" fontSize="10.0"/>
            </TextLine>
            <TextLine id="tl_16" primaryLanguage="English" custom="readingOrder {index:4;}">
                <Coords points="228,901 1685,901 1685,948 228,948"/>
                <Baseline points="228,937 1685,937"/>
                <Word id="w_w1aab1b3b2b3b9ab1" language="English" custom="readingOrder {index:0;}">
                    <Coords points="228,901 274,901 274,936 228,936"/>
                    <TextEquiv>
                        <Unicode>de</Unicode>
                    </TextEquiv>
                    <TextStyle fontFamily="Times New Roman" fontSize="10.0"/>
                </Word>
                <Word id="w_w1aab1b3b2b3b9ab7" language="English" custom="readingOrder {index:1;}">
                    <Coords points="294,902 434,902 434,945 294,945"/>
                    <TextEquiv>
                        <Unicode>Tours,</Unicode>
                    </TextEquiv>
                    <TextStyle fontFamily="Times New Roman" fontSize="10.0"/>
                </Word>
                <Word id="w_w1aab1b3b2b3b9ac21" language="English" custom="readingOrder {index:2;}">
                    <Coords points="455,901 501,901 501,936 455,936"/>
                    <TextEquiv>
                        <Unicode>de</Unicode>
                    </TextEquiv>
                    <TextStyle fontFamily="Times New Roman" fontSize="10.0"/>
                </Word>
                <Word id="w_w1aab1b3b2b3b9ac27" language="English" custom="readingOrder {index:3;}">
                    <Coords points="521,902 628,902 628,938 521,938"/>
                    <TextEquiv>
                        <Unicode>saint</Unicode>
                    </TextEquiv>
                    <TextStyle fontFamily="Times New Roman" fontSize="10.0"/>
                </Word>
                <Word id="w_w1aab1b3b2b3b9ac39" language="English" custom="readingOrder {index:4;}">
                    <Coords points="646,902 862,902 862,947 646,947"/>
                    <TextEquiv>
                        <Unicode>Augustin,</Unicode>
                    </TextEquiv>
                    <TextStyle fontFamily="Times New Roman" fontSize="10.0"/>
                </Word>
                <Word id="w_w1aab1b3b2b3b9ac59" language="English" custom="readingOrder {index:5;}">
                    <Coords points="883,902 929,902 929,937 883,937"/>
                    <TextEquiv>
                        <Unicode>de</Unicode>
                    </TextEquiv>
                    <TextStyle fontFamily="Times New Roman" fontSize="10.0"/>
                </Word>
                <Word id="w_w1aab1b3b2b3b9ac65" language="English" custom="readingOrder {index:6;}">
                    <Coords points="951,902 1151,902 1151,948 951,948"/>
                    <TextEquiv>
                        <Unicode>plusieurs</Unicode>
                    </TextEquiv>
                    <TextStyle fontFamily="Times New Roman" fontSize="10.0"/>
                </Word>
                <Word id="w_w1aab1b3b2b3b9ac85" language="English" custom="readingOrder {index:7;}">
                    <Coords points="1170,902 1252,902 1252,937 1170,937"/>
                    <TextEquiv>
                        <Unicode>rois</Unicode>
                    </TextEquiv>
                    <TextStyle fontFamily="Times New Roman" fontSize="10.0"/>
                </Word>
                <Word id="w_w1aab1b3b2b3b9ac95" language="English" custom="readingOrder {index:8;}">
                    <Coords points="1281,902 1599,902 1599,948 1281,948"/>
                    <TextEquiv>
                        <Unicode>mérovingiens;</Unicode>
                    </TextEquiv>
                    <TextStyle fontFamily="Times New Roman" fontSize="10.0"/>
                </Word>
                <Word id="w_w1aab1b3b2b3b9ad123" language="English" custom="readingOrder {index:9;}">
                    <Coords points="1631,912 1685,912 1685,937 1631,937"/>
                    <TextEquiv>
                        <Unicode>un</Unicode>
                    </TextEquiv>
                    <TextStyle fontFamily="Times New Roman" fontSize="10.0"/>
                </Word>
                <TextEquiv>
                    <Unicode>de Tours, de saint Augustin, de plusieurs rois mérovingiens; un</Unicode>
                </TextEquiv>
                <TextStyle fontFamily="Times New Roman" fontSize="10.0"/>
            </TextLine>
            <TextLine id="tl_17" primaryLanguage="English" custom="readingOrder {index:5;}">
                <Coords points="229,947 1359,947 1359,993 229,993"/>
                <Baseline points="229,982 1359,982"/>
                <Word id="w_w1aab1b3b2b3c11ab1" language="English" custom="readingOrder {index:0;}">
                    <Coords points="229,947 353,947 353,993 229,993"/>
                    <TextEquiv>
                        <Unicode>grand</Unicode>
                    </TextEquiv>
                    <TextStyle fontFamily="Times New Roman" fontSize="10.0"/>
                </Word>
                <Word id="w_w1aab1b3b2b3c11ac13" language="English" custom="readingOrder {index:1;}">
                    <Coords points="375,947 537,947 537,982 375,982"/>
                    <TextEquiv>
                        <Unicode>nombre</Unicode>
                    </TextEquiv>
                    <TextStyle fontFamily="Times New Roman" fontSize="10.0"/>
                </Word>
                <Word id="w_w1aab1b3b2b3c11ac27" language="English" custom="readingOrder {index:2;}">
                    <Coords points="559,947 604,947 604,982 559,982"/>
                    <TextEquiv>
                        <Unicode>de</Unicode>
                    </TextEquiv>
                    <TextStyle fontFamily="Times New Roman" fontSize="10.0"/>
                </Word>
                <Word id="w_w1aab1b3b2b3c11ac33" language="English" custom="readingOrder {index:3;}">
                    <Coords points="626,947 927,947 927,992 626,992"/>
                    <TextEquiv>
                        <Unicode>Charlemagne,</Unicode>
                    </TextEquiv>
                    <TextStyle fontFamily="Times New Roman" fontSize="10.0"/>
                </Word>
                <Word id="w_w1aab1b3b2b3c11ac59" language="English" custom="readingOrder {index:4;}">
                    <Coords points="948,947 1049,947 1049,982 948,982"/>
                    <TextEquiv>
                        <Unicode>ainsi</Unicode>
                    </TextEquiv>
                    <TextStyle fontFamily="Times New Roman" fontSize="10.0"/>
                </Word>
                <Word id="w_w1aab1b3b2b3c11ac71" language="English" custom="readingOrder {index:5;}">
                    <Coords points="1070,957 1145,957 1145,993 1070,993"/>
                    <TextEquiv>
                        <Unicode>que</Unicode>
                    </TextEquiv>
                    <TextStyle fontFamily="Times New Roman" fontSize="10.0"/>
                </Word>
                <Word id="w_w1aab1b3b2b3c11ac79" language="English" custom="readingOrder {index:6;}">
                    <Coords points="1165,947 1359,947 1359,983 1165,983"/>
                    <TextEquiv>
                        <Unicode>d’Alcuin.</Unicode>
                    </TextEquiv>
                    <TextStyle fontFamily="Times New Roman" fontSize="10.0"/>
                </Word>
                <TextEquiv>
                    <Unicode>grand nombre de Charlemagne, ainsi que d’Alcuin.</Unicode>
                </TextEquiv>
                <TextStyle fontFamily="Times New Roman" fontSize="10.0"/>
            </TextLine>
            <TextEquiv>
                <Unicode>La collection s’étend aux premiers temps de l’ère chrétienne, et
meme au delà; car il s’y trouve quelques lettres et de nombreuses
notes de Jules César et des empereurs romains; des apôtres, prin¬
cipalement de saint Jérôme; de Boèce, de Cassiodore, de Grégoire
de Tours, de saint Augustin, de plusieurs rois mérovingiens; un
grand nombre de Charlemagne, ainsi que d’Alcuin.</Unicode>
            </TextEquiv>
        </TextRegion>
        <TextRegion type="paragraph" id="r_2_3" custom="readingOrder {index:3;}">
            <Coords points="226,996 1688,996 1688,1180 226,1180"/>
            <TextLine id="tl_18" primaryLanguage="English" custom="readingOrder {index:0;}">
                <Coords points="270,997 1684,997 1684,1043 270,1043"/>
                <Baseline points="270,1032 1684,1032"/>
                <Word id="w_w1aab1b3b2b5b1ab1" language="English" custom="readingOrder {index:0;}">
                    <Coords points="270,997 398,997 398,1041 270,1041"/>
                    <TextEquiv>
                        <Unicode>Voici,</Unicode>
                    </TextEquiv>
                    <TextStyle fontFamily="Times New Roman" fontSize="10.0"/>
                </Word>
                <Word id="w_w1aab1b3b2b5b1ac15" language="English" custom="readingOrder {index:1;}">
                    <Coords points="421,998 442,998 442,1032 421,1032"/>
                    <TextEquiv>
                        <Unicode>à</Unicode>
                    </TextEquiv>
                    <TextStyle fontFamily="Times New Roman" fontSize="10.0"/>
                </Word>
                <Word id="w_w1aab1b3b2b5b1ac19" language="English" custom="readingOrder {index:2;}">
                    <Coords points="461,1008 509,1008 509,1032 461,1032"/>
                    <TextEquiv>
                        <Unicode>en</Unicode>
                    </TextEquiv>
                    <TextStyle fontFamily="Times New Roman" fontSize="10.0"/>
                </Word>
                <Word id="w_w1aab1b3b2b5b1ac25" language="English" custom="readingOrder {index:3;}">
                    <Coords points="530,998 658,998 658,1033 530,1033"/>
                    <TextEquiv>
                        <Unicode>croire</Unicode>
                    </TextEquiv>
                    <TextStyle fontFamily="Times New Roman" fontSize="10.0"/>
                </Word>
                <Word id="w_w1aab1b3b2b5b1ac39" language="English" custom="readingOrder {index:4;}">
                    <Coords points="679,1008 741,1008 741,1033 679,1033"/>
                    <TextEquiv>
                        <Unicode>ces</Unicode>
                    </TextEquiv>
                    <TextStyle fontFamily="Times New Roman" fontSize="10.0"/>
                </Word>
                <Word id="w_w1aab1b3b2b5b1ac47" language="English" custom="readingOrder {index:5;}">
                    <Coords points="756,998 1002,998 1002,1041 756,1041"/>
                    <TextEquiv>
                        <Unicode>documents,</Unicode>
                    </TextEquiv>
                    <TextStyle fontFamily="Times New Roman" fontSize="10.0"/>
                </Word>
                <Word id="w_w1aab1b3b2b5b1ac69" language="English" custom="readingOrder {index:6;}">
                    <Coords points="1018,997 1202,997 1202,1043 1018,1043"/>
                    <TextEquiv>
                        <Unicode>l’origine</Unicode>
                    </TextEquiv>
                    <TextStyle fontFamily="Times New Roman" fontSize="10.0"/>
                </Word>
                <Word id="w_w1aab1b3b2b5b1ac89" language="English" custom="readingOrder {index:7;}">
                    <Coords points="1217,997 1263,997 1263,1032 1217,1032"/>
                    <TextEquiv>
                        <Unicode>de</Unicode>
                    </TextEquiv>
                    <TextStyle fontFamily="Times New Roman" fontSize="10.0"/>
                </Word>
                <Word id="w_w1aab1b3b2b5b1ac95" language="English" custom="readingOrder {index:8;}">
                    <Coords points="1278,1008 1320,1008 1320,1032 1278,1032"/>
                    <TextEquiv>
                        <Unicode>ce</Unicode>
                    </TextEquiv>
                    <TextStyle fontFamily="Times New Roman" fontSize="10.0"/>
                </Word>
                <Word id="w_w1aab1b3b2b5b1ad101" language="English" custom="readingOrder {index:9;}">
                    <Coords points="1334,998 1475,998 1475,1033 1334,1033"/>
                    <TextEquiv>
                        <Unicode>trésor.</Unicode>
                    </TextEquiv>
                    <TextStyle fontFamily="Times New Roman" fontSize="10.0"/>
                </Word>
                <Word id="w_w1aab1b3b2b5b1ad117" language="English" custom="readingOrder {index:10;}">
                    <Coords points="1490,997 1684,997 1684,1040 1490,1040"/>
                    <TextEquiv>
                        <Unicode>L’abbaye</Unicode>
                    </TextEquiv>
                    <TextStyle fontFamily="Times New Roman" fontSize="10.0"/>
                </Word>
                <TextEquiv>
                    <Unicode>Voici, à en croire ces documents, l’origine de ce trésor. L’abbaye</Unicode>
                </TextEquiv>
                <TextStyle fontFamily="Times New Roman" fontSize="10.0"/>
            </TextLine>
            <TextLine id="tl_19" primaryLanguage="English" custom="readingOrder {index:1;}">
                <Coords points="227,1042 1686,1042 1686,1089 227,1089"/>
                <Baseline points="227,1078 1686,1078"/>
                <Word id="w_w1aab1b3b2b5b3ab1" language="English" custom="readingOrder {index:0;}">
                    <Coords points="227,1042 274,1042 274,1077 227,1077"/>
                    <TextEquiv>
                        <Unicode>de</Unicode>
                    </TextEquiv>
                    <TextStyle fontFamily="Times New Roman" fontSize="10.0"/>
                </Word>
                <Word id="w_w1aab1b3b2b5b3ab7" language="English" custom="readingOrder {index:1;}">
                    <Coords points="293,1042 420,1042 420,1078 293,1078"/>
                    <TextEquiv>
                        <Unicode>Tours</Unicode>
                    </TextEquiv>
                    <TextStyle fontFamily="Times New Roman" fontSize="10.0"/>
                </Word>
                <Word id="w_w1aab1b3b2b5b3ac19" language="English" custom="readingOrder {index:2;}">
                    <Coords points="439,1042 539,1042 539,1078 439,1078"/>
                    <TextEquiv>
                        <Unicode>était</Unicode>
                    </TextEquiv>
                    <TextStyle fontFamily="Times New Roman" fontSize="10.0"/>
                </Word>
                <Word id="w_w1aab1b3b2b5b3ac31" language="English" custom="readingOrder {index:3;}">
                    <Coords points="557,1043 766,1043 766,1078 557,1078"/>
                    <TextEquiv>
                        <Unicode>très-riche</Unicode>
                    </TextEquiv>
                    <TextStyle fontFamily="Times New Roman" fontSize="10.0"/>
                </Word>
                <Word id="w_w1aab1b3b2b5b3ac53" language="English" custom="readingOrder {index:4;}">
                    <Coords points="786,1053 835,1053 835,1077 786,1077"/>
                    <TextEquiv>
                        <Unicode>en</Unicode>
                    </TextEquiv>
                    <TextStyle fontFamily="Times New Roman" fontSize="10.0"/>
                </Word>
                <Word id="w_w1aab1b3b2b5b3ac59" language="English" custom="readingOrder {index:5;}">
                    <Coords points="856,1042 1088,1042 1088,1078 856,1078"/>
                    <TextEquiv>
                        <Unicode>documents</Unicode>
                    </TextEquiv>
                    <TextStyle fontFamily="Times New Roman" fontSize="10.0"/>
                </Word>
                <Word id="w_w1aab1b3b2b5b3ac79" language="English" custom="readingOrder {index:6;}">
                    <Coords points="1108,1043 1281,1043 1281,1078 1108,1078"/>
                    <TextEquiv>
                        <Unicode>anciens.</Unicode>
                    </TextEquiv>
                    <TextStyle fontFamily="Times New Roman" fontSize="10.0"/>
                </Word>
                <Word id="w_w1aab1b3b2b5b3ac97" language="English" custom="readingOrder {index:7;}">
                    <Coords points="1296,1043 1454,1043 1454,1087 1296,1087"/>
                    <TextEquiv>
                        <Unicode>Alcuin,</Unicode>
                    </TextEquiv>
                    <TextStyle fontFamily="Times New Roman" fontSize="10.0"/>
                </Word>
                <Word id="w_w1aab1b3b2b5b3ad113" language="English" custom="readingOrder {index:8;}">
                    <Coords points="1470,1042 1538,1042 1538,1089 1470,1089"/>
                    <TextEquiv>
                        <Unicode>qui</Unicode>
                    </TextEquiv>
                    <TextStyle fontFamily="Times New Roman" fontSize="10.0"/>
                </Word>
                <Word id="w_w1aab1b3b2b5b3ad121" language="English" custom="readingOrder {index:9;}">
                    <Coords points="1553,1054 1602,1054 1602,1078 1553,1078"/>
                    <TextEquiv>
                        <Unicode>en</Unicode>
                    </TextEquiv>
                    <TextStyle fontFamily="Times New Roman" fontSize="10.0"/>
                </Word>
                <Word id="w_w1aab1b3b2b5b3ad127" language="English" custom="readingOrder {index:10;}">
                    <Coords points="1622,1043 1686,1043 1686,1079 1622,1079"/>
                    <TextEquiv>
                        <Unicode>fut</Unicode>
                    </TextEquiv>
                    <TextStyle fontFamily="Times New Roman" fontSize="10.0"/>
                </Word>
                <TextEquiv>
                    <Unicode>de Tours était très-riche en documents anciens. Alcuin, qui en fut</Unicode>
                </TextEquiv>
                <TextStyle fontFamily="Times New Roman" fontSize="10.0"/>
            </TextLine>
            <TextLine id="tl_20" primaryLanguage="English" custom="readingOrder {index:2;}">
                <Coords points="229,1087 1687,1087 1687,1131 229,1131"/>
                <Baseline points="229,1123 1687,1123"/>
                <Word id="w_w1aab1b3b2b5b5ab1" language="English" custom="readingOrder {index:0;}">
                    <Coords points="229,1087 340,1087 340,1131 229,1131"/>
                    <TextEquiv>
                        <Unicode>abbé,</Unicode>
                    </TextEquiv>
                    <TextStyle fontFamily="Times New Roman" fontSize="10.0"/>
                </Word>
                <Word id="w_w1aab1b3b2b5b5ac13" language="English" custom="readingOrder {index:1;}">
                    <Coords points="363,1087 567,1087 567,1123 363,1123"/>
                    <TextEquiv>
                        <Unicode>l’enrichit</Unicode>
                    </TextEquiv>
                    <TextStyle fontFamily="Times New Roman" fontSize="10.0"/>
                </Word>
                <Word id="w_w1aab1b3b2b5b5ac35" language="English" custom="readingOrder {index:2;}">
                    <Coords points="587,1098 741,1098 741,1131 587,1131"/>
                    <TextEquiv>
                        <Unicode>encore,</Unicode>
                    </TextEquiv>
                    <TextStyle fontFamily="Times New Roman" fontSize="10.0"/>
                </Word>
                <Word id="w_w1aab1b3b2b5b5ac51" language="English" custom="readingOrder {index:3;}">
                    <Coords points="761,1098 810,1098 810,1122 761,1122"/>
                    <TextEquiv>
                        <Unicode>en</Unicode>
                    </TextEquiv>
                    <TextStyle fontFamily="Times New Roman" fontSize="10.0"/>
                </Word>
                <Word id="w_w1aab1b3b2b5b5ac57" language="English" custom="readingOrder {index:4;}">
                    <Coords points="831,1088 977,1088 977,1123 831,1123"/>
                    <TextEquiv>
                        <Unicode>faisant</Unicode>
                    </TextEquiv>
                    <TextStyle fontFamily="Times New Roman" fontSize="10.0"/>
                </Word>
                <Word id="w_w1aab1b3b2b5b5ac73" language="English" custom="readingOrder {index:5;}">
                    <Coords points="996,1087 1233,1087 1233,1123 996,1123"/>
                    <TextEquiv>
                        <Unicode>rechercher</Unicode>
                    </TextEquiv>
                    <TextStyle fontFamily="Times New Roman" fontSize="10.0"/>
                </Word>
                <Word id="w_w1aab1b3b2b5b5ac95" language="English" custom="readingOrder {index:6;}">
                    <Coords points="1252,1098 1300,1098 1300,1122 1252,1122"/>
                    <TextEquiv>
                        <Unicode>en</Unicode>
                    </TextEquiv>
                    <TextStyle fontFamily="Times New Roman" fontSize="10.0"/>
                </Word>
                <Word id="w_w1aab1b3b2b5b5ad101" language="English" custom="readingOrder {index:7;}">
                    <Coords points="1322,1088 1436,1088 1436,1124 1322,1124"/>
                    <TextEquiv>
                        <Unicode>Italie</Unicode>
                    </TextEquiv>
                    <TextStyle fontFamily="Times New Roman" fontSize="10.0"/>
                </Word>
                <Word id="w_w1aab1b3b2b5b5ad115" language="English" custom="readingOrder {index:8;}">
                    <Coords points="1456,1092 1496,1092 1496,1124 1456,1124"/>
                    <TextEquiv>
                        <Unicode>et</Unicode>
                    </TextEquiv>
                    <TextStyle fontFamily="Times New Roman" fontSize="10.0"/>
                </Word>
                <Word id="w_w1aab1b3b2b5b5ad121" language="English" custom="readingOrder {index:9;}">
                    <Coords points="1517,1088 1615,1088 1615,1123 1517,1123"/>
                    <TextEquiv>
                        <Unicode>dans</Unicode>
                    </TextEquiv>
                    <TextStyle fontFamily="Times New Roman" fontSize="10.0"/>
                </Word>
                <Word id="w_w1aab1b3b2b5b5ad131" language="English" custom="readingOrder {index:10;}">
                    <Coords points="1629,1088 1687,1088 1687,1123 1629,1123"/>
                    <TextEquiv>
                        <Unicode>les</Unicode>
                    </TextEquiv>
                    <TextStyle fontFamily="Times New Roman" fontSize="10.0"/>
                </Word>
                <TextEquiv>
                    <Unicode>abbé, l’enrichit encore, en faisant rechercher en Italie et dans les</Unicode>
                </TextEquiv>
                <TextStyle fontFamily="Times New Roman" fontSize="10.0"/>
            </TextLine>
            <TextLine id="tl_21" primaryLanguage="English" custom="readingOrder {index:3;}">
                <Coords points="234,1132 1336,1132 1336,1179 234,1179"/>
                <Baseline points="234,1168 1336,1168"/>
                <Word id="w_w1aab1b3b2b5b7ab1" language="English" custom="readingOrder {index:0;}">
                    <Coords points="234,1143 324,1143 324,1178 234,1178"/>
                    <TextEquiv>
                        <Unicode>pays</Unicode>
                    </TextEquiv>
                    <TextStyle fontFamily="Times New Roman" fontSize="10.0"/>
                </Word>
                <Word id="w_w1aab1b3b2b5b7ac11" language="English" custom="readingOrder {index:1;}">
                    <Coords points="345,1133 554,1133 554,1177 345,1177"/>
                    <TextEquiv>
                        <Unicode>étrangers</Unicode>
                    </TextEquiv>
                    <TextStyle fontFamily="Times New Roman" fontSize="10.0"/>
                </Word>
                <Word id="w_w1aab1b3b2b5b7ac31" language="English" custom="readingOrder {index:2;}">
                    <Coords points="574,1135 664,1135 664,1168 574,1168"/>
                    <TextEquiv>
                        <Unicode>tout</Unicode>
                    </TextEquiv>
                    <TextStyle fontFamily="Times New Roman" fontSize="10.0"/>
                </Word>
                <Word id="w_w1aab1b3b2b5b7ac41" language="English" custom="readingOrder {index:3;}">
                    <Coords points="682,1143 724,1143 724,1168 682,1168"/>
                    <TextEquiv>
                        <Unicode>ce</Unicode>
                    </TextEquiv>
                    <TextStyle fontFamily="Times New Roman" fontSize="10.0"/>
                </Word>
                <Word id="w_w1aab1b3b2b5b7ac47" language="English" custom="readingOrder {index:4;}">
                    <Coords points="745,1133 813,1133 813,1178 745,1178"/>
                    <TextEquiv>
                        <Unicode>qui</Unicode>
                    </TextEquiv>
                    <TextStyle fontFamily="Times New Roman" fontSize="10.0"/>
                </Word>
                <Word id="w_w1aab1b3b2b5b7ac55" language="English" custom="readingOrder {index:5;}">
                    <Coords points="834,1133 998,1133 998,1179 834,1179"/>
                    <TextEquiv>
                        <Unicode>pouvait</Unicode>
                    </TextEquiv>
                    <TextStyle fontFamily="Times New Roman" fontSize="10.0"/>
                </Word>
                <Word id="w_w1aab1b3b2b5b7ac71" language="English" custom="readingOrder {index:6;}">
                    <Coords points="1016,1132 1072,1132 1072,1178 1016,1178"/>
                    <TextEquiv>
                        <Unicode>s’y</Unicode>
                    </TextEquiv>
                    <TextStyle fontFamily="Times New Roman" fontSize="10.0"/>
                </Word>
                <Word id="w_w1aab1b3b2b5b7ac79" language="English" custom="readingOrder {index:7;}">
                    <Coords points="1090,1133 1336,1133 1336,1168 1090,1168"/>
                    <TextEquiv>
                        <Unicode>rencontrer.</Unicode>
                    </TextEquiv>
                    <TextStyle fontFamily="Times New Roman" fontSize="10.0"/>
                </Word>
                <TextEquiv>
                    <Unicode>pays étrangers tout ce qui pouvait s’y rencontrer.</Unicode>
                </TextEquiv>
                <TextStyle fontFamily="Times New Roman" fontSize="10.0"/>
            </TextLine>
            <TextEquiv>
                <Unicode>Voici, à en croire ces documents, l’origine de ce trésor. L’abbaye
de Tours était très-riche en documents anciens. Alcuin, qui en fut
abbé, l’enrichit encore, en faisant rechercher en Italie et dans les
pays étrangers tout ce qui pouvait s’y rencontrer.</Unicode>
            </TextEquiv>
        </TextRegion>
        <TextRegion type="paragraph" id="r_2_4" custom="readingOrder {index:4;}">
            <Coords points="230,1181 1694,1181 1694,1545 230,1545"/>
            <TextLine id="tl_22" primaryLanguage="English" custom="readingOrder {index:0;}">
                <Coords points="273,1182 1688,1182 1688,1230 273,1230"/>
                <Baseline points="273,1218 1688,1218"/>
                <Word id="w_w1aab1b3b2b7b1ab1" language="English" custom="readingOrder {index:0;}">
                    <Coords points="273,1183 474,1183 474,1226 273,1226"/>
                    <TextEquiv>
                        <Unicode>Rabelais,</Unicode>
                    </TextEquiv>
                    <TextStyle fontFamily="Times New Roman" fontSize="10.0"/>
                </Word>
                <Word id="w_w1aab1b3b2b7b1ac21" language="English" custom="readingOrder {index:1;}">
                    <Coords points="492,1184 560,1184 560,1229 492,1229"/>
                    <TextEquiv>
                        <Unicode>qui</Unicode>
                    </TextEquiv>
                    <TextStyle fontFamily="Times New Roman" fontSize="10.0"/>
                </Word>
                <Word id="w_w1aab1b3b2b7b1ac29" language="English" custom="readingOrder {index:2;}">
                    <Coords points="581,1184 680,1184 680,1219 581,1219"/>
                    <TextEquiv>
                        <Unicode>était</Unicode>
                    </TextEquiv>
                    <TextStyle fontFamily="Times New Roman" fontSize="10.0"/>
                </Word>
                <Word id="w_w1aab1b3b2b7b1ac41" language="English" custom="readingOrder {index:3;}">
                    <Coords points="700,1182 824,1182 824,1230 700,1230"/>
                    <TextEquiv>
                        <Unicode>grand</Unicode>
                    </TextEquiv>
                    <TextStyle fontFamily="Times New Roman" fontSize="10.0"/>
                </Word>
                <Word id="w_w1aab1b3b2b7b1ac53" language="English" custom="readingOrder {index:4;}">
                    <Coords points="846,1185 1027,1185 1027,1218 846,1218"/>
                    <TextEquiv>
                        <Unicode>amateur</Unicode>
                    </TextEquiv>
                    <TextStyle fontFamily="Times New Roman" fontSize="10.0"/>
                </Word>
                <Word id="w_w1aab1b3b2b7b1ac69" language="English" custom="readingOrder {index:5;}">
                    <Coords points="1045,1183 1092,1183 1092,1218 1045,1218"/>
                    <TextEquiv>
                        <Unicode>de</Unicode>
                    </TextEquiv>
                    <TextStyle fontFamily="Times New Roman" fontSize="10.0"/>
                </Word>
                <Word id="w_w1aab1b3b2b7b1ac75" language="English" custom="readingOrder {index:6;}">
                    <Coords points="1112,1183 1243,1183 1243,1229 1112,1229"/>
                    <TextEquiv>
                        <Unicode>pièces</Unicode>
                    </TextEquiv>
                    <TextStyle fontFamily="Times New Roman" fontSize="10.0"/>
                </Word>
                <Word id="w_w1aab1b3b2b7b1ac89" language="English" custom="readingOrder {index:7;}">
                    <Coords points="1263,1183 1310,1183 1310,1218 1263,1218"/>
                    <TextEquiv>
                        <Unicode>de</Unicode>
                    </TextEquiv>
                    <TextStyle fontFamily="Times New Roman" fontSize="10.0"/>
                </Word>
                <Word id="w_w1aab1b3b2b7b1ac95" language="English" custom="readingOrder {index:8;}">
                    <Coords points="1331,1193 1373,1193 1373,1218 1331,1218"/>
                    <TextEquiv>
                        <Unicode>ce</Unicode>
                    </TextEquiv>
                    <TextStyle fontFamily="Times New Roman" fontSize="10.0"/>
                </Word>
                <Word id="w_w1aab1b3b2b7b1ad101" language="English" custom="readingOrder {index:9;}">
                    <Coords points="1401,1193 1537,1193 1537,1228 1401,1228"/>
                    <TextEquiv>
                        <Unicode>genre,</Unicode>
                    </TextEquiv>
                    <TextStyle fontFamily="Times New Roman" fontSize="10.0"/>
                </Word>
                <Word id="w_w1aab1b3b2b7b1ad115" language="English" custom="readingOrder {index:10;}">
                    <Coords points="1558,1184 1599,1184 1599,1218 1558,1218"/>
                    <TextEquiv>
                        <Unicode>et</Unicode>
                    </TextEquiv>
                    <TextStyle fontFamily="Times New Roman" fontSize="10.0"/>
                </Word>
                <Word id="w_w1aab1b3b2b7b1ad121" language="English" custom="readingOrder {index:11;}">
                    <Coords points="1618,1183 1688,1183 1688,1228 1618,1228"/>
                    <TextEquiv>
                        <Unicode>qui</Unicode>
                    </TextEquiv>
                    <TextStyle fontFamily="Times New Roman" fontSize="10.0"/>
                </Word>
                <TextEquiv>
                    <Unicode>Rabelais, qui était grand amateur de pièces de ce genre, et qui</Unicode>
                </TextEquiv>
                <TextStyle fontFamily="Times New Roman" fontSize="10.0"/>
            </TextLine>
            <TextLine id="tl_23" primaryLanguage="English" custom="readingOrder {index:1;}">
                <Coords points="231,1228 1691,1228 1691,1277 231,1277"/>
                <Baseline points="231,1263 1691,1263"/>
                <Word id="w_w1aab1b3b2b7b3ab1" language="English" custom="readingOrder {index:0;}">
                    <Coords points="231,1228 331,1228 331,1264 231,1264"/>
                    <TextEquiv>
                        <Unicode>était</Unicode>
                    </TextEquiv>
                    <TextStyle fontFamily="Times New Roman" fontSize="10.0"/>
                </Word>
                <Word id="w_w1aab1b3b2b7b3ac13" language="English" custom="readingOrder {index:1;}">
                    <Coords points="350,1229 476,1229 476,1263 350,1263"/>
                    <TextEquiv>
                        <Unicode>môme</Unicode>
                    </TextEquiv>
                    <TextStyle fontFamily="Times New Roman" fontSize="10.0"/>
                </Word>
                <Word id="w_w1aab1b3b2b7b3ac23" language="English" custom="readingOrder {index:2;}">
                    <Coords points="496,1229 658,1229 658,1264 496,1264"/>
                    <TextEquiv>
                        <Unicode>stimulé</Unicode>
                    </TextEquiv>
                    <TextStyle fontFamily="Times New Roman" fontSize="10.0"/>
                </Word>
                <Word id="w_w1aab1b3b2b7b3ac39" language="English" custom="readingOrder {index:3;}">
                    <Coords points="677,1229 773,1229 773,1264 677,1264"/>
                    <TextEquiv>
                        <Unicode>dans</Unicode>
                    </TextEquiv>
                    <TextStyle fontFamily="Times New Roman" fontSize="10.0"/>
                </Word>
                <Word id="w_w1aab1b3b2b7b3ac49" language="English" custom="readingOrder {index:4;}">
                    <Coords points="792,1238 854,1238 854,1263 792,1263"/>
                    <TextEquiv>
                        <Unicode>ses</Unicode>
                    </TextEquiv>
                    <TextStyle fontFamily="Times New Roman" fontSize="10.0"/>
                </Word>
                <Word id="w_w1aab1b3b2b7b3ac57" language="English" custom="readingOrder {index:5;}">
                    <Coords points="874,1228 1107,1228 1107,1263 874,1263"/>
                    <TextEquiv>
                        <Unicode>recherches</Unicode>
                    </TextEquiv>
                    <TextStyle fontFamily="Times New Roman" fontSize="10.0"/>
                </Word>
                <Word id="w_w1aab1b3b2b7b3ac79" language="English" custom="readingOrder {index:6;}">
                    <Coords points="1128,1238 1199,1238 1199,1273 1128,1273"/>
                    <TextEquiv>
                        <Unicode>par</Unicode>
                    </TextEquiv>
                    <TextStyle fontFamily="Times New Roman" fontSize="10.0"/>
                </Word>
                <Word id="w_w1aab1b3b2b7b3ac87" language="English" custom="readingOrder {index:7;}">
                    <Coords points="1222,1228 1412,1228 1412,1277 1222,1277"/>
                    <TextEquiv>
                        <Unicode>François</Unicode>
                    </TextEquiv>
                    <TextStyle fontFamily="Times New Roman" fontSize="10.0"/>
                </Word>
                <Word id="w_w1aab1b3b2b7b3ad105" language="English" custom="readingOrder {index:8;}">
                    <Coords points="1442,1228 1458,1228 1458,1263 1442,1263"/>
                    <TextEquiv>
                        <Unicode>I</Unicode>
                    </TextEquiv>
                    <TextStyle fontFamily="Times New Roman" fontSize="10.0"/>
                </Word>
                <Word id="w_w1aab1b3b2b7b3b1b1" language="English" custom="readingOrder {index:9;}">
                    <Coords points="1461,1234 1489,1234 1489,1250 1461,1250"/>
                    <TextEquiv>
                        <Unicode>er</Unicode>
                    </TextEquiv>
                    <TextStyle fontFamily="Times New Roman" fontSize="10.0" superscript="true"/>
                </Word>
                <Word id="w_w1aab1b3b2b7b3b2b3" language="English" custom="readingOrder {index:10;}">
                    <Coords points="1519,1229 1559,1229 1559,1263 1519,1263"/>
                    <TextEquiv>
                        <Unicode>et</Unicode>
                    </TextEquiv>
                    <TextStyle fontFamily="Times New Roman" fontSize="10.0"/>
                </Word>
                <Word id="w_w1aab1b3b2b7b3b2b9" language="English" custom="readingOrder {index:11;}">
                    <Coords points="1590,1228 1691,1228 1691,1263 1590,1263"/>
                    <TextEquiv>
                        <Unicode>Mar¬</Unicode>
                    </TextEquiv>
                    <TextStyle fontFamily="Times New Roman" fontSize="10.0"/>
                </Word>
                <TextEquiv>
                    <Unicode>était môme stimulé dans ses recherches par François Ier et Mar¬</Unicode>
                </TextEquiv>
            </TextLine>
            <TextLine id="tl_24" primaryLanguage="English" custom="readingOrder {index:2;}">
                <Coords points="231,1272 1689,1272 1689,1320 231,1320"/>
                <Baseline points="231,1309 1689,1309"/>
                <Word id="w_w1aab1b3b2b7b5ab1" language="English" custom="readingOrder {index:0;}">
                    <Coords points="231,1273 389,1273 389,1318 231,1318"/>
                    <TextEquiv>
                        <Unicode>guerite</Unicode>
                    </TextEquiv>
                    <TextStyle fontFamily="Times New Roman" fontSize="10.0"/>
                </Word>
                <Word id="w_w1aab1b3b2b7b5ac17" language="English" custom="readingOrder {index:1;}">
                    <Coords points="405,1273 701,1273 701,1320 405,1320"/>
                    <TextEquiv>
                        <Unicode>d’Angoulème,</Unicode>
                    </TextEquiv>
                    <TextStyle fontFamily="Times New Roman" fontSize="10.0"/>
                </Word>
                <Word id="w_w1aab1b3b2b7b5ac43" language="English" custom="readingOrder {index:2;}">
                    <Coords points="718,1273 960,1273 960,1309 718,1309"/>
                    <TextEquiv>
                        <Unicode>connaissait</Unicode>
                    </TextEquiv>
                    <TextStyle fontFamily="Times New Roman" fontSize="10.0"/>
                </Word>
                <Word id="w_w1aab1b3b2b7b5ac67" language="English" custom="readingOrder {index:3;}">
                    <Coords points="974,1284 1036,1284 1036,1309 974,1309"/>
                    <TextEquiv>
                        <Unicode>ces</Unicode>
                    </TextEquiv>
                    <TextStyle fontFamily="Times New Roman" fontSize="10.0"/>
                </Word>
                <Word id="w_w1aab1b3b2b7b5ac75" language="English" custom="readingOrder {index:4;}">
                    <Coords points="1050,1272 1230,1272 1230,1309 1050,1309"/>
                    <TextEquiv>
                        <Unicode>archives</Unicode>
                    </TextEquiv>
                    <TextStyle fontFamily="Times New Roman" fontSize="10.0"/>
                </Word>
                <Word id="w_w1aab1b3b2b7b5ac93" language="English" custom="readingOrder {index:5;}">
                    <Coords points="1242,1273 1288,1273 1288,1308 1242,1308"/>
                    <TextEquiv>
                        <Unicode>de</Unicode>
                    </TextEquiv>
                    <TextStyle fontFamily="Times New Roman" fontSize="10.0"/>
                </Word>
                <Word id="w_w1aab1b3b2b7b5ac99" language="English" custom="readingOrder {index:6;}">
                    <Coords points="1301,1273 1477,1273 1477,1318 1301,1318"/>
                    <TextEquiv>
                        <Unicode>l’abbaye</Unicode>
                    </TextEquiv>
                    <TextStyle fontFamily="Times New Roman" fontSize="10.0"/>
                </Word>
                <Word id="w_w1aab1b3b2b7b5ad117" language="English" custom="readingOrder {index:7;}">
                    <Coords points="1490,1273 1536,1273 1536,1308 1490,1308"/>
                    <TextEquiv>
                        <Unicode>de</Unicode>
                    </TextEquiv>
                    <TextStyle fontFamily="Times New Roman" fontSize="10.0"/>
                </Word>
                <Word id="w_w1aab1b3b2b7b5ad123" language="English" custom="readingOrder {index:8;}">
                    <Coords points="1548,1273 1689,1273 1689,1316 1548,1316"/>
                    <TextEquiv>
                        <Unicode>Tours,</Unicode>
                    </TextEquiv>
                    <TextStyle fontFamily="Times New Roman" fontSize="10.0"/>
                </Word>
                <TextEquiv>
                    <Unicode>guerite d’Angoulême, connaissait ces archives de l’abbaye de Tours,</Unicode>
                </TextEquiv>
                <TextStyle fontFamily="Times New Roman" fontSize="10.0"/>
            </TextLine>
            <TextLine id="tl_25" primaryLanguage="English" custom="readingOrder {index:3;}">
                <Coords points="231,1318 1689,1318 1689,1365 231,1365"/>
                <Baseline points="231,1353 1689,1353"/>
                <Word id="w_w1aab1b3b2b7b7ab1" language="English" custom="readingOrder {index:0;}">
                    <Coords points="231,1320 272,1320 272,1353 231,1353"/>
                    <TextEquiv>
                        <Unicode>et</Unicode>
                    </TextEquiv>
                    <TextStyle fontFamily="Times New Roman" fontSize="10.0"/>
                </Word>
                <Word id="w_w1aab1b3b2b7b7ab7" language="English" custom="readingOrder {index:1;}">
                    <Coords points="291,1329 339,1329 339,1353 291,1353"/>
                    <TextEquiv>
                        <Unicode>en</Unicode>
                    </TextEquiv>
                    <TextStyle fontFamily="Times New Roman" fontSize="10.0"/>
                </Word>
                <Word id="w_w1aab1b3b2b7b7ac13" language="English" custom="readingOrder {index:2;}">
                    <Coords points="360,1319 406,1319 406,1354 360,1354"/>
                    <TextEquiv>
                        <Unicode>fit</Unicode>
                    </TextEquiv>
                    <TextStyle fontFamily="Times New Roman" fontSize="10.0"/>
                </Word>
                <Word id="w_w1aab1b3b2b7b7ac21" language="English" custom="readingOrder {index:3;}">
                    <Coords points="424,1318 524,1318 524,1354 424,1354"/>
                    <TextEquiv>
                        <Unicode>faire</Unicode>
                    </TextEquiv>
                    <TextStyle fontFamily="Times New Roman" fontSize="10.0"/>
                </Word>
                <Word id="w_w1aab1b3b2b7b7ac33" language="English" custom="readingOrder {index:4;}">
                    <Coords points="545,1319 613,1319 613,1354 545,1354"/>
                    <TextEquiv>
                        <Unicode>des</Unicode>
                    </TextEquiv>
                    <TextStyle fontFamily="Times New Roman" fontSize="10.0"/>
                </Word>
                <Word id="w_w1aab1b3b2b7b7ac41" language="English" custom="readingOrder {index:5;}">
                    <Coords points="626,1319 757,1319 757,1365 626,1365"/>
                    <TextEquiv>
                        <Unicode>copies</Unicode>
                    </TextEquiv>
                    <TextStyle fontFamily="Times New Roman" fontSize="10.0"/>
                </Word>
                <Word id="w_w1aab1b3b2b7b7ac55" language="English" custom="readingOrder {index:6;}">
                    <Coords points="771,1320 811,1320 811,1353 771,1353"/>
                    <TextEquiv>
                        <Unicode>et</Unicode>
                    </TextEquiv>
                    <TextStyle fontFamily="Times New Roman" fontSize="10.0"/>
                </Word>
                <Word id="w_w1aab1b3b2b7b7ac61" language="English" custom="readingOrder {index:7;}">
                    <Coords points="823,1318 890,1318 890,1354 823,1354"/>
                    <TextEquiv>
                        <Unicode>des</Unicode>
                    </TextEquiv>
                    <TextStyle fontFamily="Times New Roman" fontSize="10.0"/>
                </Word>
                <Word id="w_w1aab1b3b2b7b7ac69" language="English" custom="readingOrder {index:8;}">
                    <Coords points="904,1318 1152,1318 1152,1354 904,1354"/>
                    <TextEquiv>
                        <Unicode>traductions</Unicode>
                    </TextEquiv>
                    <TextStyle fontFamily="Times New Roman" fontSize="10.0"/>
                </Word>
                <Word id="w_w1aab1b3b2b7b7ac93" language="English" custom="readingOrder {index:9;}">
                    <Coords points="1166,1329 1214,1329 1214,1353 1166,1353"/>
                    <TextEquiv>
                        <Unicode>en</Unicode>
                    </TextEquiv>
                    <TextStyle fontFamily="Times New Roman" fontSize="10.0"/>
                </Word>
                <Word id="w_w1aab1b3b2b7b7ac99" language="English" custom="readingOrder {index:10;}">
                    <Coords points="1230,1318 1392,1318 1392,1353 1230,1353"/>
                    <TextEquiv>
                        <Unicode>nombre</Unicode>
                    </TextEquiv>
                    <TextStyle fontFamily="Times New Roman" fontSize="10.0"/>
                </Word>
                <Word id="w_w1aab1b3b2b7b7ad113" language="English" custom="readingOrder {index:11;}">
                    <Coords points="1405,1318 1689,1318 1689,1354 1405,1354"/>
                    <TextEquiv>
                        <Unicode>considérable.</Unicode>
                    </TextEquiv>
                    <TextStyle fontFamily="Times New Roman" fontSize="10.0"/>
                </Word>
                <TextEquiv>
                    <Unicode>et en fit faire des copies et des traductions en nombre considérable.</Unicode>
                </TextEquiv>
                <TextStyle fontFamily="Times New Roman" fontSize="10.0"/>
            </TextLine>
            <TextLine id="tl_26" primaryLanguage="English" custom="readingOrder {index:4;}">
                <Coords points="231,1363 1693,1363 1693,1409 231,1409"/>
                <Baseline points="231,1398 1693,1398"/>
                <Word id="w_w1aab1b3b2b7b9ab1" language="English" custom="readingOrder {index:0;}">
                    <Coords points="231,1363 336,1363 336,1398 231,1398"/>
                    <TextEquiv>
                        <Unicode>Tout</Unicode>
                    </TextEquiv>
                    <TextStyle fontFamily="Times New Roman" fontSize="10.0"/>
                </Word>
                <Word id="w_w1aab1b3b2b7b9ac11" language="English" custom="readingOrder {index:1;}">
                    <Coords points="355,1363 440,1363 440,1398 355,1398"/>
                    <TextEquiv>
                        <Unicode>cela</Unicode>
                    </TextEquiv>
                    <TextStyle fontFamily="Times New Roman" fontSize="10.0"/>
                </Word>
                <Word id="w_w1aab1b3b2b7b9ac21" language="English" custom="readingOrder {index:2;}">
                    <Coords points="458,1375 498,1375 498,1400 458,1400"/>
                    <TextEquiv>
                        <Unicode>se</Unicode>
                    </TextEquiv>
                    <TextStyle fontFamily="Times New Roman" fontSize="10.0"/>
                </Word>
                <Word id="w_w1aab1b3b2b7b9ac27" language="English" custom="readingOrder {index:3;}">
                    <Coords points="519,1364 699,1364 699,1400 519,1400"/>
                    <TextEquiv>
                        <Unicode>trouvait</Unicode>
                    </TextEquiv>
                    <TextStyle fontFamily="Times New Roman" fontSize="10.0"/>
                </Word>
                <Word id="w_w1aab1b3b2b7b9ac45" language="English" custom="readingOrder {index:4;}">
                    <Coords points="718,1364 740,1364 740,1398 718,1398"/>
                    <TextEquiv>
                        <Unicode>à</Unicode>
                    </TextEquiv>
                    <TextStyle fontFamily="Times New Roman" fontSize="10.0"/>
                </Word>
                <Word id="w_w1aab1b3b2b7b9ac49" language="English" custom="readingOrder {index:5;}">
                    <Coords points="757,1374 827,1374 827,1399 757,1399"/>
                    <TextEquiv>
                        <Unicode>son</Unicode>
                    </TextEquiv>
                    <TextStyle fontFamily="Times New Roman" fontSize="10.0"/>
                </Word>
                <Word id="w_w1aab1b3b2b7b9ac57" language="English" custom="readingOrder {index:6;}">
                    <Coords points="847,1363 1042,1363 1042,1409 847,1409"/>
                    <TextEquiv>
                        <Unicode>ermitage</Unicode>
                    </TextEquiv>
                    <TextStyle fontFamily="Times New Roman" fontSize="10.0"/>
                </Word>
                <Word id="w_w1aab1b3b2b7b9ac75" language="English" custom="readingOrder {index:7;}">
                    <Coords points="1061,1363 1107,1363 1107,1398 1061,1398"/>
                    <TextEquiv>
                        <Unicode>de</Unicode>
                    </TextEquiv>
                    <TextStyle fontFamily="Times New Roman" fontSize="10.0"/>
                </Word>
                <Word id="w_w1aab1b3b2b7b9ac81" language="English" custom="readingOrder {index:8;}">
                    <Coords points="1127,1364 1303,1364 1303,1409 1127,1409"/>
                    <TextEquiv>
                        <Unicode>Langey,</Unicode>
                    </TextEquiv>
                    <TextStyle fontFamily="Times New Roman" fontSize="10.0"/>
                </Word>
                <Word id="w_w1aab1b3b2b7b9ac97" language="English" custom="readingOrder {index:9;}">
                    <Coords points="1324,1363 1549,1363 1549,1407 1324,1407"/>
                    <TextEquiv>
                        <Unicode>dépendant</Unicode>
                    </TextEquiv>
                    <TextStyle fontFamily="Times New Roman" fontSize="10.0"/>
                </Word>
                <Word id="w_w1aab1b3b2b7b9ad117" language="English" custom="readingOrder {index:10;}">
                    <Coords points="1575,1363 1621,1363 1621,1398 1575,1398"/>
                    <TextEquiv>
                        <Unicode>de</Unicode>
                    </TextEquiv>
                    <TextStyle fontFamily="Times New Roman" fontSize="10.0"/>
                </Word>
                <Word id="w_w1aab1b3b2b7b9ad123" language="English" custom="readingOrder {index:11;}">
                    <Coords points="1653,1363 1693,1363 1693,1399 1653,1399"/>
                    <TextEquiv>
                        <Unicode>la</Unicode>
                    </TextEquiv>
                    <TextStyle fontFamily="Times New Roman" fontSize="10.0"/>
                </Word>
                <TextEquiv>
                    <Unicode>Tout cela se trouvait à son ermitage de Langey, dépendant de la</Unicode>
                </TextEquiv>
                <TextStyle fontFamily="Times New Roman" fontSize="10.0"/>
            </TextLine>
            <TextLine id="tl_27" primaryLanguage="English" custom="readingOrder {index:5;}">
                <Coords points="233,1407 1693,1407 1693,1454 233,1454"/>
                <Baseline points="233,1444 1693,1444"/>
                <Word id="w_w1aab1b3b2b7c11ab1" language="English" custom="readingOrder {index:0;}">
                    <Coords points="233,1408 433,1408 433,1453 233,1453"/>
                    <TextEquiv>
                        <Unicode>propriété</Unicode>
                    </TextEquiv>
                    <TextStyle fontFamily="Times New Roman" fontSize="10.0"/>
                </Word>
                <Word id="w_w1aab1b3b2b7c11ac21" language="English" custom="readingOrder {index:1;}">
                    <Coords points="454,1409 521,1409 521,1445 454,1445"/>
                    <TextEquiv>
                        <Unicode>des</Unicode>
                    </TextEquiv>
                    <TextStyle fontFamily="Times New Roman" fontSize="10.0"/>
                </Word>
                <Word id="w_w1aab1b3b2b7c11ac29" language="English" custom="readingOrder {index:2;}">
                    <Coords points="540,1410 598,1410 598,1444 540,1444"/>
                    <TextEquiv>
                        <Unicode>Du</Unicode>
                    </TextEquiv>
                    <TextStyle fontFamily="Times New Roman" fontSize="10.0"/>
                </Word>
                <Word id="w_w1aab1b3b2b7c11ac35" language="English" custom="readingOrder {index:3;}">
                    <Coords points="619,1409 771,1409 771,1454 619,1454"/>
                    <TextEquiv>
                        <Unicode>Belley,</Unicode>
                    </TextEquiv>
                    <TextStyle fontFamily="Times New Roman" fontSize="10.0"/>
                </Word>
                <Word id="w_w1aab1b3b2b7c11ac51" language="English" custom="readingOrder {index:4;}">
                    <Coords points="792,1413 833,1413 833,1444 792,1444"/>
                    <TextEquiv>
                        <Unicode>et</Unicode>
                    </TextEquiv>
                    <TextStyle fontFamily="Times New Roman" fontSize="10.0"/>
                </Word>
                <Word id="w_w1aab1b3b2b7c11ac57" language="English" custom="readingOrder {index:5;}">
                    <Coords points="852,1407 986,1407 986,1444 852,1444"/>
                    <TextEquiv>
                        <Unicode>aurait</Unicode>
                    </TextEquiv>
                    <TextStyle fontFamily="Times New Roman" fontSize="10.0"/>
                </Word>
                <Word id="w_w1aab1b3b2b7c11ac71" language="English" custom="readingOrder {index:6;}">
                    <Coords points="1004,1408 1115,1408 1115,1454 1004,1454"/>
                    <TextEquiv>
                        <Unicode>passé</Unicode>
                    </TextEquiv>
                    <TextStyle fontFamily="Times New Roman" fontSize="10.0"/>
                </Word>
                <Word id="w_w1aab1b3b2b7c11ac83" language="English" custom="readingOrder {index:7;}">
                    <Coords points="1135,1408 1232,1408 1232,1444 1135,1444"/>
                    <TextEquiv>
                        <Unicode>dans</Unicode>
                    </TextEquiv>
                    <TextStyle fontFamily="Times New Roman" fontSize="10.0"/>
                </Word>
                <Word id="w_w1aab1b3b2b7c11ac93" language="English" custom="readingOrder {index:8;}">
                    <Coords points="1250,1408 1289,1408 1289,1443 1250,1443"/>
                    <TextEquiv>
                        <Unicode>la</Unicode>
                    </TextEquiv>
                    <TextStyle fontFamily="Times New Roman" fontSize="10.0"/>
                </Word>
                <Word id="w_w1aab1b3b2b7c11ac99" language="English" custom="readingOrder {index:9;}">
                    <Coords points="1309,1409 1519,1409 1519,1444 1309,1444"/>
                    <TextEquiv>
                        <Unicode>collection</Unicode>
                    </TextEquiv>
                    <TextStyle fontFamily="Times New Roman" fontSize="10.0"/>
                </Word>
                <Word id="w_w1aab1b3b2b7c11ad121" language="English" custom="readingOrder {index:10;}">
                    <Coords points="1540,1408 1586,1408 1586,1443 1540,1443"/>
                    <TextEquiv>
                        <Unicode>de</Unicode>
                    </TextEquiv>
                    <TextStyle fontFamily="Times New Roman" fontSize="10.0"/>
                </Word>
                <Word id="w_w1aab1b3b2b7c11ad127" language="English" custom="readingOrder {index:11;}">
                    <Coords points="1607,1408 1693,1408 1693,1443 1607,1443"/>
                    <TextEquiv>
                        <Unicode>l’in¬</Unicode>
                    </TextEquiv>
                    <TextStyle fontFamily="Times New Roman" fontSize="10.0"/>
                </Word>
                <TextEquiv>
                    <Unicode>propriété des Du Belley, et aurait passé dans la collection de l’in¬</Unicode>
                </TextEquiv>
                <TextStyle fontFamily="Times New Roman" fontSize="10.0"/>
            </TextLine>
            <TextLine id="tl_28" primaryLanguage="English" custom="readingOrder {index:6;}">
                <Coords points="234,1452 1690,1452 1690,1499 234,1499"/>
                <Baseline points="234,1489 1690,1489"/>
                <Word id="w_w1aab1b3b2b7c13ab1" language="English" custom="readingOrder {index:0;}">
                    <Coords points="234,1455 402,1455 402,1489 234,1489"/>
                    <TextEquiv>
                        <Unicode>tendant</Unicode>
                    </TextEquiv>
                    <TextStyle fontFamily="Times New Roman" fontSize="10.0"/>
                </Word>
                <Word id="w_w1aab1b3b2b7c13ac17" language="English" custom="readingOrder {index:1;}">
                    <Coords points="421,1454 630,1454 630,1497 421,1497"/>
                    <TextEquiv>
                        <Unicode>Foucault,</Unicode>
                    </TextEquiv>
                    <TextStyle fontFamily="Times New Roman" fontSize="10.0"/>
                </Word>
                <Word id="w_w1aab1b3b2b7c13ac37" language="English" custom="readingOrder {index:2;}">
                    <Coords points="651,1456 756,1456 756,1489 651,1489"/>
                    <TextEquiv>
                        <Unicode>mort</Unicode>
                    </TextEquiv>
                    <TextStyle fontFamily="Times New Roman" fontSize="10.0"/>
                </Word>
                <Word id="w_w1aab1b3b2b7c13ac47" language="English" custom="readingOrder {index:3;}">
                    <Coords points="774,1453 870,1453 870,1489 774,1489"/>
                    <TextEquiv>
                        <Unicode>dans</Unicode>
                    </TextEquiv>
                    <TextStyle fontFamily="Times New Roman" fontSize="10.0"/>
                </Word>
                <Word id="w_w1aab1b3b2b7c13ac57" language="English" custom="readingOrder {index:4;}">
                    <Coords points="889,1454 946,1454 946,1489 889,1489"/>
                    <TextEquiv>
                        <Unicode>les</Unicode>
                    </TextEquiv>
                    <TextStyle fontFamily="Times New Roman" fontSize="10.0"/>
                </Word>
                <Word id="w_w1aab1b3b2b7c13ac65" language="English" custom="readingOrder {index:5;}">
                    <Coords points="966,1453 1159,1453 1159,1499 966,1499"/>
                    <TextEquiv>
                        <Unicode>premiers</Unicode>
                    </TextEquiv>
                    <TextStyle fontFamily="Times New Roman" fontSize="10.0"/>
                </Word>
                <Word id="w_w1aab1b3b2b7c13ac83" language="English" custom="readingOrder {index:6;}">
                    <Coords points="1172,1455 1300,1455 1300,1499 1172,1499"/>
                    <TextEquiv>
                        <Unicode>temps</Unicode>
                    </TextEquiv>
                    <TextStyle fontFamily="Times New Roman" fontSize="10.0"/>
                </Word>
                <Word id="w_w1aab1b3b2b7c13ac95" language="English" custom="readingOrder {index:7;}">
                    <Coords points="1314,1454 1365,1454 1365,1488 1314,1488"/>
                    <TextEquiv>
                        <Unicode>du</Unicode>
                    </TextEquiv>
                    <TextStyle fontFamily="Times New Roman" fontSize="10.0"/>
                </Word>
                <Word id="w_w1aab1b3b2b7c13ad101" language="English" custom="readingOrder {index:8;}">
                    <Coords points="1382,1453 1501,1453 1501,1489 1382,1489"/>
                    <TextEquiv>
                        <Unicode>siècle</Unicode>
                    </TextEquiv>
                    <TextStyle fontFamily="Times New Roman" fontSize="10.0"/>
                </Word>
                <Word id="w_w1aab1b3b2b7c13ad115" language="English" custom="readingOrder {index:9;}">
                    <Coords points="1515,1452 1690,1452 1690,1497 1515,1497"/>
                    <TextEquiv>
                        <Unicode>dernier,</Unicode>
                    </TextEquiv>
                    <TextStyle fontFamily="Times New Roman" fontSize="10.0"/>
                </Word>
                <TextEquiv>
                    <Unicode>tendant Foucault, mort dans les premiers temps du siècle dernier,</Unicode>
                </TextEquiv>
                <TextStyle fontFamily="Times New Roman" fontSize="10.0"/>
            </TextLine>
            <TextLine id="tl_29" primaryLanguage="English" custom="readingOrder {index:7;}">
                <Coords points="235,1498 1116,1498 1116,1544 235,1544"/>
                <Baseline points="235,1534 1116,1534"/>
                <Word id="w_w1aab1b3b2b7c15ab1" language="English" custom="readingOrder {index:0;}">
                    <Coords points="235,1498 409,1498 409,1534 235,1534"/>
                    <TextEquiv>
                        <Unicode>membre</Unicode>
                    </TextEquiv>
                    <TextStyle fontFamily="Times New Roman" fontSize="10.0"/>
                </Word>
                <Word id="w_w1aab1b3b2b7c15ac15" language="English" custom="readingOrder {index:1;}">
                    <Coords points="430,1499 476,1499 476,1534 430,1534"/>
                    <TextEquiv>
                        <Unicode>de</Unicode>
                    </TextEquiv>
                    <TextStyle fontFamily="Times New Roman" fontSize="10.0"/>
                </Word>
                <Word id="w_w1aab1b3b2b7c15ac21" language="English" custom="readingOrder {index:2;}">
                    <Coords points="496,1499 733,1499 733,1535 496,1535"/>
                    <TextEquiv>
                        <Unicode>l’Académie</Unicode>
                    </TextEquiv>
                    <TextStyle fontFamily="Times New Roman" fontSize="10.0"/>
                </Word>
                <Word id="w_w1aab1b3b2b7c15ac43" language="English" custom="readingOrder {index:3;}">
                    <Coords points="754,1498 822,1498 822,1534 754,1534"/>
                    <TextEquiv>
                        <Unicode>des</Unicode>
                    </TextEquiv>
                    <TextStyle fontFamily="Times New Roman" fontSize="10.0"/>
                </Word>
                <Word id="w_w1aab1b3b2b7c15ac51" language="English" custom="readingOrder {index:4;}">
                    <Coords points="841,1499 1116,1499 1116,1544 841,1544"/>
                    <TextEquiv>
                        <Unicode>Inscriptions.</Unicode>
                    </TextEquiv>
                    <TextStyle fontFamily="Times New Roman" fontSize="10.0"/>
                </Word>
                <TextEquiv>
                    <Unicode>membre de l’Académie des Inscriptions.</Unicode>
                </TextEquiv>
                <TextStyle fontFamily="Times New Roman" fontSize="10.0"/>
            </TextLine>
            <TextEquiv>
                <Unicode>Rabelais, qui était grand amateur de pièces de ce genre, et qui
était môme stimulé dans ses recherches par François Ier et Mar¬
guerite d’Angoulême, connaissait ces archives de l’abbaye de Tours,
et en fit faire des copies et des traductions en nombre considérable.
Tout cela se trouvait à son ermitage de Langey, dépendant de la
propriété des Du Belley, et aurait passé dans la collection de l’in¬
tendant Foucault, mort dans les premiers temps du siècle dernier,
membre de l’Académie des Inscriptions.</Unicode>
            </TextEquiv>
        </TextRegion>
        <TextRegion type="paragraph" id="r_2_5" custom="readingOrder {index:5;}">
            <Coords points="234,1547 1696,1547 1696,1957 234,1957"/>
            <TextLine id="tl_30" primaryLanguage="English" custom="readingOrder {index:0;}">
                <Coords points="279,1548 1693,1548 1693,1597 279,1597"/>
                <Baseline points="279,1584 1693,1584"/>
                <Word id="w_w1aab1b3b2b9b1ab1" language="English" custom="readingOrder {index:0;}">
                    <Coords points="279,1549 325,1549 325,1584 279,1584"/>
                    <TextEquiv>
                        <Unicode>Je</Unicode>
                    </TextEquiv>
                    <TextStyle fontFamily="Times New Roman" fontSize="10.0"/>
                </Word>
                <Word id="w_w1aab1b3b2b9b1ab7" language="English" custom="readingOrder {index:1;}">
                    <Coords points="354,1560 402,1560 402,1584 354,1584"/>
                    <TextEquiv>
                        <Unicode>ne</Unicode>
                    </TextEquiv>
                    <TextStyle fontFamily="Times New Roman" fontSize="10.0"/>
                </Word>
                <Word id="w_w1aab1b3b2b9b1ac13" language="English" custom="readingOrder {index:2;}">
                    <Coords points="430,1560 491,1560 491,1584 430,1584"/>
                    <TextEquiv>
                        <Unicode>me</Unicode>
                    </TextEquiv>
                    <TextStyle fontFamily="Times New Roman" fontSize="10.0"/>
                </Word>
                <Word id="w_w1aab1b3b2b9b1ac19" language="English" custom="readingOrder {index:3;}">
                    <Coords points="523,1551 634,1551 634,1595 523,1595"/>
                    <TextEquiv>
                        <Unicode>porte</Unicode>
                    </TextEquiv>
                    <TextStyle fontFamily="Times New Roman" fontSize="10.0"/>
                </Word>
                <Word id="w_w1aab1b3b2b9b1ac31" language="English" custom="readingOrder {index:4;}">
                    <Coords points="666,1549 779,1549 779,1595 666,1595"/>
                    <TextEquiv>
                        <Unicode>point</Unicode>
                    </TextEquiv>
                    <TextStyle fontFamily="Times New Roman" fontSize="10.0"/>
                </Word>
                <Word id="w_w1aab1b3b2b9b1ac43" language="English" custom="readingOrder {index:5;}">
                    <Coords points="810,1551 953,1551 953,1597 810,1597"/>
                    <TextEquiv>
                        <Unicode>garant</Unicode>
                    </TextEquiv>
                    <TextStyle fontFamily="Times New Roman" fontSize="10.0"/>
                </Word>
                <Word id="w_w1aab1b3b2b9b1ac57" language="English" custom="readingOrder {index:6;}">
                    <Coords points="982,1549 1029,1549 1029,1584 982,1584"/>
                    <TextEquiv>
                        <Unicode>de</Unicode>
                    </TextEquiv>
                    <TextStyle fontFamily="Times New Roman" fontSize="10.0"/>
                </Word>
                <Word id="w_w1aab1b3b2b9b1ac63" language="English" custom="readingOrder {index:7;}">
                    <Coords points="1060,1560 1122,1560 1122,1585 1060,1585"/>
                    <TextEquiv>
                        <Unicode>ces</Unicode>
                    </TextEquiv>
                    <TextStyle fontFamily="Times New Roman" fontSize="10.0"/>
                </Word>
                <Word id="w_w1aab1b3b2b9b1ac71" language="English" custom="readingOrder {index:8;}">
                    <Coords points="1162,1549 1305,1549 1305,1595 1162,1595"/>
                    <TextEquiv>
                        <Unicode>pièces.</Unicode>
                    </TextEquiv>
                    <TextStyle fontFamily="Times New Roman" fontSize="10.0"/>
                </Word>
                <Word id="w_w1aab1b3b2b9b1ac87" language="English" custom="readingOrder {index:9;}">
                    <Coords points="1338,1548 1497,1548 1497,1589 1338,1589"/>
                    <TextEquiv>
                        <Unicode>Quelles</Unicode>
                    </TextEquiv>
                    <TextStyle fontFamily="Times New Roman" fontSize="10.0"/>
                </Word>
                <Word id="w_w1aab1b3b2b9b1ad103" language="English" custom="readingOrder {index:10;}">
                    <Coords points="1529,1549 1693,1549 1693,1595 1529,1595"/>
                    <TextEquiv>
                        <Unicode>qu’elles</Unicode>
                    </TextEquiv>
                    <TextStyle fontFamily="Times New Roman" fontSize="10.0"/>
                </Word>
                <TextEquiv>
                    <Unicode>Je ne me porte point garant de ces pièces. Quelles qu’elles</Unicode>
                </TextEquiv>
                <TextStyle fontFamily="Times New Roman" fontSize="10.0"/>
            </TextLine>
            <TextLine id="tl_31" primaryLanguage="English" custom="readingOrder {index:1;}">
                <Coords points="236,1594 1693,1594 1693,1640 236,1640"/>
                <Baseline points="236,1629 1693,1629"/>
                <Word id="w_w1aab1b3b2b9b3ab1" language="English" custom="readingOrder {index:0;}">
                    <Coords points="236,1594 383,1594 383,1637 236,1637"/>
                    <TextEquiv>
                        <Unicode>soient,</Unicode>
                    </TextEquiv>
                    <TextStyle fontFamily="Times New Roman" fontSize="10.0"/>
                </Word>
                <Word id="w_w1aab1b3b2b9b3ac17" language="English" custom="readingOrder {index:1;}">
                    <Coords points="405,1594 434,1594 434,1629 405,1629"/>
                    <TextEquiv>
                        <Unicode>il</Unicode>
                    </TextEquiv>
                    <TextStyle fontFamily="Times New Roman" fontSize="10.0"/>
                </Word>
                <Word id="w_w1aab1b3b2b9b3ac23" language="English" custom="readingOrder {index:2;}">
                    <Coords points="454,1597 514,1597 514,1630 454,1630"/>
                    <TextEquiv>
                        <Unicode>est</Unicode>
                    </TextEquiv>
                    <TextStyle fontFamily="Times New Roman" fontSize="10.0"/>
                </Word>
                <Word id="w_w1aab1b3b2b9b3ac31" language="English" custom="readingOrder {index:3;}">
                    <Coords points="534,1595 686,1595 686,1630 534,1630"/>
                    <TextEquiv>
                        <Unicode>certain</Unicode>
                    </TextEquiv>
                    <TextStyle fontFamily="Times New Roman" fontSize="10.0"/>
                </Word>
                <Word id="w_w1aab1b3b2b9b3ac47" language="English" custom="readingOrder {index:4;}">
                    <Coords points="707,1605 782,1605 782,1640 707,1640"/>
                    <TextEquiv>
                        <Unicode>que</Unicode>
                    </TextEquiv>
                    <TextStyle fontFamily="Times New Roman" fontSize="10.0"/>
                </Word>
                <Word id="w_w1aab1b3b2b9b3ac55" language="English" custom="readingOrder {index:5;}">
                    <Coords points="814,1597 903,1597 903,1630 814,1630"/>
                    <TextEquiv>
                        <Unicode>leur</Unicode>
                    </TextEquiv>
                    <TextStyle fontFamily="Times New Roman" fontSize="10.0"/>
                </Word>
                <Word id="w_w1aab1b3b2b9b3ac65" language="English" custom="readingOrder {index:6;}">
                    <Coords points="933,1594 1206,1594 1206,1640 933,1640"/>
                    <TextEquiv>
                        <Unicode>composition,</Unicode>
                    </TextEquiv>
                    <TextStyle fontFamily="Times New Roman" fontSize="10.0"/>
                </Word>
                <Word id="w_w1aab1b3b2b9b3ac91" language="English" custom="readingOrder {index:7;}">
                    <Coords points="1239,1594 1272,1594 1272,1629 1239,1629"/>
                    <TextEquiv>
                        <Unicode>si</Unicode>
                    </TextEquiv>
                    <TextStyle fontFamily="Times New Roman" fontSize="10.0"/>
                </Word>
                <Word id="w_w1aab1b3b2b9b3ac97" language="English" custom="readingOrder {index:8;}">
                    <Coords points="1303,1595 1401,1595 1401,1630 1303,1630"/>
                    <TextEquiv>
                        <Unicode>elles</Unicode>
                    </TextEquiv>
                    <TextStyle fontFamily="Times New Roman" fontSize="10.0"/>
                </Word>
                <Word id="w_w1aab1b3b2b9b3ad109" language="English" custom="readingOrder {index:9;}">
                    <Coords points="1431,1603 1479,1603 1479,1628 1431,1628"/>
                    <TextEquiv>
                        <Unicode>ne</Unicode>
                    </TextEquiv>
                    <TextStyle fontFamily="Times New Roman" fontSize="10.0"/>
                </Word>
                <Word id="w_w1aab1b3b2b9b3ad115" language="English" custom="readingOrder {index:10;}">
                    <Coords points="1507,1595 1597,1595 1597,1630 1507,1630"/>
                    <TextEquiv>
                        <Unicode>sont</Unicode>
                    </TextEquiv>
                    <TextStyle fontFamily="Times New Roman" fontSize="10.0"/>
                </Word>
                <Word id="w_w1aab1b3b2b9b3ad125" language="English" custom="readingOrder {index:11;}">
                    <Coords points="1625,1605 1693,1605 1693,1639 1625,1639"/>
                    <TextEquiv>
                        <Unicode>pas</Unicode>
                    </TextEquiv>
                    <TextStyle fontFamily="Times New Roman" fontSize="10.0"/>
                </Word>
                <TextEquiv>
                    <Unicode>soient, il est certain que leur composition, si elles ne sont pas</Unicode>
                </TextEquiv>
                <TextStyle fontFamily="Times New Roman" fontSize="10.0"/>
            </TextLine>
            <TextLine id="tl_32" primaryLanguage="English" custom="readingOrder {index:2;}">
                <Coords points="235,1638 1692,1638 1692,1691 235,1691"/>
                <Baseline points="235,1674 1692,1674"/>
                <Word id="w_w1aab1b3b2b9b5ab1" language="English" custom="readingOrder {index:0;}">
                    <Coords points="235,1638 472,1638 472,1683 235,1683"/>
                    <TextEquiv>
                        <Unicode>originales,</Unicode>
                    </TextEquiv>
                    <TextStyle fontFamily="Times New Roman" fontSize="10.0"/>
                </Word>
                <Word id="w_w1aab1b3b2b9b5ac25" language="English" custom="readingOrder {index:1;}">
                    <Coords points="493,1650 517,1650 517,1675 493,1675"/>
                    <TextEquiv>
                        <Unicode>a</Unicode>
                    </TextEquiv>
                    <TextStyle fontFamily="Times New Roman" fontSize="10.0"/>
                </Word>
                <Word id="w_w1aab1b3b2b9b5ac29" language="English" custom="readingOrder {index:2;}">
                    <Coords points="534,1639 586,1639 586,1675 534,1675"/>
                    <TextEquiv>
                        <Unicode>dû</Unicode>
                    </TextEquiv>
                    <TextStyle fontFamily="Times New Roman" fontSize="10.0"/>
                </Word>
                <Word id="w_w1aab1b3b2b9b5ac35" language="English" custom="readingOrder {index:3;}">
                    <Coords points="608,1640 746,1640 746,1686 608,1686"/>
                    <TextEquiv>
                        <Unicode>exiger</Unicode>
                    </TextEquiv>
                    <TextStyle fontFamily="Times New Roman" fontSize="10.0"/>
                </Word>
                <Word id="w_w1aab1b3b2b9b5ac49" language="English" custom="readingOrder {index:4;}">
                    <Coords points="765,1650 818,1650 818,1675 765,1675"/>
                    <TextEquiv>
                        <Unicode>un</Unicode>
                    </TextEquiv>
                    <TextStyle fontFamily="Times New Roman" fontSize="10.0"/>
                </Word>
                <Word id="w_w1aab1b3b2b9b5ac55" language="English" custom="readingOrder {index:5;}">
                    <Coords points="839,1640 934,1640 934,1691 839,1691"/>
                    <TextEquiv>
                        <Unicode>long</Unicode>
                    </TextEquiv>
                    <TextStyle fontFamily="Times New Roman" fontSize="10.0"/>
                </Word>
                <Word id="w_w1aab1b3b2b9b5ac65" language="English" custom="readingOrder {index:6;}">
                    <Coords points="952,1639 1109,1639 1109,1678 952,1678"/>
                    <TextEquiv>
                        <Unicode>travail,</Unicode>
                    </TextEquiv>
                    <TextStyle fontFamily="Times New Roman" fontSize="10.0"/>
                </Word>
                <Word id="w_w1aab1b3b2b9b5ac83" language="English" custom="readingOrder {index:7;}">
                    <Coords points="1132,1639 1178,1639 1178,1674 1132,1674"/>
                    <TextEquiv>
                        <Unicode>de</Unicode>
                    </TextEquiv>
                    <TextStyle fontFamily="Times New Roman" fontSize="10.0"/>
                </Word>
                <Word id="w_w1aab1b3b2b9b5ac89" language="English" custom="readingOrder {index:8;}">
                    <Coords points="1200,1639 1419,1639 1419,1674 1200,1674"/>
                    <TextEquiv>
                        <Unicode>nombreux</Unicode>
                    </TextEquiv>
                    <TextStyle fontFamily="Times New Roman" fontSize="10.0"/>
                </Word>
                <Word id="w_w1aab1b3b2b9b5ad107" language="English" custom="readingOrder {index:9;}">
                    <Coords points="1448,1639 1692,1639 1692,1681 1448,1681"/>
                    <TextEquiv>
                        <Unicode>matériaux;</Unicode>
                    </TextEquiv>
                    <TextStyle fontFamily="Times New Roman" fontSize="10.0"/>
                </Word>
                <TextEquiv>
                    <Unicode>originales, a dû exiger un long travail, de nombreux matériaux;</Unicode>
                </TextEquiv>
                <TextStyle fontFamily="Times New Roman" fontSize="10.0"/>
            </TextLine>
            <TextLine id="tl_33" primaryLanguage="English" custom="readingOrder {index:3;}">
                <Coords points="235,1683 1694,1683 1694,1731 235,1731"/>
                <Baseline points="235,1720 1694,1720"/>
                <Word id="w_w1aab1b3b2b9b7ab1" language="English" custom="readingOrder {index:0;}">
                    <Coords points="235,1685 276,1685 276,1719 235,1719"/>
                    <TextEquiv>
                        <Unicode>et</Unicode>
                    </TextEquiv>
                    <TextStyle fontFamily="Times New Roman" fontSize="10.0"/>
                </Word>
                <Word id="w_w1aab1b3b2b9b7ab7" language="English" custom="readingOrder {index:1;}">
                    <Coords points="295,1684 327,1684 327,1719 295,1719"/>
                    <TextEquiv>
                        <Unicode>si</Unicode>
                    </TextEquiv>
                    <TextStyle fontFamily="Times New Roman" fontSize="10.0"/>
                </Word>
                <Word id="w_w1aab1b3b2b9b7ac13" language="English" custom="readingOrder {index:2;}">
                    <Coords points="347,1684 425,1684 425,1719 347,1719"/>
                    <TextEquiv>
                        <Unicode>Ton</Unicode>
                    </TextEquiv>
                    <TextStyle fontFamily="Times New Roman" fontSize="10.0"/>
                </Word>
                <Word id="w_w1aab1b3b2b9b7ac21" language="English" custom="readingOrder {index:3;}">
                    <Coords points="446,1685 650,1685 650,1721 446,1721"/>
                    <TextEquiv>
                        <Unicode>considère</Unicode>
                    </TextEquiv>
                    <TextStyle fontFamily="Times New Roman" fontSize="10.0"/>
                </Word>
                <Word id="w_w1aab1b3b2b9b7ac41" language="English" custom="readingOrder {index:4;}">
                    <Coords points="670,1685 833,1685 833,1730 670,1730"/>
                    <TextEquiv>
                        <Unicode>qu’elles</Unicode>
                    </TextEquiv>
                    <TextStyle fontFamily="Times New Roman" fontSize="10.0"/>
                </Word>
                <Word id="w_w1aab1b3b2b9b7ac59" language="English" custom="readingOrder {index:5;}">
                    <Coords points="853,1685 1065,1685 1065,1731 853,1731"/>
                    <TextEquiv>
                        <Unicode>s’ajoutent</Unicode>
                    </TextEquiv>
                    <TextStyle fontFamily="Times New Roman" fontSize="10.0"/>
                </Word>
                <Word id="w_w1aab1b3b2b9b7ac81" language="English" custom="readingOrder {index:6;}">
                    <Coords points="1084,1685 1106,1685 1106,1719 1084,1719"/>
                    <TextEquiv>
                        <Unicode>à</Unicode>
                    </TextEquiv>
                    <TextStyle fontFamily="Times New Roman" fontSize="10.0"/>
                </Word>
                <Word id="w_w1aab1b3b2b9b7ac85" language="English" custom="readingOrder {index:7;}">
                    <Coords points="1124,1686 1212,1686 1212,1720 1124,1720"/>
                    <TextEquiv>
                        <Unicode>tant</Unicode>
                    </TextEquiv>
                    <TextStyle fontFamily="Times New Roman" fontSize="10.0"/>
                </Word>
                <Word id="w_w1aab1b3b2b9b7ac95" language="English" custom="readingOrder {index:8;}">
                    <Coords points="1231,1684 1417,1684 1417,1728 1231,1728"/>
                    <TextEquiv>
                        <Unicode>d’autres,</Unicode>
                    </TextEquiv>
                    <TextStyle fontFamily="Times New Roman" fontSize="10.0"/>
                </Word>
                <Word id="w_w1aab1b3b2b9b7ad115" language="English" custom="readingOrder {index:9;}">
                    <Coords points="1438,1683 1484,1683 1484,1718 1438,1718"/>
                    <TextEquiv>
                        <Unicode>de</Unicode>
                    </TextEquiv>
                    <TextStyle fontFamily="Times New Roman" fontSize="10.0"/>
                </Word>
                <Word id="w_w1aab1b3b2b9b7ad121" language="English" custom="readingOrder {index:10;}">
                    <Coords points="1515,1686 1606,1686 1606,1720 1515,1720"/>
                    <TextEquiv>
                        <Unicode>tous</Unicode>
                    </TextEquiv>
                    <TextStyle fontFamily="Times New Roman" fontSize="10.0"/>
                </Word>
                <Word id="w_w1aab1b3b2b9b7ad131" language="English" custom="readingOrder {index:11;}">
                    <Coords points="1637,1685 1694,1685 1694,1720 1637,1720"/>
                    <TextEquiv>
                        <Unicode>les</Unicode>
                    </TextEquiv>
                    <TextStyle fontFamily="Times New Roman" fontSize="10.0"/>
                </Word>
                <TextEquiv>
                    <Unicode>et si l'on considère qu’elles s’ajoutent à tant d’autres, de tous les</Unicode>
                </TextEquiv>
                <TextStyle fontFamily="Times New Roman" fontSize="10.0"/>
            </TextLine>
            <TextLine id="tl_34" primaryLanguage="English" custom="readingOrder {index:4;}">
                <Coords points="237,1721 1695,1721 1695,1782 237,1782"/>
                <Baseline points="237,1765 1695,1765"/>
                <Word id="w_w1aab1b3b2b9b9ab1" language="English" custom="readingOrder {index:0;}">
                    <Coords points="237,1731 362,1731 362,1782 237,1782"/>
                    <TextEquiv>
                        <Unicode>temps</Unicode>
                    </TextEquiv>
                    <TextStyle fontFamily="Times New Roman" fontSize="10.0"/>
                </Word>
                <Word id="w_w1aab1b3b2b9b9ac13" language="English" custom="readingOrder {index:1;}">
                    <Coords points="379,1729 566,1729 566,1775 379,1775"/>
                    <TextEquiv>
                        <Unicode>jusqu’au</Unicode>
                    </TextEquiv>
                    <TextStyle fontFamily="Times New Roman" fontSize="10.0"/>
                </Word>
                <Word id="w_w1aab1b3b2b9b9ac31" language="English" custom="readingOrder {index:2;}">
                    <Coords points="587,1730 706,1730 706,1766 587,1766"/>
                    <TextEquiv>
                        <Unicode>siècle</Unicode>
                    </TextEquiv>
                    <TextStyle fontFamily="Times New Roman" fontSize="10.0"/>
                </Word>
                <Word id="w_w1aab1b3b2b9b9ac45" language="English" custom="readingOrder {index:3;}">
                    <Coords points="732,1729 908,1729 908,1773 732,1773"/>
                    <TextEquiv>
                        <Unicode>dernier,'</Unicode>
                    </TextEquiv>
                    <TextStyle fontFamily="Times New Roman" fontSize="10.0"/>
                </Word>
                <Word id="w_w1aab1b3b2b9b9ac65" language="English" custom="readingOrder {index:4;}">
                    <Coords points="936,1731 976,1731 976,1765 936,1765"/>
                    <TextEquiv>
                        <Unicode>et</Unicode>
                    </TextEquiv>
                    <TextStyle fontFamily="Times New Roman" fontSize="10.0"/>
                </Word>
                <Word id="w_w1aab1b3b2b9b9ac71" language="English" custom="readingOrder {index:5;}">
                    <Coords points="1012,1730 1182,1730 1182,1765 1012,1765"/>
                    <TextEquiv>
                        <Unicode>traitant</Unicode>
                    </TextEquiv>
                    <TextStyle fontFamily="Times New Roman" fontSize="10.0"/>
                </Word>
                <Word id="w_w1aab1b3b2b9b9ac89" language="English" custom="readingOrder {index:6;}">
                    <Coords points="1217,1730 1264,1730 1264,1764 1217,1764"/>
                    <TextEquiv>
                        <Unicode>de</Unicode>
                    </TextEquiv>
                    <TextStyle fontFamily="Times New Roman" fontSize="10.0"/>
                </Word>
                <Word id="w_w1aab1b3b2b9b9ac95" language="English" custom="readingOrder {index:7;}">
                    <Coords points="1300,1731 1388,1731 1388,1765 1300,1765"/>
                    <TextEquiv>
                        <Unicode>tant</Unicode>
                    </TextEquiv>
                    <TextStyle fontFamily="Times New Roman" fontSize="10.0"/>
                </Word>
                <Word id="w_w1aab1b3b2b9b9ad105" language="English" custom="readingOrder {index:8;}">
                    <Coords points="1424,1729 1471,1729 1471,1763 1424,1763"/>
                    <TextEquiv>
                        <Unicode>de</Unicode>
                    </TextEquiv>
                    <TextStyle fontFamily="Times New Roman" fontSize="10.0"/>
                </Word>
                <Word id="w_w1aab1b3b2b9b9ad111" language="English" custom="readingOrder {index:9;}">
                    <Coords points="1508,1729 1695,1729 1695,1766 1508,1766"/>
                    <TextEquiv>
                        <Unicode>matières</Unicode>
                    </TextEquiv>
                    <TextStyle fontFamily="Times New Roman" fontSize="10.0"/>
                </Word>
                <TextEquiv>
                    <Unicode>temps jusqu’au siècle dernier, et traitant de tant de matières</Unicode>
                </TextEquiv>
                <TextStyle fontFamily="Times New Roman" fontSize="10.0"/>
            </TextLine>
            <TextLine id="tl_35" primaryLanguage="English" custom="readingOrder {index:5;}">
                <Coords points="238,1773 1693,1773 1693,1821 238,1821"/>
                <Baseline points="238,1810 1693,1810"/>
                <Word id="w_w1aab1b3b2b9c11ab1" language="English" custom="readingOrder {index:0;}">
                    <Coords points="238,1773 482,1773 482,1818 238,1818"/>
                    <TextEquiv>
                        <Unicode>différentes,</Unicode>
                    </TextEquiv>
                    <TextStyle fontFamily="Times New Roman" fontSize="10.0"/>
                </Word>
                <Word id="w_w1aab1b3b2b9c11ac27" language="English" custom="readingOrder {index:1;}">
                    <Coords points="504,1786 553,1786 553,1810 504,1810"/>
                    <TextEquiv>
                        <Unicode>on</Unicode>
                    </TextEquiv>
                    <TextStyle fontFamily="Times New Roman" fontSize="10.0"/>
                </Word>
                <Word id="w_w1aab1b3b2b9c11ac33" language="English" custom="readingOrder {index:2;}">
                    <Coords points="574,1786 622,1786 622,1810 574,1810"/>
                    <TextEquiv>
                        <Unicode>ne</Unicode>
                    </TextEquiv>
                    <TextStyle fontFamily="Times New Roman" fontSize="10.0"/>
                </Word>
                <Word id="w_w1aab1b3b2b9c11ac39" language="English" custom="readingOrder {index:3;}">
                    <Coords points="652,1776 748,1776 748,1821 652,1821"/>
                    <TextEquiv>
                        <Unicode>peut</Unicode>
                    </TextEquiv>
                    <TextStyle fontFamily="Times New Roman" fontSize="10.0"/>
                </Word>
                <Word id="w_w1aab1b3b2b9c11ac49" language="English" custom="readingOrder {index:4;}">
                    <Coords points="778,1775 907,1775 907,1810 778,1810"/>
                    <TextEquiv>
                        <Unicode>croire</Unicode>
                    </TextEquiv>
                    <TextStyle fontFamily="Times New Roman" fontSize="10.0"/>
                </Word>
                <Word id="w_w1aab1b3b2b9c11ac63" language="English" custom="readingOrder {index:5;}">
                    <Coords points="939,1775 1102,1775 1102,1820 939,1820"/>
                    <TextEquiv>
                        <Unicode>qu’elles</Unicode>
                    </TextEquiv>
                    <TextStyle fontFamily="Times New Roman" fontSize="10.0"/>
                </Word>
                <Word id="w_w1aab1b3b2b9c11ac81" language="English" custom="readingOrder {index:6;}">
                    <Coords points="1132,1775 1263,1775 1263,1810 1132,1810"/>
                    <TextEquiv>
                        <Unicode>soient</Unicode>
                    </TextEquiv>
                    <TextStyle fontFamily="Times New Roman" fontSize="10.0"/>
                </Word>
                <Word id="w_w1aab1b3b2b9c11ac95" language="English" custom="readingOrder {index:7;}">
                    <Coords points="1292,1775 1454,1775 1454,1810 1292,1810"/>
                    <TextEquiv>
                        <Unicode>l’œuvre</Unicode>
                    </TextEquiv>
                    <TextStyle fontFamily="Times New Roman" fontSize="10.0"/>
                </Word>
                <Word id="w_w1aab1b3b2b9c11ad111" language="English" custom="readingOrder {index:8;}">
                    <Coords points="1486,1774 1577,1774 1577,1810 1486,1810"/>
                    <TextEquiv>
                        <Unicode>d’un</Unicode>
                    </TextEquiv>
                    <TextStyle fontFamily="Times New Roman" fontSize="10.0"/>
                </Word>
                <Word id="w_w1aab1b3b2b9c11ad121" language="English" custom="readingOrder {index:9;}">
                    <Coords points="1609,1775 1693,1775 1693,1810 1609,1810"/>
                    <TextEquiv>
                        <Unicode>seul</Unicode>
                    </TextEquiv>
                    <TextStyle fontFamily="Times New Roman" fontSize="10.0"/>
                </Word>
                <TextEquiv>
                    <Unicode>différentes, on ne peut croire qu’elles soient l’œuvre d’un seul</Unicode>
                </TextEquiv>
                <TextStyle fontFamily="Times New Roman" fontSize="10.0"/>
            </TextLine>
            <TextLine id="tl_36" primaryLanguage="English" custom="readingOrder {index:6;}">
                <Coords points="237,1819 1693,1819 1693,1865 237,1865"/>
                <Baseline points="237,1854 1693,1854"/>
                <Word id="w_w1aab1b3b2b9c13ab1" language="English" custom="readingOrder {index:0;}">
                    <Coords points="237,1819 434,1819 434,1863 237,1863"/>
                    <TextEquiv>
                        <Unicode>individu,</Unicode>
                    </TextEquiv>
                    <TextStyle fontFamily="Times New Roman" fontSize="10.0"/>
                </Word>
                <Word id="w_w1aab1b3b2b9c13ac21" language="English" custom="readingOrder {index:1;}">
                    <Coords points="456,1820 547,1820 547,1855 456,1855"/>
                    <TextEquiv>
                        <Unicode>d’un</Unicode>
                    </TextEquiv>
                    <TextStyle fontFamily="Times New Roman" fontSize="10.0"/>
                </Word>
                <Word id="w_w1aab1b3b2b9c13ac31" language="English" custom="readingOrder {index:2;}">
                    <Coords points="568,1820 653,1820 653,1856 568,1856"/>
                    <TextEquiv>
                        <Unicode>seul</Unicode>
                    </TextEquiv>
                    <TextStyle fontFamily="Times New Roman" fontSize="10.0"/>
                </Word>
                <Word id="w_w1aab1b3b2b9c13ac41" language="English" custom="readingOrder {index:3;}">
                    <Coords points="674,1819 932,1819 932,1862 674,1862"/>
                    <TextEquiv>
                        <Unicode>fabricateur,</Unicode>
                    </TextEquiv>
                    <TextStyle fontFamily="Times New Roman" fontSize="10.0"/>
                </Word>
                <Word id="w_w1aab1b3b2b9c13ac67" language="English" custom="readingOrder {index:4;}">
                    <Coords points="953,1820 1021,1820 1021,1865 953,1865"/>
                    <TextEquiv>
                        <Unicode>qui</Unicode>
                    </TextEquiv>
                    <TextStyle fontFamily="Times New Roman" fontSize="10.0"/>
                </Word>
                <Word id="w_w1aab1b3b2b9c13ac75" language="English" custom="readingOrder {index:5;}">
                    <Coords points="1042,1820 1094,1820 1094,1854 1042,1854"/>
                    <TextEquiv>
                        <Unicode>du</Unicode>
                    </TextEquiv>
                    <TextStyle fontFamily="Times New Roman" fontSize="10.0"/>
                </Word>
                <Word id="w_w1aab1b3b2b9c13ac81" language="English" custom="readingOrder {index:6;}">
                    <Coords points="1115,1821 1219,1821 1219,1855 1115,1855"/>
                    <TextEquiv>
                        <Unicode>reste</Unicode>
                    </TextEquiv>
                    <TextStyle fontFamily="Times New Roman" fontSize="10.0"/>
                </Word>
                <Word id="w_w1aab1b3b2b9c13ac93" language="English" custom="readingOrder {index:7;}">
                    <Coords points="1240,1830 1289,1830 1289,1854 1240,1854"/>
                    <TextEquiv>
                        <Unicode>ne</Unicode>
                    </TextEquiv>
                    <TextStyle fontFamily="Times New Roman" fontSize="10.0"/>
                </Word>
                <Word id="w_w1aab1b3b2b9c13ac99" language="English" custom="readingOrder {index:8;}">
                    <Coords points="1309,1820 1386,1820 1386,1855 1309,1855"/>
                    <TextEquiv>
                        <Unicode>sait</Unicode>
                    </TextEquiv>
                    <TextStyle fontFamily="Times New Roman" fontSize="10.0"/>
                </Word>
                <Word id="w_w1aab1b3b2b9c13ad109" language="English" custom="readingOrder {index:9;}">
                    <Coords points="1405,1819 1445,1819 1445,1855 1405,1855"/>
                    <TextEquiv>
                        <Unicode>ni</Unicode>
                    </TextEquiv>
                    <TextStyle fontFamily="Times New Roman" fontSize="10.0"/>
                </Word>
                <Word id="w_w1aab1b3b2b9c13ad115" language="English" custom="readingOrder {index:10;}">
                    <Coords points="1466,1819 1502,1819 1502,1854 1466,1854"/>
                    <TextEquiv>
                        <Unicode>le</Unicode>
                    </TextEquiv>
                    <TextStyle fontFamily="Times New Roman" fontSize="10.0"/>
                </Word>
                <Word id="w_w1aab1b3b2b9c13ad121" language="English" custom="readingOrder {index:11;}">
                    <Coords points="1516,1819 1631,1819 1631,1860 1516,1860"/>
                    <TextEquiv>
                        <Unicode>latin,</Unicode>
                    </TextEquiv>
                    <TextStyle fontFamily="Times New Roman" fontSize="10.0"/>
                </Word>
                <Word id="w_w1aab1b3b2b9c13ad135" language="English" custom="readingOrder {index:12;}">
                    <Coords points="1653,1821 1693,1821 1693,1855 1653,1855"/>
                    <TextEquiv>
                        <Unicode>ni</Unicode>
                    </TextEquiv>
                    <TextStyle fontFamily="Times New Roman" fontSize="10.0"/>
                </Word>
                <TextEquiv>
                    <Unicode>individu, d’un seul fabricateur, qui du reste ne sait ni le latin, ni</Unicode>
                </TextEquiv>
                <TextStyle fontFamily="Times New Roman" fontSize="10.0"/>
            </TextLine>
            <TextLine id="tl_37" primaryLanguage="English" custom="readingOrder {index:7;}">
                <Coords points="238,1864 1695,1864 1695,1917 238,1917"/>
                <Baseline points="238,1900 1695,1900"/>
                <Word id="w_w1aab1b3b2b9c15ab1" language="English" custom="readingOrder {index:0;}">
                    <Coords points="238,1864 421,1864 421,1905 238,1905"/>
                    <TextEquiv>
                        <Unicode>l’italien,</Unicode>
                    </TextEquiv>
                    <TextStyle fontFamily="Times New Roman" fontSize="10.0"/>
                </Word>
                <Word id="w_w1aab1b3b2b9c15ac23" language="English" custom="readingOrder {index:1;}">
                    <Coords points="443,1865 484,1865 484,1899 443,1899"/>
                    <TextEquiv>
                        <Unicode>ni</Unicode>
                    </TextEquiv>
                    <TextStyle fontFamily="Times New Roman" fontSize="10.0"/>
                </Word>
                <Word id="w_w1aab1b3b2b9c15ac29" language="English" custom="readingOrder {index:2;}">
                    <Coords points="504,1876 658,1876 658,1900 504,1900"/>
                    <TextEquiv>
                        <Unicode>aucune</Unicode>
                    </TextEquiv>
                    <TextStyle fontFamily="Times New Roman" fontSize="10.0"/>
                </Word>
                <Word id="w_w1aab1b3b2b9c15ac43" language="English" custom="readingOrder {index:3;}">
                    <Coords points="677,1865 805,1865 805,1910 677,1910"/>
                    <TextEquiv>
                        <Unicode>partie</Unicode>
                    </TextEquiv>
                    <TextStyle fontFamily="Times New Roman" fontSize="10.0"/>
                </Word>
                <Word id="w_w1aab1b3b2b9c15ac57" language="English" custom="readingOrder {index:4;}">
                    <Coords points="826,1865 893,1865 893,1900 826,1900"/>
                    <TextEquiv>
                        <Unicode>des</Unicode>
                    </TextEquiv>
                    <TextStyle fontFamily="Times New Roman" fontSize="10.0"/>
                </Word>
                <Word id="w_w1aab1b3b2b9c15ac65" language="English" custom="readingOrder {index:5;}">
                    <Coords points="913,1865 1245,1865 1245,1917 913,1917"/>
                    <TextEquiv>
                        <Unicode>mathématiques</Unicode>
                    </TextEquiv>
                    <TextStyle fontFamily="Times New Roman" fontSize="10.0"/>
                </Word>
                <Word id="w_w1aab1b3b2b9c15ac93" language="English" custom="readingOrder {index:6;}">
                    <Coords points="1264,1875 1314,1875 1314,1899 1264,1899"/>
                    <TextEquiv>
                        <Unicode>ou</Unicode>
                    </TextEquiv>
                    <TextStyle fontFamily="Times New Roman" fontSize="10.0"/>
                </Word>
                <Word id="w_w1aab1b3b2b9c15ac99" language="English" custom="readingOrder {index:7;}">
                    <Coords points="1329,1864 1396,1864 1396,1900 1329,1900"/>
                    <TextEquiv>
                        <Unicode>des</Unicode>
                    </TextEquiv>
                    <TextStyle fontFamily="Times New Roman" fontSize="10.0"/>
                </Word>
                <Word id="w_w1aab1b3b2b9c15ad107" language="English" custom="readingOrder {index:8;}">
                    <Coords points="1410,1866 1545,1866 1545,1901 1410,1901"/>
                    <TextEquiv>
                        <Unicode>autres</Unicode>
                    </TextEquiv>
                    <TextStyle fontFamily="Times New Roman" fontSize="10.0"/>
                </Word>
                <Word id="w_w1aab1b3b2b9c15ad121" language="English" custom="readingOrder {index:9;}">
                    <Coords points="1569,1865 1695,1865 1695,1900 1569,1900"/>
                    <TextEquiv>
                        <Unicode>scien¬</Unicode>
                    </TextEquiv>
                    <TextStyle fontFamily="Times New Roman" fontSize="10.0"/>
                </Word>
                <TextEquiv>
                    <Unicode>l’italien, ni aucune partie des mathématiques ou des autres scien¬</Unicode>
                </TextEquiv>
                <TextStyle fontFamily="Times New Roman" fontSize="10.0"/>
            </TextLine>
            <TextLine id="tl_38" primaryLanguage="English" custom="readingOrder {index:8;}">
                <Coords points="239,1909 1649,1909 1649,1956 239,1956"/>
                <Baseline points="239,1945 1649,1945"/>
                <Word id="w_w1aab1b3b2b9c17ab1" language="English" custom="readingOrder {index:0;}">
                    <Coords points="239,1919 301,1919 301,1944 239,1944"/>
                    <TextEquiv>
                        <Unicode>ces</Unicode>
                    </TextEquiv>
                    <TextStyle fontFamily="Times New Roman" fontSize="10.0"/>
                </Word>
                <Word id="w_w1aab1b3b2b9c17ab9" language="English" custom="readingOrder {index:1;}">
                    <Coords points="320,1920 389,1920 389,1945 320,1945"/>
                    <TextEquiv>
                        <Unicode>sur</Unicode>
                    </TextEquiv>
                    <TextStyle fontFamily="Times New Roman" fontSize="10.0"/>
                </Word>
                <Word id="w_w1aab1b3b2b9c17ac17" language="English" custom="readingOrder {index:2;}">
                    <Coords points="409,1910 621,1910 621,1956 409,1956"/>
                    <TextEquiv>
                        <Unicode>lesquelles</Unicode>
                    </TextEquiv>
                    <TextStyle fontFamily="Times New Roman" fontSize="10.0"/>
                </Word>
                <Word id="w_w1aab1b3b2b9c17ac39" language="English" custom="readingOrder {index:3;}">
                    <Coords points="640,1910 754,1910 754,1945 640,1945"/>
                    <TextEquiv>
                        <Unicode>roule</Unicode>
                    </TextEquiv>
                    <TextStyle fontFamily="Times New Roman" fontSize="10.0"/>
                </Word>
                <Word id="w_w1aab1b3b2b9c17ac51" language="English" custom="readingOrder {index:4;}">
                    <Coords points="775,1920 852,1920 852,1945 775,1945"/>
                    <TextEquiv>
                        <Unicode>une</Unicode>
                    </TextEquiv>
                    <TextStyle fontFamily="Times New Roman" fontSize="10.0"/>
                </Word>
                <Word id="w_w1aab1b3b2b9c17ac59" language="English" custom="readingOrder {index:5;}">
                    <Coords points="872,1910 1000,1910 1000,1955 872,1955"/>
                    <TextEquiv>
                        <Unicode>partie</Unicode>
                    </TextEquiv>
                    <TextStyle fontFamily="Times New Roman" fontSize="10.0"/>
                </Word>
                <Word id="w_w1aab1b3b2b9c17ac73" language="English" custom="readingOrder {index:6;}">
                    <Coords points="1020,1910 1293,1910 1293,1945 1020,1945"/>
                    <TextEquiv>
                        <Unicode>considérable</Unicode>
                    </TextEquiv>
                    <TextStyle fontFamily="Times New Roman" fontSize="10.0"/>
                </Word>
                <Word id="w_w1aab1b3b2b9c17ac99" language="English" custom="readingOrder {index:7;}">
                    <Coords points="1314,1910 1380,1910 1380,1945 1314,1945"/>
                    <TextEquiv>
                        <Unicode>des</Unicode>
                    </TextEquiv>
                    <TextStyle fontFamily="Times New Roman" fontSize="10.0"/>
                </Word>
                <Word id="w_w1aab1b3b2b9c17ad107" language="English" custom="readingOrder {index:8;}">
                    <Coords points="1404,1909 1649,1909 1649,1945 1404,1945"/>
                    <TextEquiv>
                        <Unicode>documents.</Unicode>
                    </TextEquiv>
                    <TextStyle fontFamily="Times New Roman" fontSize="10.0"/>
                </Word>
                <TextEquiv>
                    <Unicode>ces sur lesquelles roule une partie considérable des documents.</Unicode>
                </TextEquiv>
                <TextStyle fontFamily="Times New Roman" fontSize="10.0"/>
            </TextLine>
            <TextEquiv>
                <Unicode>Je ne me porte point garant de ces pièces. Quelles qu’elles
soient, il est certain que leur composition, si elles ne sont pas
originales, a dû exiger un long travail, de nombreux matériaux;
et si l'on considère qu’elles s’ajoutent à tant d’autres, de tous les
temps jusqu’au siècle dernier, et traitant de tant de matières
différentes, on ne peut croire qu’elles soient l’œuvre d’un seul
individu, d’un seul fabricateur, qui du reste ne sait ni le latin, ni
l’italien, ni aucune partie des mathématiques ou des autres scien¬
ces sur lesquelles roule une partie considérable des documents.</Unicode>
            </TextEquiv>
        </TextRegion>
        <TextRegion type="paragraph" id="r_2_6" custom="readingOrder {index:6;}">
            <Coords points="239,1959 1699,1959 1699,2042 239,2042"/>
            <TextLine id="tl_39" primaryLanguage="English" custom="readingOrder {index:0;}">
                <Coords points="281,1960 1698,1960 1698,2006 281,2006"/>
                <Baseline points="281,1995 1698,1995"/>
                <Word id="w_w1aab1b3b2c11b1ab1" language="English" custom="readingOrder {index:0;}">
                    <Coords points="281,1960 313,1960 313,1995 281,1995"/>
                    <TextEquiv>
                        <Unicode>Il</Unicode>
                    </TextEquiv>
                    <TextStyle fontFamily="Times New Roman" fontSize="10.0"/>
                </Word>
                <Word id="w_w1aab1b3b2c11b1ab7" language="English" custom="readingOrder {index:1;}">
                    <Coords points="331,1971 358,1971 358,2005 331,2005"/>
                    <TextEquiv>
                        <Unicode>y</Unicode>
                    </TextEquiv>
                    <TextStyle fontFamily="Times New Roman" fontSize="10.0"/>
                </Word>
                <Word id="w_w1aab1b3b2c11b1ac11" language="English" custom="readingOrder {index:2;}">
                    <Coords points="377,1971 400,1971 400,1995 377,1995"/>
                    <TextEquiv>
                        <Unicode>a</Unicode>
                    </TextEquiv>
                    <TextStyle fontFamily="Times New Roman" fontSize="10.0"/>
                </Word>
                <Word id="w_w1aab1b3b2c11b1ac15" language="English" custom="readingOrder {index:3;}">
                    <Coords points="418,1960 517,1960 517,1996 418,1996"/>
                    <TextEquiv>
                        <Unicode>donc</Unicode>
                    </TextEquiv>
                    <TextStyle fontFamily="Times New Roman" fontSize="10.0"/>
                </Word>
                <Word id="w_w1aab1b3b2c11b1ac25" language="English" custom="readingOrder {index:4;}">
                    <Coords points="540,1972 591,1972 591,1996 540,1996"/>
                    <TextEquiv>
                        <Unicode>un</Unicode>
                    </TextEquiv>
                    <TextStyle fontFamily="Times New Roman" fontSize="10.0"/>
                </Word>
                <Word id="w_w1aab1b3b2c11b1ac31" language="English" custom="readingOrder {index:5;}">
                    <Coords points="611,1961 783,1961 783,2004 611,2004"/>
                    <TextEquiv>
                        <Unicode>mystère</Unicode>
                    </TextEquiv>
                    <TextStyle fontFamily="Times New Roman" fontSize="10.0"/>
                </Word>
                <Word id="w_w1aab1b3b2c11b1ac47" language="English" custom="readingOrder {index:6;}">
                    <Coords points="803,1960 825,1960 825,1995 803,1995"/>
                    <TextEquiv>
                        <Unicode>à</Unicode>
                    </TextEquiv>
                    <TextStyle fontFamily="Times New Roman" fontSize="10.0"/>
                </Word>
                <Word id="w_w1aab1b3b2c11b1ac51" language="English" custom="readingOrder {index:7;}">
                    <Coords points="845,1960 1040,1960 1040,2006 845,2006"/>
                    <TextEquiv>
                        <Unicode>pénétrer,</Unicode>
                    </TextEquiv>
                    <TextStyle fontFamily="Times New Roman" fontSize="10.0"/>
                </Word>
                <Word id="w_w1aab1b3b2c11b1ac71" language="English" custom="readingOrder {index:8;}">
                    <Coords points="1063,1961 1103,1961 1103,1996 1063,1996"/>
                    <TextEquiv>
                        <Unicode>et</Unicode>
                    </TextEquiv>
                    <TextStyle fontFamily="Times New Roman" fontSize="10.0"/>
                </Word>
                <Word id="w_w1aab1b3b2c11b1ac77" language="English" custom="readingOrder {index:9;}">
                    <Coords points="1117,1960 1326,1960 1326,2006 1117,2006"/>
                    <TextEquiv>
                        <Unicode>jusque-là</Unicode>
                    </TextEquiv>
                    <TextStyle fontFamily="Times New Roman" fontSize="10.0"/>
                </Word>
                <Word id="w_w1aab1b3b2c11b1ac97" language="English" custom="readingOrder {index:10;}">
                    <Coords points="1346,1960 1375,1960 1375,1995 1346,1995"/>
                    <TextEquiv>
                        <Unicode>il</Unicode>
                    </TextEquiv>
                    <TextStyle fontFamily="Times New Roman" fontSize="10.0"/>
                </Word>
                <Word id="w_w1aab1b3b2c11b1ad103" language="English" custom="readingOrder {index:11;}">
                    <Coords points="1406,1960 1471,1960 1471,2006 1406,2006"/>
                    <TextEquiv>
                        <Unicode>n’y</Unicode>
                    </TextEquiv>
                    <TextStyle fontFamily="Times New Roman" fontSize="10.0"/>
                </Word>
                <Word id="w_w1aab1b3b2c11b1ad111" language="English" custom="readingOrder {index:12;}">
                    <Coords points="1503,1971 1525,1971 1525,1996 1503,1996"/>
                    <TextEquiv>
                        <Unicode>a</Unicode>
                    </TextEquiv>
                    <TextStyle fontFamily="Times New Roman" fontSize="10.0"/>
                </Word>
                <Word id="w_w1aab1b3b2c11b1ad115" language="English" custom="readingOrder {index:13;}">
                    <Coords points="1556,1960 1644,1960 1644,1996 1556,1996"/>
                    <TextEquiv>
                        <Unicode>rien</Unicode>
                    </TextEquiv>
                    <TextStyle fontFamily="Times New Roman" fontSize="10.0"/>
                </Word>
                <Word id="w_w1aab1b3b2c11b1ad125" language="English" custom="readingOrder {index:14;}">
                    <Coords points="1676,1961 1698,1961 1698,1995 1676,1995"/>
                    <TextEquiv>
                        <Unicode>à</Unicode>
                    </TextEquiv>
                    <TextStyle fontFamily="Times New Roman" fontSize="10.0"/>
                </Word>
                <TextEquiv>
                    <Unicode>Il y a donc un mystère à pénétrer, et jusque-là il n’y a rien à</Unicode>
                </TextEquiv>
                <TextStyle fontFamily="Times New Roman" fontSize="10.0"/>
            </TextLine>
            <TextLine id="tl_40" primaryLanguage="English" custom="readingOrder {index:1;}">
                <Coords points="240,1996 773,1996 773,2041 240,2041"/>
                <Baseline points="240,2040 773,2040"/>
                <Word id="w_w1aab1b3b2c11b3ab1" language="English" custom="readingOrder {index:0;}">
                    <Coords points="240,1996 426,1996 426,2041 240,2041"/>
                    <TextEquiv>
                        <Unicode>conclure</Unicode>
                    </TextEquiv>
                    <TextStyle fontFamily="Times New Roman" fontSize="10.0"/>
                </Word>
                <Word id="w_w1aab1b3b2c11b3ac19" language="English" custom="readingOrder {index:1;}">
                    <Coords points="447,2016 541,2016 541,2041 447,2041"/>
                    <TextEquiv>
                        <Unicode>avec</Unicode>
                    </TextEquiv>
                    <TextStyle fontFamily="Times New Roman" fontSize="10.0"/>
                </Word>
                <Word id="w_w1aab1b3b2c11b3ac29" language="English" custom="readingOrder {index:2;}">
                    <Coords points="560,2005 773,2005 773,2041 560,2041"/>
                    <TextEquiv>
                        <Unicode>certitude.</Unicode>
                    </TextEquiv>
                    <TextStyle fontFamily="Times New Roman" fontSize="10.0"/>
                </Word>
                <TextEquiv>
                    <Unicode>conclure avec certitude.</Unicode>
                </TextEquiv>
                <TextStyle fontFamily="Times New Roman" fontSize="10.0"/>
            </TextLine>
            <TextEquiv>
                <Unicode>Il y a donc un mystère à pénétrer, et jusque-là il n’y a rien à
conclure avec certitude.</Unicode>
            </TextEquiv>
        </TextRegion>
        <TextRegion type="paragraph" id="r_2_7" custom="readingOrder {index:7;}">
            <Coords points="240,2072 1699,2072 1699,2428 240,2428"/>
            <TextLine id="tl_41" primaryLanguage="English" custom="readingOrder {index:0;}">
                <Coords points="289,2073 1697,2073 1697,2124 289,2124"/>
                <Baseline points="289,2112 1697,2112"/>
                <Word id="w_w1aab1b3b2c13b1ab1" language="English" custom="readingOrder {index:0;}">
                    <Coords points="289,2073 338,2073 338,2111 289,2111"/>
                    <TextEquiv>
                        <Unicode>La</Unicode>
                    </TextEquiv>
                    <TextStyle fontFamily="Times New Roman" fontSize="8.5" bold="true"/>
                </Word>
                <Word id="w_w1aab1b3b2c13b1ab7" language="English" custom="readingOrder {index:1;}">
                    <Coords points="362,2073 532,2073 532,2113 362,2113"/>
                    <TextEquiv>
                        <Unicode>dernière</Unicode>
                    </TextEquiv>
                    <TextStyle fontFamily="Times New Roman" fontSize="8.5" bold="true"/>
                </Word>
                <Word id="w_w1aab1b3b2c13b1ac25" language="English" custom="readingOrder {index:2;}">
                    <Coords points="557,2073 668,2073 668,2124 557,2124"/>
                    <TextEquiv>
                        <Unicode>phase</Unicode>
                    </TextEquiv>
                    <TextStyle fontFamily="Times New Roman" fontSize="8.5" bold="true"/>
                </Word>
                <Word id="w_w1aab1b3b2c13b1ac37" language="English" custom="readingOrder {index:3;}">
                    <Coords points="696,2074 742,2074 742,2112 696,2112"/>
                    <TextEquiv>
                        <Unicode>de</Unicode>
                    </TextEquiv>
                    <TextStyle fontFamily="Times New Roman" fontSize="8.5" bold="true"/>
                </Word>
                <Word id="w_w1aab1b3b2c13b1ac43" language="English" custom="readingOrder {index:4;}">
                    <Coords points="772,2079 866,2079 866,2112 772,2112"/>
                    <TextEquiv>
                        <Unicode>cette</Unicode>
                    </TextEquiv>
                    <TextStyle fontFamily="Times New Roman" fontSize="8.5" bold="true"/>
                </Word>
                <Word id="w_w1aab1b3b2c13b1ac55" language="English" custom="readingOrder {index:5;}">
                    <Coords points="898,2074 1207,2074 1207,2112 898,2112"/>
                    <TextEquiv>
                        <Unicode>communication</Unicode>
                    </TextEquiv>
                    <TextStyle fontFamily="Times New Roman" fontSize="8.5" bold="true"/>
                </Word>
                <Word id="w_w1aab1b3b2c13b1ac83" language="English" custom="readingOrder {index:6;}">
                    <Coords points="1238,2084 1259,2084 1259,2111 1238,2111"/>
                    <TextEquiv>
                        <Unicode>a</Unicode>
                    </TextEquiv>
                    <TextStyle fontFamily="Times New Roman" fontSize="8.5" bold="true"/>
                </Word>
                <Word id="w_w1aab1b3b2c13b1ac87" language="English" custom="readingOrder {index:7;}">
                    <Coords points="1288,2073 1480,2073 1480,2111 1288,2111"/>
                    <TextEquiv>
                        <Unicode>fortement</Unicode>
                    </TextEquiv>
                    <TextStyle fontFamily="Times New Roman" fontSize="8.5" bold="true"/>
                </Word>
                <Word id="w_w1aab1b3b2c13b1ad107" language="English" custom="readingOrder {index:8;}">
                    <Coords points="1511,2073 1697,2073 1697,2124 1511,2124"/>
                    <TextEquiv>
                        <Unicode>indisposé</Unicode>
                    </TextEquiv>
                    <TextStyle fontFamily="Times New Roman" fontSize="8.5" bold="true"/>
                </Word>
                <TextEquiv>
                    <Unicode>La dernière phase de cette communication a fortement indisposé</Unicode>
                </TextEquiv>
                <TextStyle fontFamily="Times New Roman" fontSize="8.5" bold="true"/>
            </TextLine>
            <TextLine id="tl_42" primaryLanguage="English" custom="readingOrder {index:1;}">
                <Coords points="241,2123 1696,2123 1696,2175 241,2175"/>
                <Baseline points="241,2162 1696,2162"/>
                <Word id="w_w1aab1b3b2c13b3ab1" language="English" custom="readingOrder {index:0;}">
                    <Coords points="241,2124 475,2124 475,2173 241,2173"/>
                    <TextEquiv>
                        <Unicode>l’Académie,</Unicode>
                    </TextEquiv>
                    <TextStyle fontFamily="Times New Roman" fontSize="8.5" bold="true"/>
                </Word>
                <Word id="w_w1aab1b3b2c13b3ac25" language="English" custom="readingOrder {index:1;}">
                    <Coords points="497,2124 573,2124 573,2175 497,2175"/>
                    <TextEquiv>
                        <Unicode>qui,</Unicode>
                    </TextEquiv>
                    <TextStyle fontFamily="Times New Roman" fontSize="8.5" bold="true"/>
                </Word>
                <Word id="w_w1aab1b3b2c13b3ac35" language="English" custom="readingOrder {index:2;}">
                    <Coords points="595,2136 640,2136 640,2163 595,2163"/>
                    <TextEquiv>
                        <Unicode>au</Unicode>
                    </TextEquiv>
                    <TextStyle fontFamily="Times New Roman" fontSize="8.5" bold="true"/>
                </Word>
                <Word id="w_w1aab1b3b2c13b3ac41" language="English" custom="readingOrder {index:3;}">
                    <Coords points="662,2124 733,2124 733,2163 662,2163"/>
                    <TextEquiv>
                        <Unicode>lieu</Unicode>
                    </TextEquiv>
                    <TextStyle fontFamily="Times New Roman" fontSize="8.5" bold="true"/>
                </Word>
                <Word id="w_w1aab1b3b2c13b3ac51" language="English" custom="readingOrder {index:4;}">
                    <Coords points="751,2124 797,2124 797,2162 751,2162"/>
                    <TextEquiv>
                        <Unicode>de</Unicode>
                    </TextEquiv>
                    <TextStyle fontFamily="Times New Roman" fontSize="8.5" bold="true"/>
                </Word>
                <Word id="w_w1aab1b3b2c13b3ac57" language="English" custom="readingOrder {index:5;}">
                    <Coords points="817,2131 898,2131 898,2163 817,2163"/>
                    <TextEquiv>
                        <Unicode>tous</Unicode>
                    </TextEquiv>
                    <TextStyle fontFamily="Times New Roman" fontSize="8.5" bold="true"/>
                </Word>
                <Word id="w_w1aab1b3b2c13b3ac67" language="English" custom="readingOrder {index:6;}">
                    <Coords points="917,2135 975,2135 975,2162 917,2162"/>
                    <TextEquiv>
                        <Unicode>ces</Unicode>
                    </TextEquiv>
                    <TextStyle fontFamily="Times New Roman" fontSize="8.5" bold="true"/>
                </Word>
                <Word id="w_w1aab1b3b2c13b3ac75" language="English" custom="readingOrder {index:7;}">
                    <Coords points="995,2124 1139,2124 1139,2169 995,2169"/>
                    <TextEquiv>
                        <Unicode>détails,</Unicode>
                    </TextEquiv>
                    <TextStyle fontFamily="Times New Roman" fontSize="8.5" bold="true"/>
                </Word>
                <Word id="w_w1aab1b3b2c13b3ac93" language="English" custom="readingOrder {index:8;}">
                    <Coords points="1170,2125 1234,2125 1234,2163 1170,2163"/>
                    <TextEquiv>
                        <Unicode>eût</Unicode>
                    </TextEquiv>
                    <TextStyle fontFamily="Times New Roman" fontSize="8.5" bold="true"/>
                </Word>
                <Word id="w_w1aab1b3b2c13b3ad101" language="English" custom="readingOrder {index:9;}">
                    <Coords points="1262,2124 1399,2124 1399,2173 1262,2173"/>
                    <TextEquiv>
                        <Unicode>préféré</Unicode>
                    </TextEquiv>
                    <TextStyle fontFamily="Times New Roman" fontSize="8.5" bold="true"/>
                </Word>
                <Word id="w_w1aab1b3b2c13b3ad117" language="English" custom="readingOrder {index:10;}">
                    <Coords points="1432,2134 1502,2134 1502,2162 1432,2162"/>
                    <TextEquiv>
                        <Unicode>une</Unicode>
                    </TextEquiv>
                    <TextStyle fontFamily="Times New Roman" fontSize="8.5" bold="true"/>
                </Word>
                <Word id="w_w1aab1b3b2c13b3ad125" language="English" custom="readingOrder {index:11;}">
                    <Coords points="1530,2123 1696,2123 1696,2162 1530,2162"/>
                    <TextEquiv>
                        <Unicode>déclara¬</Unicode>
                    </TextEquiv>
                    <TextStyle fontFamily="Times New Roman" fontSize="8.5" bold="true"/>
                </Word>
                <TextEquiv>
                    <Unicode>l’Académie, qui, au lieu de tous ces détails, eût préféré une déclara¬</Unicode>
                </TextEquiv>
                <TextStyle fontFamily="Times New Roman" fontSize="8.5" bold="true"/>
            </TextLine>
            <TextLine id="tl_43" primaryLanguage="English" custom="readingOrder {index:2;}">
                <Coords points="242,2174 1694,2174 1694,2226 242,2226"/>
                <Baseline points="242,2213 1694,2213"/>
                <Word id="w_w1aab1b3b2c13b5ab1" language="English" custom="readingOrder {index:0;}">
                    <Coords points="242,2174 319,2174 319,2213 242,2213"/>
                    <TextEquiv>
                        <Unicode>tion</Unicode>
                    </TextEquiv>
                    <TextStyle fontFamily="Times New Roman" fontSize="8.5" bold="true"/>
                </Word>
                <Word id="w_w1aab1b3b2c13b5ac11" language="English" custom="readingOrder {index:1;}">
                    <Coords points="342,2187 431,2187 431,2225 342,2225"/>
                    <TextEquiv>
                        <Unicode>pure</Unicode>
                    </TextEquiv>
                    <TextStyle fontFamily="Times New Roman" fontSize="8.5" bold="true"/>
                </Word>
                <Word id="w_w1aab1b3b2c13b5ac21" language="English" custom="readingOrder {index:2;}">
                    <Coords points="452,2181 489,2181 489,2214 452,2214"/>
                    <TextEquiv>
                        <Unicode>et</Unicode>
                    </TextEquiv>
                    <TextStyle fontFamily="Times New Roman" fontSize="8.5" bold="true"/>
                </Word>
                <Word id="w_w1aab1b3b2c13b5ac27" language="English" custom="readingOrder {index:3;}">
                    <Coords points="504,2175 648,2175 648,2226 504,2226"/>
                    <TextEquiv>
                        <Unicode>simple,</Unicode>
                    </TextEquiv>
                    <TextStyle fontFamily="Times New Roman" fontSize="8.5" bold="true"/>
                </Word>
                <Word id="w_w1aab1b3b2c13b5ac43" language="English" custom="readingOrder {index:4;}">
                    <Coords points="671,2175 763,2175 763,2213 671,2213"/>
                    <TextEquiv>
                        <Unicode>mais</Unicode>
                    </TextEquiv>
                    <TextStyle fontFamily="Times New Roman" fontSize="8.5" bold="true"/>
                </Word>
                <Word id="w_w1aab1b3b2c13b5ac53" language="English" custom="readingOrder {index:5;}">
                    <Coords points="778,2175 1022,2175 1022,2224 778,2224"/>
                    <TextEquiv>
                        <Unicode>catégorique.</Unicode>
                    </TextEquiv>
                    <TextStyle fontFamily="Times New Roman" fontSize="8.5" bold="true"/>
                </Word>
                <Word id="w_w1aab1b3b2c13b5ac79" language="English" custom="readingOrder {index:6;}">
                    <Coords points="1048,2175 1120,2175 1120,2213 1048,2213"/>
                    <TextEquiv>
                        <Unicode>Dès</Unicode>
                    </TextEquiv>
                    <TextStyle fontFamily="Times New Roman" fontSize="8.5" bold="true"/>
                </Word>
                <Word id="w_w1aab1b3b2c13b5ac87" language="English" custom="readingOrder {index:7;}">
                    <Coords points="1153,2175 1184,2175 1184,2213 1153,2213"/>
                    <TextEquiv>
                        <Unicode>le</Unicode>
                    </TextEquiv>
                    <TextStyle fontFamily="Times New Roman" fontSize="8.5" bold="true"/>
                </Word>
                <Word id="w_w1aab1b3b2c13b5ac93" language="English" custom="readingOrder {index:8;}">
                    <Coords points="1217,2174 1435,2174 1435,2217 1217,2217"/>
                    <TextEquiv>
                        <Unicode>lendemain,</Unicode>
                    </TextEquiv>
                    <TextStyle fontFamily="Times New Roman" fontSize="8.5" bold="true"/>
                </Word>
                <Word id="w_w1aab1b3b2c13b5ad115" language="English" custom="readingOrder {index:9;}">
                    <Coords points="1467,2174 1514,2174 1514,2213 1467,2213"/>
                    <TextEquiv>
                        <Unicode>M.</Unicode>
                    </TextEquiv>
                    <TextStyle fontFamily="Times New Roman" fontSize="8.5" bold="true"/>
                </Word>
                <Word id="w_w1aab1b3b2c13b5ad121" language="English" custom="readingOrder {index:10;}">
                    <Coords points="1543,2174 1694,2174 1694,2224 1543,2224"/>
                    <TextEquiv>
                        <Unicode>Dumas,</Unicode>
                    </TextEquiv>
                    <TextStyle fontFamily="Times New Roman" fontSize="8.5" bold="true"/>
                </Word>
                <TextEquiv>
                    <Unicode>tion pure et simple, mais catégorique. Dès le lendemain, M. Dumas,</Unicode>
                </TextEquiv>
                <TextStyle fontFamily="Times New Roman" fontSize="8.5" bold="true"/>
            </TextLine>
            <TextLine id="tl_44" primaryLanguage="English" custom="readingOrder {index:3;}">
                <Coords points="244,2224 1696,2224 1696,2276 244,2276"/>
                <Baseline points="244,2264 1696,2264"/>
                <Word id="w_w1aab1b3b2c13b7ab1" language="English" custom="readingOrder {index:0;}">
                    <Coords points="244,2225 442,2225 442,2264 244,2264"/>
                    <TextEquiv>
                        <Unicode>secrétaire</Unicode>
                    </TextEquiv>
                    <TextStyle fontFamily="Times New Roman" fontSize="8.5" bold="true"/>
                </Word>
                <Word id="w_w1aab1b3b2c13b7ac23" language="English" custom="readingOrder {index:1;}">
                    <Coords points="463,2227 664,2227 664,2276 463,2276"/>
                    <TextEquiv>
                        <Unicode>perpétuel,</Unicode>
                    </TextEquiv>
                    <TextStyle fontFamily="Times New Roman" fontSize="8.5" bold="true"/>
                </Word>
                <Word id="w_w1aab1b3b2c13b7ac45" language="English" custom="readingOrder {index:2;}">
                    <Coords points="685,2237 730,2237 730,2264 685,2264"/>
                    <TextEquiv>
                        <Unicode>en</Unicode>
                    </TextEquiv>
                    <TextStyle fontFamily="Times New Roman" fontSize="8.5" bold="true"/>
                </Word>
                <Word id="w_w1aab1b3b2c13b7ac51" language="English" custom="readingOrder {index:3;}">
                    <Coords points="748,2226 829,2226 829,2275 748,2275"/>
                    <TextEquiv>
                        <Unicode>pria</Unicode>
                    </TextEquiv>
                    <TextStyle fontFamily="Times New Roman" fontSize="8.5" bold="true"/>
                </Word>
                <Word id="w_w1aab1b3b2c13b7ac61" language="English" custom="readingOrder {index:4;}">
                    <Coords points="850,2225 898,2225 898,2264 850,2264"/>
                    <TextEquiv>
                        <Unicode>M.</Unicode>
                    </TextEquiv>
                    <TextStyle fontFamily="Times New Roman" fontSize="8.5" bold="true"/>
                </Word>
                <Word id="w_w1aab1b3b2c13b7ac67" language="English" custom="readingOrder {index:5;}">
                    <Coords points="922,2225 1085,2225 1085,2274 922,2274"/>
                    <TextEquiv>
                        <Unicode>Chasles,</Unicode>
                    </TextEquiv>
                    <TextStyle fontFamily="Times New Roman" fontSize="8.5" bold="true"/>
                </Word>
                <Word id="w_w1aab1b3b2c13b7ac85" language="English" custom="readingOrder {index:6;}">
                    <Coords points="1101,2237 1165,2237 1165,2275 1101,2275"/>
                    <TextEquiv>
                        <Unicode>par</Unicode>
                    </TextEquiv>
                    <TextStyle fontFamily="Times New Roman" fontSize="8.5" bold="true"/>
                </Word>
                <Word id="w_w1aab1b3b2c13b7ac93" language="English" custom="readingOrder {index:7;}">
                    <Coords points="1189,2225 1307,2225 1307,2269 1189,2269"/>
                    <TextEquiv>
                        <Unicode>lettre,</Unicode>
                    </TextEquiv>
                    <TextStyle fontFamily="Times New Roman" fontSize="8.5" bold="true"/>
                </Word>
                <Word id="w_w1aab1b3b2c13b7ad109" language="English" custom="readingOrder {index:8;}">
                    <Coords points="1336,2224 1581,2224 1581,2264 1336,2264"/>
                    <TextEquiv>
                        <Unicode>l’avertissant</Unicode>
                    </TextEquiv>
                    <TextStyle fontFamily="Times New Roman" fontSize="8.5" bold="true"/>
                </Word>
                <Word id="w_w1aab1b3b2c13b7ad137" language="English" custom="readingOrder {index:9;}">
                    <Coords points="1608,2225 1696,2225 1696,2276 1608,2276"/>
                    <TextEquiv>
                        <Unicode>qu’il</Unicode>
                    </TextEquiv>
                    <TextStyle fontFamily="Times New Roman" fontSize="8.5" bold="true"/>
                </Word>
                <TextEquiv>
                    <Unicode>secrétaire perpétuel, en pria M. Chasles, par lettre, l’avertissant qu’il</Unicode>
                </TextEquiv>
                <TextStyle fontFamily="Times New Roman" fontSize="8.5" bold="true"/>
            </TextLine>
            <TextLine id="tl_45" primaryLanguage="English" custom="readingOrder {index:4;}">
                <Coords points="241,2275 1698,2275 1698,2326 241,2326"/>
                <Baseline points="241,2314 1698,2314"/>
                <Word id="w_w1aab1b3b2c13b9ab1" language="English" custom="readingOrder {index:0;}">
                    <Coords points="241,2287 264,2287 264,2326 241,2326"/>
                    <TextEquiv>
                        <Unicode>y</Unicode>
                    </TextEquiv>
                    <TextStyle fontFamily="Times New Roman" fontSize="8.5" bold="true"/>
                </Word>
                <Word id="w_w1aab1b3b2c13b9ab5" language="English" custom="readingOrder {index:1;}">
                    <Coords points="278,2277 398,2277 398,2315 278,2315"/>
                    <TextEquiv>
                        <Unicode>aurait</Unicode>
                    </TextEquiv>
                    <TextStyle fontFamily="Times New Roman" fontSize="8.5" bold="true"/>
                </Word>
                <Word id="w_w1aab1b3b2c13b9ac19" language="English" custom="readingOrder {index:2;}">
                    <Coords points="412,2288 483,2288 483,2315 412,2315"/>
                    <TextEquiv>
                        <Unicode>une</Unicode>
                    </TextEquiv>
                    <TextStyle fontFamily="Times New Roman" fontSize="8.5" bold="true"/>
                </Word>
                <Word id="w_w1aab1b3b2c13b9ac27" language="English" custom="readingOrder {index:3;}">
                    <Coords points="501,2277 738,2277 738,2325 501,2325"/>
                    <TextEquiv>
                        <Unicode>protestation</Unicode>
                    </TextEquiv>
                    <TextStyle fontFamily="Times New Roman" fontSize="8.5" bold="true"/>
                </Word>
                <Word id="w_w1aab1b3b2c13b9ac53" language="English" custom="readingOrder {index:4;}">
                    <Coords points="752,2276 809,2276 809,2315 752,2315"/>
                    <TextEquiv>
                        <Unicode>s’il</Unicode>
                    </TextEquiv>
                    <TextStyle fontFamily="Times New Roman" fontSize="8.5" bold="true"/>
                </Word>
                <Word id="w_w1aab1b3b2c13b9ac63" language="English" custom="readingOrder {index:5;}">
                    <Coords points="828,2287 876,2287 876,2315 828,2315"/>
                    <TextEquiv>
                        <Unicode>ne</Unicode>
                    </TextEquiv>
                    <TextStyle fontFamily="Times New Roman" fontSize="8.5" bold="true"/>
                </Word>
                <Word id="w_w1aab1b3b2c13b9ac69" language="English" custom="readingOrder {index:6;}">
                    <Coords points="894,2288 932,2288 932,2315 894,2315"/>
                    <TextEquiv>
                        <Unicode>se</Unicode>
                    </TextEquiv>
                    <TextStyle fontFamily="Times New Roman" fontSize="8.5" bold="true"/>
                </Word>
                <Word id="w_w1aab1b3b2c13b9ac75" language="English" custom="readingOrder {index:7;}">
                    <Coords points="950,2276 1168,2276 1168,2314 950,2314"/>
                    <TextEquiv>
                        <Unicode>conformait</Unicode>
                    </TextEquiv>
                    <TextStyle fontFamily="Times New Roman" fontSize="8.5" bold="true"/>
                </Word>
                <Word id="w_w1aab1b3b2c13b9ac97" language="English" custom="readingOrder {index:8;}">
                    <Coords points="1181,2287 1243,2287 1243,2326 1181,2326"/>
                    <TextEquiv>
                        <Unicode>pas</Unicode>
                    </TextEquiv>
                    <TextStyle fontFamily="Times New Roman" fontSize="8.5" bold="true"/>
                </Word>
                <Word id="w_w1aab1b3b2c13b9ad105" language="English" custom="readingOrder {index:9;}">
                    <Coords points="1261,2278 1281,2278 1281,2314 1261,2314"/>
                    <TextEquiv>
                        <Unicode>à</Unicode>
                    </TextEquiv>
                    <TextStyle fontFamily="Times New Roman" fontSize="8.5" bold="true"/>
                </Word>
                <Word id="w_w1aab1b3b2c13b9ad109" language="English" custom="readingOrder {index:10;}">
                    <Coords points="1297,2287 1336,2287 1336,2314 1297,2314"/>
                    <TextEquiv>
                        <Unicode>ce</Unicode>
                    </TextEquiv>
                    <TextStyle fontFamily="Times New Roman" fontSize="8.5" bold="true"/>
                </Word>
                <Word id="w_w1aab1b3b2c13b9ad115" language="English" custom="readingOrder {index:11;}">
                    <Coords points="1355,2275 1462,2275 1462,2314 1355,2314"/>
                    <TextEquiv>
                        <Unicode>désir.</Unicode>
                    </TextEquiv>
                    <TextStyle fontFamily="Times New Roman" fontSize="8.5" bold="true"/>
                </Word>
                <Word id="w_w1aab1b3b2c13b9ad129" language="English" custom="readingOrder {index:12;}">
                    <Coords points="1481,2276 1525,2276 1525,2314 1481,2314"/>
                    <TextEquiv>
                        <Unicode>M.</Unicode>
                    </TextEquiv>
                    <TextStyle fontFamily="Times New Roman" fontSize="8.5" bold="true"/>
                </Word>
                <Word id="w_w1aab1b3b2c13b9ad135" language="English" custom="readingOrder {index:13;}">
                    <Coords points="1547,2275 1698,2275 1698,2315 1547,2315"/>
                    <TextEquiv>
                        <Unicode>Chasles</Unicode>
                    </TextEquiv>
                    <TextStyle fontFamily="Times New Roman" fontSize="8.5" bold="true"/>
                </Word>
                <TextEquiv>
                    <Unicode>y aurait une protestation s’il ne se conformait pas à ce désir. M. Chasles</Unicode>
                </TextEquiv>
                <TextStyle fontFamily="Times New Roman" fontSize="8.5" bold="true"/>
            </TextLine>
            <TextLine id="tl_46" primaryLanguage="English" custom="readingOrder {index:5;}">
                <Coords points="242,2326 1697,2326 1697,2378 242,2378"/>
                <Baseline points="242,2365 1697,2365"/>
                <Word id="w_w1aab1b3b2c13c11ab1" language="English" custom="readingOrder {index:0;}">
                    <Coords points="242,2327 371,2327 371,2366 242,2366"/>
                    <TextEquiv>
                        <Unicode>insista</Unicode>
                    </TextEquiv>
                    <TextStyle fontFamily="Times New Roman" fontSize="8.5" bold="true"/>
                </Word>
                <Word id="w_w1aab1b3b2c13c11ac17" language="English" custom="readingOrder {index:1;}">
                    <Coords points="394,2339 485,2339 485,2377 394,2377"/>
                    <TextEquiv>
                        <Unicode>pour</Unicode>
                    </TextEquiv>
                    <TextStyle fontFamily="Times New Roman" fontSize="8.5" bold="true"/>
                </Word>
                <Word id="w_w1aab1b3b2c13c11ac27" language="English" custom="readingOrder {index:2;}">
                    <Coords points="504,2326 705,2326 705,2366 504,2366"/>
                    <TextEquiv>
                        <Unicode>l’insertion</Unicode>
                    </TextEquiv>
                    <TextStyle fontFamily="Times New Roman" fontSize="8.5" bold="true"/>
                </Word>
                <Word id="w_w1aab1b3b2c13c11ac51" language="English" custom="readingOrder {index:3;}">
                    <Coords points="738,2327 917,2327 917,2378 738,2378"/>
                    <TextEquiv>
                        <Unicode>intégrale</Unicode>
                    </TextEquiv>
                    <TextStyle fontFamily="Times New Roman" fontSize="8.5" bold="true"/>
                </Word>
                <Word id="w_w1aab1b3b2c13c11ac71" language="English" custom="readingOrder {index:4;}">
                    <Coords points="940,2326 985,2326 985,2365 940,2365"/>
                    <TextEquiv>
                        <Unicode>de</Unicode>
                    </TextEquiv>
                    <TextStyle fontFamily="Times New Roman" fontSize="8.5" bold="true"/>
                </Word>
                <Word id="w_w1aab1b3b2c13c11ac77" language="English" custom="readingOrder {index:5;}">
                    <Coords points="1006,2338 1047,2338 1047,2365 1006,2365"/>
                    <TextEquiv>
                        <Unicode>sa</Unicode>
                    </TextEquiv>
                    <TextStyle fontFamily="Times New Roman" fontSize="8.5" bold="true"/>
                </Word>
                <Word id="w_w1aab1b3b2c13c11ac83" language="English" custom="readingOrder {index:6;}">
                    <Coords points="1066,2333 1151,2333 1151,2365 1066,2365"/>
                    <TextEquiv>
                        <Unicode>note</Unicode>
                    </TextEquiv>
                    <TextStyle fontFamily="Times New Roman" fontSize="8.5" bold="true"/>
                </Word>
                <Word id="w_w1aab1b3b2c13c11ac93" language="English" custom="readingOrder {index:7;}">
                    <Coords points="1180,2327 1226,2327 1226,2365 1180,2365"/>
                    <TextEquiv>
                        <Unicode>au</Unicode>
                    </TextEquiv>
                    <TextStyle fontFamily="Times New Roman" fontSize="8.5" bold="true"/>
                </Word>
                <Word id="w_w1aab1b3b2c13c11b1b1" language="English" custom="readingOrder {index:8;}">
                    <Coords points="1259,2327 1554,2327 1554,2375 1259,2375"/>
                    <TextEquiv>
                        <Unicode>Comtep-rendu</Unicode>
                    </TextEquiv>
                    <TextStyle fontFamily="Times New Roman" fontSize="9.0" bold="true" italic="true"/>
                </Word>
                <Word id="w_w1aab1b3b2c13c11b2b1" language="English" custom="readingOrder {index:9;}">
                    <Coords points="1559,2358 1567,2358 1567,2373 1559,2373"/>
                    <TextEquiv>
                        <Unicode>,</Unicode>
                    </TextEquiv>
                    <TextStyle fontFamily="Times New Roman" fontSize="8.5" bold="true"/>
                </Word>
                <Word id="w_w1aab1b3b2c13c11b2b5" language="English" custom="readingOrder {index:10;}">
                    <Coords points="1597,2333 1632,2333 1632,2365 1597,2365"/>
                    <TextEquiv>
                        <Unicode>et</Unicode>
                    </TextEquiv>
                    <TextStyle fontFamily="Times New Roman" fontSize="8.5" bold="true"/>
                </Word>
                <Word id="w_w1aab1b3b2c13c11b2c11" language="English" custom="readingOrder {index:11;}">
                    <Coords points="1664,2327 1697,2327 1697,2365 1664,2365"/>
                    <TextEquiv>
                        <Unicode>la</Unicode>
                    </TextEquiv>
                    <TextStyle fontFamily="Times New Roman" fontSize="8.5" bold="true"/>
                </Word>
                <TextEquiv>
                    <Unicode>insista pour l’insertion intégrale de sa note au Comtep-rendu, et la</Unicode>
                </TextEquiv>
            </TextLine>
            <TextLine id="tl_47" primaryLanguage="English" custom="readingOrder {index:6;}">
                <Coords points="245,2378 1298,2378 1298,2427 245,2427"/>
                <Baseline points="245,2416 1298,2416"/>
                <Word id="w_w1aab1b3b2c13c13ab1" language="English" custom="readingOrder {index:0;}">
                    <Coords points="245,2378 488,2378 488,2427 245,2427"/>
                    <TextEquiv>
                        <Unicode>protestation</Unicode>
                    </TextEquiv>
                    <TextStyle fontFamily="Times New Roman" fontSize="8.5" bold="true"/>
                </Word>
                <Word id="w_w1aab1b3b2c13c13ac27" language="English" custom="readingOrder {index:1;}">
                    <Coords points="511,2384 574,2384 574,2416 511,2416"/>
                    <TextEquiv>
                        <Unicode>eut</Unicode>
                    </TextEquiv>
                    <TextStyle fontFamily="Times New Roman" fontSize="8.5" bold="true"/>
                </Word>
                <Word id="w_w1aab1b3b2c13c13ac35" language="English" custom="readingOrder {index:2;}">
                    <Coords points="591,2378 660,2378 660,2417 591,2417"/>
                    <TextEquiv>
                        <Unicode>lieu</Unicode>
                    </TextEquiv>
                    <TextStyle fontFamily="Times New Roman" fontSize="8.5" bold="true"/>
                </Word>
                <Word id="w_w1aab1b3b2c13c13ac45" language="English" custom="readingOrder {index:3;}">
                    <Coords points="680,2378 769,2378 769,2416 680,2416"/>
                    <TextEquiv>
                        <Unicode>dans</Unicode>
                    </TextEquiv>
                    <TextStyle fontFamily="Times New Roman" fontSize="8.5" bold="true"/>
                </Word>
                <Word id="w_w1aab1b3b2c13c13ac55" language="English" custom="readingOrder {index:4;}">
                    <Coords points="788,2379 821,2379 821,2416 788,2416"/>
                    <TextEquiv>
                        <Unicode>la</Unicode>
                    </TextEquiv>
                    <TextStyle fontFamily="Times New Roman" fontSize="8.5" bold="true"/>
                </Word>
                <Word id="w_w1aab1b3b2c13c13ac61" language="English" custom="readingOrder {index:5;}">
                    <Coords points="839,2380 969,2380 969,2417 839,2417"/>
                    <TextEquiv>
                        <Unicode>séance</Unicode>
                    </TextEquiv>
                    <TextStyle fontFamily="Times New Roman" fontSize="8.5" bold="true"/>
                </Word>
                <Word id="w_w1aab1b3b2c13c13ac75" language="English" custom="readingOrder {index:6;}">
                    <Coords points="987,2378 1167,2378 1167,2424 987,2424"/>
                    <TextEquiv>
                        <Unicode>suivante,</Unicode>
                    </TextEquiv>
                    <TextStyle fontFamily="Times New Roman" fontSize="8.5" bold="true"/>
                </Word>
                <Word id="w_w1aab1b3b2c13c13ac95" language="English" custom="readingOrder {index:7;}">
                    <Coords points="1188,2378 1220,2378 1220,2416 1188,2416"/>
                    <TextEquiv>
                        <Unicode>le</Unicode>
                    </TextEquiv>
                    <TextStyle fontFamily="Times New Roman" fontSize="8.5" bold="true"/>
                </Word>
                <Word id="w_w1aab1b3b2c13c13ad101" language="English" custom="readingOrder {index:8;}">
                    <Coords points="1239,2378 1298,2378 1298,2417 1239,2417"/>
                    <TextEquiv>
                        <Unicode>20.</Unicode>
                    </TextEquiv>
                    <TextStyle fontFamily="Times New Roman" fontSize="8.5" bold="true"/>
                </Word>
                <TextEquiv>
                    <Unicode>protestation eut lieu dans la séance suivante, le 20.</Unicode>
                </TextEquiv>
                <TextStyle fontFamily="Times New Roman" fontSize="8.5" bold="true"/>
            </TextLine>
            <TextEquiv>
                <Unicode>La dernière phase de cette communication a fortement indisposé
l’Académie, qui, au lieu de tous ces détails, eût préféré une déclara¬
tion pure et simple, mais catégorique. Dès le lendemain, M. Dumas,
secrétaire perpétuel, en pria M. Chasles, par lettre, l’avertissant qu’il
y aurait une protestation s’il ne se conformait pas à ce désir. M. Chasles
insista pour l’insertion intégrale de sa note au Comtep-rendu, et la
protestation eut lieu dans la séance suivante, le 20.</Unicode>
            </TextEquiv>
        </TextRegion>
        <TextRegion type="paragraph" id="r_2_8" custom="readingOrder {index:8;}">
            <Coords points="240,2427 1700,2427 1700,2683 240,2683"/>
            <TextLine id="tl_48" primaryLanguage="English" custom="readingOrder {index:0;}">
                <Coords points="292,2428 1698,2428 1698,2479 292,2479"/>
                <Baseline points="292,2467 1698,2467"/>
                <Word id="w_w1aab1b3b2c15b1ab1" language="English" custom="readingOrder {index:0;}">
                    <Coords points="292,2428 338,2428 338,2466 292,2466"/>
                    <TextEquiv>
                        <Unicode>M.</Unicode>
                    </TextEquiv>
                    <TextStyle fontFamily="Times New Roman" fontSize="8.5" bold="true"/>
                </Word>
                <Word id="w_w1aab1b3b2c15b1ab7" language="English" custom="readingOrder {index:1;}">
                    <Coords points="360,2429 510,2429 510,2477 360,2477"/>
                    <TextEquiv>
                        <Unicode>Dumas,</Unicode>
                    </TextEquiv>
                    <TextStyle fontFamily="Times New Roman" fontSize="8.5" bold="true"/>
                </Word>
                <Word id="w_w1aab1b3b2c15b1ac21" language="English" custom="readingOrder {index:2;}">
                    <Coords points="533,2428 624,2428 624,2467 533,2467"/>
                    <TextEquiv>
                        <Unicode>dans</Unicode>
                    </TextEquiv>
                    <TextStyle fontFamily="Times New Roman" fontSize="8.5" bold="true"/>
                </Word>
                <Word id="w_w1aab1b3b2c15b1ac31" language="English" custom="readingOrder {index:3;}">
                    <Coords points="642,2440 693,2440 693,2467 642,2467"/>
                    <TextEquiv>
                        <Unicode>un</Unicode>
                    </TextEquiv>
                    <TextStyle fontFamily="Times New Roman" fontSize="8.5" bold="true"/>
                </Word>
                <Word id="w_w1aab1b3b2c15b1ac37" language="English" custom="readingOrder {index:4;}">
                    <Coords points="713,2429 875,2429 875,2468 713,2468"/>
                    <TextEquiv>
                        <Unicode>discours</Unicode>
                    </TextEquiv>
                    <TextStyle fontFamily="Times New Roman" fontSize="8.5" bold="true"/>
                </Word>
                <Word id="w_w1aab1b3b2c15b1ac55" language="English" custom="readingOrder {index:5;}">
                    <Coords points="890,2430 1101,2430 1101,2479 890,2479"/>
                    <TextEquiv>
                        <Unicode>énergique,</Unicode>
                    </TextEquiv>
                    <TextStyle fontFamily="Times New Roman" fontSize="8.5" bold="true"/>
                </Word>
                <Word id="w_w1aab1b3b2c15b1ac77" language="English" custom="readingOrder {index:6;}">
                    <Coords points="1126,2440 1147,2440 1147,2466 1126,2466"/>
                    <TextEquiv>
                        <Unicode>a</Unicode>
                    </TextEquiv>
                    <TextStyle fontFamily="Times New Roman" fontSize="8.5" bold="true"/>
                </Word>
                <Word id="w_w1aab1b3b2c15b1ac81" language="English" custom="readingOrder {index:7;}">
                    <Coords points="1168,2429 1278,2429 1278,2467 1168,2467"/>
                    <TextEquiv>
                        <Unicode>voulu</Unicode>
                    </TextEquiv>
                    <TextStyle fontFamily="Times New Roman" fontSize="8.5" bold="true"/>
                </Word>
                <Word id="w_w1aab1b3b2c15b1ac93" language="English" custom="readingOrder {index:8;}">
                    <Coords points="1297,2428 1453,2428 1453,2478 1297,2478"/>
                    <TextEquiv>
                        <Unicode>dégager</Unicode>
                    </TextEquiv>
                    <TextStyle fontFamily="Times New Roman" fontSize="8.5" bold="true"/>
                </Word>
                <Word id="w_w1aab1b3b2c15b1ad109" language="English" custom="readingOrder {index:9;}">
                    <Coords points="1484,2429 1517,2429 1517,2466 1484,2466"/>
                    <TextEquiv>
                        <Unicode>la</Unicode>
                    </TextEquiv>
                    <TextStyle fontFamily="Times New Roman" fontSize="8.5" bold="true"/>
                </Word>
                <Word id="w_w1aab1b3b2c15b1ad115" language="English" custom="readingOrder {index:10;}">
                    <Coords points="1543,2439 1698,2439 1698,2478 1543,2478"/>
                    <TextEquiv>
                        <Unicode>respon¬</Unicode>
                    </TextEquiv>
                    <TextStyle fontFamily="Times New Roman" fontSize="8.5" bold="true"/>
                </Word>
                <TextEquiv>
                    <Unicode>M. Dumas, dans un discours énergique, a voulu dégager la respon¬</Unicode>
                </TextEquiv>
                <TextStyle fontFamily="Times New Roman" fontSize="8.5" bold="true"/>
            </TextLine>
            <TextLine id="tl_49" primaryLanguage="English" custom="readingOrder {index:1;}">
                <Coords points="241,2479 1696,2479 1696,2530 241,2530"/>
                <Baseline points="241,2517 1696,2517"/>
                <Word id="w_w1aab1b3b2c15b3ab1" language="English" custom="readingOrder {index:0;}">
                    <Coords points="241,2479 387,2479 387,2518 241,2518"/>
                    <TextEquiv>
                        <Unicode>sabilité</Unicode>
                    </TextEquiv>
                    <TextStyle fontFamily="Times New Roman" fontSize="8.5" bold="true"/>
                </Word>
                <Word id="w_w1aab1b3b2c15b3ac19" language="English" custom="readingOrder {index:1;}">
                    <Coords points="399,2480 444,2480 444,2518 399,2518"/>
                    <TextEquiv>
                        <Unicode>de</Unicode>
                    </TextEquiv>
                    <TextStyle fontFamily="Times New Roman" fontSize="8.5" bold="true"/>
                </Word>
                <Word id="w_w1aab1b3b2c15b3ac25" language="English" custom="readingOrder {index:2;}">
                    <Coords points="457,2479 690,2479 690,2524 457,2524"/>
                    <TextEquiv>
                        <Unicode>l’Académie,</Unicode>
                    </TextEquiv>
                    <TextStyle fontFamily="Times New Roman" fontSize="8.5" bold="true"/>
                </Word>
                <Word id="w_w1aab1b3b2c15b3ac49" language="English" custom="readingOrder {index:3;}">
                    <Coords points="707,2480 782,2480 782,2529 707,2529"/>
                    <TextEquiv>
                        <Unicode>qui,</Unicode>
                    </TextEquiv>
                    <TextStyle fontFamily="Times New Roman" fontSize="8.5" bold="true"/>
                </Word>
                <Word id="w_w1aab1b3b2c15b3ac59" language="English" custom="readingOrder {index:4;}">
                    <Coords points="798,2491 862,2491 862,2530 798,2530"/>
                    <TextEquiv>
                        <Unicode>par</Unicode>
                    </TextEquiv>
                    <TextStyle fontFamily="Times New Roman" fontSize="8.5" bold="true"/>
                </Word>
                <Word id="w_w1aab1b3b2c15b3ac67" language="English" custom="readingOrder {index:5;}">
                    <Coords points="871,2479 1059,2479 1059,2519 871,2519"/>
                    <TextEquiv>
                        <Unicode>déférence</Unicode>
                    </TextEquiv>
                    <TextStyle fontFamily="Times New Roman" fontSize="8.5" bold="true"/>
                </Word>
                <Word id="w_w1aab1b3b2c15b3ac87" language="English" custom="readingOrder {index:6;}">
                    <Coords points="1070,2490 1160,2490 1160,2530 1070,2530"/>
                    <TextEquiv>
                        <Unicode>pour</Unicode>
                    </TextEquiv>
                    <TextStyle fontFamily="Times New Roman" fontSize="8.5" bold="true"/>
                </Word>
                <Word id="w_w1aab1b3b2c15b3ac97" language="English" custom="readingOrder {index:7;}">
                    <Coords points="1172,2479 1204,2479 1204,2517 1172,2517"/>
                    <TextEquiv>
                        <Unicode>le</Unicode>
                    </TextEquiv>
                    <TextStyle fontFamily="Times New Roman" fontSize="8.5" bold="true"/>
                </Word>
                <Word id="w_w1aab1b3b2c15b3ad103" language="English" custom="readingOrder {index:8;}">
                    <Coords points="1220,2480 1402,2480 1402,2517 1220,2517"/>
                    <TextEquiv>
                        <Unicode>caractère</Unicode>
                    </TextEquiv>
                    <TextStyle fontFamily="Times New Roman" fontSize="8.5" bold="true"/>
                </Word>
                <Word id="w_w1aab1b3b2c15b3ad123" language="English" custom="readingOrder {index:9;}">
                    <Coords points="1415,2479 1458,2479 1458,2517 1415,2517"/>
                    <TextEquiv>
                        <Unicode>de</Unicode>
                    </TextEquiv>
                    <TextStyle fontFamily="Times New Roman" fontSize="8.5" bold="true"/>
                </Word>
                <Word id="w_w1aab1b3b2c15b3ad129" language="English" custom="readingOrder {index:10;}">
                    <Coords points="1470,2479 1517,2479 1517,2517 1470,2517"/>
                    <TextEquiv>
                        <Unicode>M.</Unicode>
                    </TextEquiv>
                    <TextStyle fontFamily="Times New Roman" fontSize="8.5" bold="true"/>
                </Word>
                <Word id="w_w1aab1b3b2c15b3ad135" language="English" custom="readingOrder {index:11;}">
                    <Coords points="1533,2479 1696,2479 1696,2521 1533,2521"/>
                    <TextEquiv>
                        <Unicode>Chasles,</Unicode>
                    </TextEquiv>
                    <TextStyle fontFamily="Times New Roman" fontSize="8.5" bold="true"/>
                </Word>
                <TextEquiv>
                    <Unicode>sabilité de l’Académie, qui, par déférence pour le caractère de M. Chasles,</Unicode>
                </TextEquiv>
                <TextStyle fontFamily="Times New Roman" fontSize="8.5" bold="true"/>
            </TextLine>
            <TextLine id="tl_50" primaryLanguage="English" custom="readingOrder {index:2;}">
                <Coords points="243,2528 1699,2528 1699,2581 243,2581"/>
                <Baseline points="243,2568 1699,2568"/>
                <Word id="w_w1aab1b3b2c15b5ab1" language="English" custom="readingOrder {index:0;}">
                    <Coords points="243,2542 263,2542 263,2568 243,2568"/>
                    <TextEquiv>
                        <Unicode>a</Unicode>
                    </TextEquiv>
                    <TextStyle fontFamily="Times New Roman" fontSize="8.5" bold="true"/>
                </Word>
                <Word id="w_w1aab1b3b2c15b5ab5" language="English" custom="readingOrder {index:1;}">
                    <Coords points="284,2529 390,2529 390,2569 284,2569"/>
                    <TextEquiv>
                        <Unicode>laissé</Unicode>
                    </TextEquiv>
                    <TextStyle fontFamily="Times New Roman" fontSize="8.5" bold="true"/>
                </Word>
                <Word id="w_w1aab1b3b2c15b5ac19" language="English" custom="readingOrder {index:2;}">
                    <Coords points="411,2542 450,2542 450,2569 411,2569"/>
                    <TextEquiv>
                        <Unicode>se</Unicode>
                    </TextEquiv>
                    <TextStyle fontFamily="Times New Roman" fontSize="8.5" bold="true"/>
                </Word>
                <Word id="w_w1aab1b3b2c15b5ac25" language="English" custom="readingOrder {index:3;}">
                    <Coords points="475,2530 667,2530 667,2581 475,2581"/>
                    <TextEquiv>
                        <Unicode>prolonger</Unicode>
                    </TextEquiv>
                    <TextStyle fontFamily="Times New Roman" fontSize="8.5" bold="true"/>
                </Word>
                <Word id="w_w1aab1b3b2c15b5ac45" language="English" custom="readingOrder {index:4;}">
                    <Coords points="696,2530 831,2530 831,2569 696,2569"/>
                    <TextEquiv>
                        <Unicode>devant</Unicode>
                    </TextEquiv>
                    <TextStyle fontFamily="Times New Roman" fontSize="8.5" bold="true"/>
                </Word>
                <Word id="w_w1aab1b3b2c15b5ac59" language="English" custom="readingOrder {index:5;}">
                    <Coords points="859,2531 927,2531 927,2569 859,2569"/>
                    <TextEquiv>
                        <Unicode>elle</Unicode>
                    </TextEquiv>
                    <TextStyle fontFamily="Times New Roman" fontSize="8.5" bold="true"/>
                </Word>
                <Word id="w_w1aab1b3b2c15b5ac69" language="English" custom="readingOrder {index:6;}">
                    <Coords points="959,2529 1116,2529 1116,2581 959,2581"/>
                    <TextEquiv>
                        <Unicode>pendant</Unicode>
                    </TextEquiv>
                    <TextStyle fontFamily="Times New Roman" fontSize="8.5" bold="true"/>
                </Word>
                <Word id="w_w1aab1b3b2c15b5ac85" language="English" custom="readingOrder {index:7;}">
                    <Coords points="1148,2530 1228,2530 1228,2579 1148,2579"/>
                    <TextEquiv>
                        <Unicode>plus</Unicode>
                    </TextEquiv>
                    <TextStyle fontFamily="Times New Roman" fontSize="8.5" bold="true"/>
                </Word>
                <Word id="w_w1aab1b3b2c15b5ac95" language="English" custom="readingOrder {index:8;}">
                    <Coords points="1247,2530 1290,2530 1290,2568 1247,2568"/>
                    <TextEquiv>
                        <Unicode>de</Unicode>
                    </TextEquiv>
                    <TextStyle fontFamily="Times New Roman" fontSize="8.5" bold="true"/>
                </Word>
                <Word id="w_w1aab1b3b2c15b5ad101" language="English" custom="readingOrder {index:9;}">
                    <Coords points="1319,2528 1414,2528 1414,2568 1319,2568"/>
                    <TextEquiv>
                        <Unicode>deux</Unicode>
                    </TextEquiv>
                    <TextStyle fontFamily="Times New Roman" fontSize="8.5" bold="true"/>
                </Word>
                <Word id="w_w1aab1b3b2c15b5ad111" language="English" custom="readingOrder {index:10;}">
                    <Coords points="1448,2542 1527,2542 1527,2579 1448,2579"/>
                    <TextEquiv>
                        <Unicode>ans,</Unicode>
                    </TextEquiv>
                    <TextStyle fontFamily="Times New Roman" fontSize="8.5" bold="true"/>
                </Word>
                <Word id="w_w1aab1b3b2c15b5ad121" language="English" custom="readingOrder {index:11;}">
                    <Coords points="1573,2545 1591,2545 1591,2566 1573,2566"/>
                    <TextEquiv>
                        <Unicode>«</Unicode>
                    </TextEquiv>
                    <TextStyle fontFamily="Times New Roman" fontSize="8.5" bold="true"/>
                </Word>
                <Word id="w_w1aab1b3b2c15b5ad125" language="English" custom="readingOrder {index:12;}">
                    <Coords points="1627,2541 1699,2541 1699,2569 1627,2569"/>
                    <TextEquiv>
                        <Unicode>une</Unicode>
                    </TextEquiv>
                    <TextStyle fontFamily="Times New Roman" fontSize="8.5" bold="true"/>
                </Word>
                <TextEquiv>
                    <Unicode>a laissé se prolonger devant elle pendant plus de deux ans, « une</Unicode>
                </TextEquiv>
                <TextStyle fontFamily="Times New Roman" fontSize="8.5" bold="true"/>
            </TextLine>
            <TextLine id="tl_51" primaryLanguage="English" custom="readingOrder {index:3;}">
                <Coords points="242,2580 1699,2580 1699,2632 242,2632"/>
                <Baseline points="242,2619 1699,2619"/>
                <Word id="w_w1aab1b3b2c15b7ab1" language="English" custom="readingOrder {index:0;}">
                    <Coords points="242,2581 444,2581 444,2620 242,2620"/>
                    <TextEquiv>
                        <Unicode>discussion</Unicode>
                    </TextEquiv>
                    <TextStyle fontFamily="Times New Roman" fontSize="8.5" bold="true"/>
                </Word>
                <Word id="w_w1aab1b3b2c15b7ac23" language="English" custom="readingOrder {index:1;}">
                    <Coords points="466,2580 600,2580 600,2632 466,2632"/>
                    <TextEquiv>
                        <Unicode>qu’elle</Unicode>
                    </TextEquiv>
                    <TextStyle fontFamily="Times New Roman" fontSize="8.5" bold="true"/>
                </Word>
                <Word id="w_w1aab1b3b2c15b7ac39" language="English" custom="readingOrder {index:2;}">
                    <Coords points="617,2592 663,2592 663,2620 617,2620"/>
                    <TextEquiv>
                        <Unicode>ne</Unicode>
                    </TextEquiv>
                    <TextStyle fontFamily="Times New Roman" fontSize="8.5" bold="true"/>
                </Word>
                <Word id="w_w1aab1b3b2c15b7ac45" language="English" custom="readingOrder {index:3;}">
                    <Coords points="675,2581 878,2581 878,2631 675,2631"/>
                    <TextEquiv>
                        <Unicode>supportait</Unicode>
                    </TextEquiv>
                    <TextStyle fontFamily="Times New Roman" fontSize="8.5" bold="true"/>
                </Word>
                <Word id="w_w1aab1b3b2c15b7ac67" language="English" custom="readingOrder {index:4;}">
                    <Coords points="899,2582 1048,2582 1048,2631 899,2631"/>
                    <TextEquiv>
                        <Unicode>qu’avec</Unicode>
                    </TextEquiv>
                    <TextStyle fontFamily="Times New Roman" fontSize="8.5" bold="true"/>
                </Word>
                <Word id="w_w1aab1b3b2c15b7ac83" language="English" custom="readingOrder {index:5;}">
                    <Coords points="1071,2580 1289,2580 1289,2630 1071,2630"/>
                    <TextEquiv>
                        <Unicode>impatience</Unicode>
                    </TextEquiv>
                    <TextStyle fontFamily="Times New Roman" fontSize="8.5" bold="true"/>
                </Word>
                <Word id="w_w1aab1b3b2c15b7ad105" language="English" custom="readingOrder {index:6;}">
                    <Coords points="1322,2586 1358,2586 1358,2619 1322,2619"/>
                    <TextEquiv>
                        <Unicode>et</Unicode>
                    </TextEquiv>
                    <TextStyle fontFamily="Times New Roman" fontSize="8.5" bold="true"/>
                </Word>
                <Word id="w_w1aab1b3b2c15b7ad111" language="English" custom="readingOrder {index:7;}">
                    <Coords points="1385,2580 1548,2580 1548,2619 1385,2619"/>
                    <TextEquiv>
                        <Unicode>douleur.</Unicode>
                    </TextEquiv>
                    <TextStyle fontFamily="Times New Roman" fontSize="8.5" bold="true"/>
                </Word>
                <Word id="w_w1aab1b3b2c15b7ad129" language="English" custom="readingOrder {index:8;}">
                    <Coords points="1573,2594 1590,2594 1590,2617 1573,2617"/>
                    <TextEquiv>
                        <Unicode>»</Unicode>
                    </TextEquiv>
                    <TextStyle fontFamily="Times New Roman" fontSize="8.5" bold="true"/>
                </Word>
                <Word id="w_w1aab1b3b2c15b7ad133" language="English" custom="readingOrder {index:9;}">
                    <Coords points="1620,2580 1647,2580 1647,2618 1620,2618"/>
                    <TextEquiv>
                        <Unicode>Il</Unicode>
                    </TextEquiv>
                    <TextStyle fontFamily="Times New Roman" fontSize="8.5" bold="true"/>
                </Word>
                <Word id="w_w1aab1b3b2c15b7ad139" language="English" custom="readingOrder {index:10;}">
                    <Coords points="1677,2593 1699,2593 1699,2619 1677,2619"/>
                    <TextEquiv>
                        <Unicode>a</Unicode>
                    </TextEquiv>
                    <TextStyle fontFamily="Times New Roman" fontSize="8.5" bold="true"/>
                </Word>
                <TextEquiv>
                    <Unicode>discussion qu’elle ne supportait qu’avec impatience et douleur. » Il a</Unicode>
                </TextEquiv>
                <TextStyle fontFamily="Times New Roman" fontSize="8.5" bold="true"/>
            </TextLine>
            <TextLine id="tl_52" primaryLanguage="English" custom="readingOrder {index:4;}">
                <Coords points="243,2631 1698,2631 1698,2682 243,2682"/>
                <Baseline points="243,2670 1698,2670"/>
                <Word id="w_w1aab1b3b2c15b9ab1" language="English" custom="readingOrder {index:0;}">
                    <Coords points="243,2633 380,2633 380,2681 243,2681"/>
                    <TextEquiv>
                        <Unicode>réparé,</Unicode>
                    </TextEquiv>
                    <TextStyle fontFamily="Times New Roman" fontSize="8.5" bold="true"/>
                </Word>
                <Word id="w_w1aab1b3b2c15b9ac17" language="English" custom="readingOrder {index:1;}">
                    <Coords points="403,2644 447,2644 447,2670 403,2670"/>
                    <TextEquiv>
                        <Unicode>au</Unicode>
                    </TextEquiv>
                    <TextStyle fontFamily="Times New Roman" fontSize="8.5" bold="true"/>
                </Word>
                <Word id="w_w1aab1b3b2c15b9ac23" language="English" custom="readingOrder {index:2;}">
                    <Coords points="466,2644 549,2644 549,2671 466,2671"/>
                    <TextEquiv>
                        <Unicode>nom</Unicode>
                    </TextEquiv>
                    <TextStyle fontFamily="Times New Roman" fontSize="8.5" bold="true"/>
                </Word>
                <Word id="w_w1aab1b3b2c15b9ac31" language="English" custom="readingOrder {index:3;}">
                    <Coords points="565,2632 609,2632 609,2670 565,2670"/>
                    <TextEquiv>
                        <Unicode>de</Unicode>
                    </TextEquiv>
                    <TextStyle fontFamily="Times New Roman" fontSize="8.5" bold="true"/>
                </Word>
                <Word id="w_w1aab1b3b2c15b9ac37" language="English" custom="readingOrder {index:4;}">
                    <Coords points="623,2643 665,2643 665,2671 623,2671"/>
                    <TextEquiv>
                        <Unicode>ce</Unicode>
                    </TextEquiv>
                    <TextStyle fontFamily="Times New Roman" fontSize="8.5" bold="true"/>
                </Word>
                <Word id="w_w1aab1b3b2c15b9ac43" language="English" custom="readingOrder {index:5;}">
                    <Coords points="677,2643 783,2643 783,2682 677,2682"/>
                    <TextEquiv>
                        <Unicode>corps</Unicode>
                    </TextEquiv>
                    <TextStyle fontFamily="Times New Roman" fontSize="8.5" bold="true"/>
                </Word>
                <Word id="w_w1aab1b3b2c15b9ac55" language="English" custom="readingOrder {index:6;}">
                    <Coords points="804,2637 945,2637 945,2675 804,2675"/>
                    <TextEquiv>
                        <Unicode>savant,</Unicode>
                    </TextEquiv>
                    <TextStyle fontFamily="Times New Roman" fontSize="8.5" bold="true"/>
                </Word>
                <Word id="w_w1aab1b3b2c15b9ac71" language="English" custom="readingOrder {index:7;}">
                    <Coords points="966,2631 1143,2631 1143,2681 966,2681"/>
                    <TextEquiv>
                        <Unicode>l’outrage</Unicode>
                    </TextEquiv>
                    <TextStyle fontFamily="Times New Roman" fontSize="8.5" bold="true"/>
                </Word>
                <Word id="w_w1aab1b3b2c15b9ac91" language="English" custom="readingOrder {index:8;}">
                    <Coords points="1157,2631 1221,2631 1221,2670 1157,2670"/>
                    <TextEquiv>
                        <Unicode>fait</Unicode>
                    </TextEquiv>
                    <TextStyle fontFamily="Times New Roman" fontSize="8.5" bold="true"/>
                </Word>
                <Word id="w_w1aab1b3b2c15b9ad101" language="English" custom="readingOrder {index:9;}">
                    <Coords points="1238,2633 1259,2633 1259,2669 1238,2669"/>
                    <TextEquiv>
                        <Unicode>à</Unicode>
                    </TextEquiv>
                    <TextStyle fontFamily="Times New Roman" fontSize="8.5" bold="true"/>
                </Word>
                <Word id="w_w1aab1b3b2c15b9ad105" language="English" custom="readingOrder {index:10;}">
                    <Coords points="1273,2631 1364,2631 1364,2670 1273,2670"/>
                    <TextEquiv>
                        <Unicode>deux</Unicode>
                    </TextEquiv>
                    <TextStyle fontFamily="Times New Roman" fontSize="8.5" bold="true"/>
                </Word>
                <Word id="w_w1aab1b3b2c15b9ad115" language="English" custom="readingOrder {index:11;}">
                    <Coords points="1383,2632 1518,2632 1518,2681 1383,2681"/>
                    <TextEquiv>
                        <Unicode>grands</Unicode>
                    </TextEquiv>
                    <TextStyle fontFamily="Times New Roman" fontSize="8.5" bold="true"/>
                </Word>
                <Word id="w_w1aab1b3b2c15b9ad129" language="English" custom="readingOrder {index:12;}">
                    <Coords points="1536,2631 1698,2631 1698,2670 1536,2670"/>
                    <TextEquiv>
                        <Unicode>hommes</Unicode>
                    </TextEquiv>
                    <TextStyle fontFamily="Times New Roman" fontSize="8.5" bold="true"/>
                </Word>
                <TextEquiv>
                    <Unicode>réparé, au nom de ce corps savant, l’outrage fait à deux grands hommes</Unicode>
                </TextEquiv>
                <TextStyle fontFamily="Times New Roman" fontSize="8.5" bold="true"/>
            </TextLine>
            <TextEquiv>
                <Unicode>M. Dumas, dans un discours énergique, a voulu dégager la respon¬
sabilité de l’Académie, qui, par déférence pour le caractère de M. Chasles,
a laissé se prolonger devant elle pendant plus de deux ans, « une
discussion qu’elle ne supportait qu’avec impatience et douleur. » Il a
réparé, au nom de ce corps savant, l’outrage fait à deux grands hommes</Unicode>
            </TextEquiv>
        </TextRegion>
    </Page>
</PcGts>
