1850 2972
912 130 954 167 -
984 130 1032 167 14
1062 151 1104 158 -

277 225 365 259 3932
387 224 541 266 Arnal,
565 233 618 259 un
638 224 708 259 des
724 223 812 267 plus
837 222 1047 268 spirituels
1061 222 1287 258 comédiens
1309 222 1359 256 du
1380 221 1632 258 Vaudeville.—
1702 222 1745 257 L.

387 278 421 303 a.
449 279 480 303 s.
513 278 562 303 au
594 267 801 303 directeur
825 266 878 302 du
915 267 1041 312 grand
1073 266 1231 303 théâtre
1279 266 1326 302 de
1358 266 1584 309 Marseille;
1619 265 1743 311 Lyon,

390 314 425 347 11
449 314 550 358 sept.
574 314 670 355 1838,
697 314 709 348 1
735 322 771 363 p.
794 311 847 357 pl.
866 311 959 347 in-4.
1660 314 1681 346 3
1704 313 1748 346 50

436 358 456 388 Il
474 366 544 395 pose
571 366 619 389 scs
636 357 799 388 conditions
818 365 892 395 pour
919 358 969 387 des
999 357 1245 395 représentations
1271 355 1343 394 qu'il
1368 358 1413 386 est
1437 356 1541 395 appelé
1565 356 1581 386 k
1601 355 1712 386 donner
1731 356 1748 386 à

400 396 561 431 Marseille.

280 436 368 470 8933
391 436 594 471 Arnauld
614 434 825 479 (Antoine),
852 433 1258 480 procureur-général
1284 434 1330 470 de
1357 433 1570 470 Catherine
1597 432 1644 467 de
1666 432 1746 468 Mé-

393 479 507 522 dicis,
528 470 685 516 célèbre
708 489 779 529 par
799 488 869 514 son
890 478 1098 524 plaidoyer
1116 480 1254 515 contre
1281 479 1338 515 les
1357 478 1547 515 Jésuites.
1569 496 1611 504 —
1635 477 1746 512 Belle

392 523 500 568 pièce
521 524 612 575 sig.;
634 526 763 565 Pans,
790 526 887 565 1608,
912 524 972 566 1/2
993 533 1028 568 p.
1056 522 1148 558 in-f.
1662 524 1683 557 2
1730 535 1747 555 »

438 569 516 606 Reçu
538 570 556 600 d
570 579 625 601 une
645 573 726 601 rente
745 576 803 607 que
821 568 859 598 lui
880 572 940 599 sert
960 569 986 598 le
1003 569 1058 599 duc
1076 569 1111 599 de
1134 568 1277 600 Bouillon.

281 614 369 648 3934
393 613 542 658 Bailly
562 614 722 660 (Sylv.),
743 614 981 654 astronome,
1007 612 1055 647 de
1085 612 1233 647 l’Acad.
1266 613 1329 656 fr,,
1362 612 1536 658 premier
1557 609 1680 646 maire
1701 610 1749 645 de

391 656 520 700 Paris,
542 657 722 702 décapité
744 656 919 702 pendant
939 657 977 691 la
996 658 1169 692 terreur.
1184 676 1226 682 —
1239 656 1282 692 L.
1304 668 1338 693 a.
1354 668 1384 693 s.
1401 668 1450 692 au
1471 655 1677 691 directeur
1695 655 1747 690 du

394 701 742 746 garde-meubles;
764 700 892 743 Paris,
918 703 950 736 11
969 699 1064 746 juil.
1088 702 1215 743 1790,1
1240 711 1276 745 p.
1300 703 1378 748 pet.
1400 702 1497 736 in-4.
1645 700 1685 734 14
1731 712 1748 732 »

441 746 523 777 Pièce
540 749 701 786 historique
722 747 839 777 relative
858 747 875 776 k
897 746 921 776 la
941 747 1110 777 Fédération
1130 746 1167 776 du
1189 748 1223 777 11
1239 747 1342 785 juillet.
1362 765 1398 770 —
1422 747 1440 776 Il
1463 749 1507 776 est
1529 744 1583 775 allé
1607 752 1639 775 ce
1662 746 1750 774 matin

400 793 436 815 au
459 787 696 824 garde-meubles
721 794 792 816 avec
813 786 889 815 deux
914 785 1047 823 députés,
1071 786 1118 823 qui
1141 789 1191 816 ont
1211 786 1330 825 désigné
1354 787 1397 817 les
1421 785 1515 824 objets
1536 784 1716 815 nécessaires
1734 784 1750 813 k

399 824 634 858 l'ameublement
651 826 687 857 de
703 824 729 856 la
749 824 856 863 galerie
874 825 910 855 où
923 828 1024 856 seront
1043 824 1140 862 placés
1158 824 1183 855 le
1201 826 1241 855 roi
1266 829 1293 856 et
1312 824 1502 857 l'Assemblée
1520 823 1664 854 nationale
1681 831 1751 860 pen¬

401 865 468 894 dant
487 865 513 895 la
534 866 597 896 fête.
616 866 717 896 Prière
733 865 769 894 de
787 865 898 894 donner
914 864 965 895 des
983 864 1086 894 ordres
1107 871 1179 902 pour
1199 868 1334 895 remettre
1352 875 1401 897 ces
1426 863 1555 895 meubles
1573 862 1589 893 k
1608 863 1647 893 M.
1668 862 1751 893 Gele-

400 904 471 938 rier,
492 905 600 943 chargé
615 906 650 934 de
668 908 735 935 tous
751 904 793 933 les
809 902 985 942 préparatifs
1002 903 1019 933 k
1038 903 1111 933 faire
1129 910 1165 933 au
1185 904 1449 942 Champ-de-Mars.

284 950 372 985 3935
395 949 593 983 Barante
624 949 673 984 (le
700 947 823 983 baron
856 946 929 992 de),
958 946 1168 990 historien,
1199 949 1346 984 auteur
1381 949 1448 984 des
1478 951 1562 983 Ducs
1588 948 1628 982 de
1646 949 1751 982 Bour¬

397 1003 513 1036 gogne,
544 992 590 1028 de
611 1004 633 1029 r
638 991 851 1030 Académie
872 991 1082 1039 française.
1109 1011 1151 1017 —
1184 991 1225 1028 L.
1247 1003 1281 1028 a.
1303 1003 1333 1028 s.
1355 993 1377 1028 à
1395 993 1448 1029 M.
1470 991 1630 1035 Cochin,
1654 993 1751 1032 1825,

398 1039 410 1071 1
435 1047 472 1082 p.
493 1029 609 1072 in-18.
1666 1038 1678 1070 1
1706 1038 1750 1071 25

288 1084 377 1118 3936
400 1083 572 1126 Barbés
591 1081 805 1126 (Armand),
820 1080 975 1115 célèbre
991 1079 1348 1116 révolutionnaire.
1363 1102 1404 1107 —
1418 1082 1460 1117 L.
1477 1092 1509 1117 a.
1527 1092 1557 1118 s.
1574 1079 1753 1116 àSchœl-

396 1126 515 1170 cher;
538 1126 672 1172 prison
691 1125 739 1161 de
760 1124 965 1166 Belle-Ile,
985 1127 1007 1160 5
1025 1135 1114 1161 nov.
1140 1126 1236 1168 1851,
1261 1128 1282 1161 3
1301 1136 1336 1171 p.
1359 1126 1457 1162 in-8.
1664 1127 1686 1158 7
1734 1137 1750 1155 »

287 1178 373 1212 3937
398 1177 541 1221 Barth
560 1177 608 1221 (le
640 1177 808 1211 docteur
835 1174 986 1218 Henri),
1013 1174 1049 1209 le
1077 1174 1232 1210 célèbre
1259 1185 1464 1221 voyageur
1492 1176 1589 1211 dans
1621 1173 1752 1209 l’inté¬

397 1221 508 1256 rieur
535 1221 582 1256 de
604 1220 811 1266 l’Afrique.
838 1239 881 1245 —
912 1219 953 1254 L.
992 1230 1026 1254 a.
1058 1230 1104 1262 s.,
1142 1230 1190 1254 en
1222 1219 1440 1265 allemand;
1478 1219 1630 1262 Berlin,
1654 1221 1751 1261 1861,

403 1268 412 1300 1
440 1276 475 1311 p.
495 1267 507 1300 1
520 1269 556 1308 12
576 1265 673 1301 in-4.
1666 1266 1687 1298 5
1735 1277 1751 1294 »

286 1318 372 1351 3938
397 1316 644 1363 Bartolozzi
669 1314 776 1363 (Fr.),
803 1324 855 1348 un
881 1313 948 1348 des
975 1323 1167 1357 graveurs
1194 1313 1355 1349 italiens
1380 1315 1437 1350 les
1463 1315 1550 1360 plus
1576 1312 1751 1349 estimés.

397 1380 440 1386 —
458 1360 501 1395 L.
523 1371 557 1395 a.
580 1371 609 1395 s.
632 1360 654 1395 à
673 1360 717 1395 L.
738 1358 865 1401 Bossi,
886 1358 907 1392 à
927 1357 1071 1402 Milan;
1094 1358 1299 1401 Florence,
1323 1361 1362 1394 19
1382 1361 1457 1395 oct.
1488 1362 1499 1395 1
1524 1370 1561 1405 p.
1584 1357 1637 1403 pl.
1660 1356 1752 1399 in-4,

398 1404 550 1440 cachet.
569 1406 657 1440 Belle
672 1406 775 1450 pièce.
1649 1402 1682 1436 11
1735 1414 1751 1432 »

287 1458 376 1493 3939
398 1457 555 1500 Bayen
573 1455 753 1500 (Pierre),
772 1454 914 1489 savant
931 1453 1130 1495 chimiste,
1150 1453 1248 1489 dont
1267 1453 1325 1489 les
1339 1456 1509 1489 travaux
1528 1455 1599 1489 ont
1618 1452 1751 1498 aplani

399 1500 439 1535 la
459 1500 546 1535 voie
567 1501 589 1535 à
608 1498 827 1541 Lavoisier,
853 1498 994 1533 memb.
1017 1498 1063 1532 de
1092 1497 1230 1541 l’Inst.,
1258 1497 1306 1532 né
1332 1498 1355 1532 à
1379 1499 1551 1534 Chàlons
1577 1498 1754 1543 (Marne).

399 1565 441 1570 —
456 1546 498 1580 L.
520 1556 555 1579 a.
576 1556 606 1580 s.
627 1556 675 1580 au
698 1544 767 1579 cit.
787 1542 951 1585 Guéret,
979 1542 1254 1588 pharmacien;
1281 1542 1409 1587 Paris,
1432 1547 1453 1579 5
1473 1554 1533 1579 av.
1560 1545 1656 1585 1793,
1676 1544 1697 1576 4
1717 1552 1754 1587 p.

402 1590 494 1626 in-4.
516 1592 613 1626 Rare.
1650 1588 1690 1621 12
1736 1599 1753 1618 »

444 1635 664 1666 Très-curieuse
684 1635 768 1664 lettre
785 1632 902 1663 relative
920 1632 936 1662 à
956 1632 1172 1668 l'organisation
1193 1632 1229 1662 du
1245 1632 1356 1662 service
1373 1634 1408 1664 de
1423 1634 1505 1664 santé
1520 1634 1571 1664 des
1591 1632 1705 1662 armées
1719 1632 1754 1662 de

406 1676 431 1706 la
452 1674 642 1713 République,
657 1675 727 1703 dont
741 1673 758 1703 il
775 1672 853 1702 avait
867 1671 874 1701 1
888 1671 1057 1710 inspection.
1077 1672 1095 1701 Il
1112 1671 1228 1702 stimule
1241 1672 1267 1702 le
1284 1672 1345 1702 zèle
1360 1672 1395 1703 de
1409 1676 1486 1708 tous,
1502 1675 1529 1703 et
1543 1671 1673 1703 travaille
1684 1679 1755 1701 sans

413 1715 540 1753 relâche,
555 1717 616 1744 tout
631 1713 745 1744 malade
758 1711 828 1749 qu'il
847 1713 901 1742 est.
920 1723 931 1736 «
952 1711 985 1742 Je
999 1712 1098 1747 rends,
1114 1709 1202 1747 dit-il,
1216 1713 1278 1741 tout
1293 1719 1327 1742 en
1342 1720 1415 1743 vous
1432 1713 1573 1746 écrivant,
1590 1711 1643 1741 des
1660 1710 1757 1740 urines

405 1761 523 1792 rouges,
542 1754 653 1791 noires,
666 1750 914 1789 sanguinolentes,
931 1751 982 1781 des
999 1750 1123 1786 caillots,
1141 1757 1197 1789 que
1208 1749 1326 1788 sais-je,
1346 1751 1420 1789 moi;
1443 1751 1531 1785 enfin,
1552 1751 1602 1789 j’ai
1622 1758 1677 1780 une
1693 1757 1756 1779 ma¬

408 1795 482 1824 ladie
498 1794 533 1824 de.
548 1793 642 1824 vessie
660 1800 696 1821 on
717 1792 769 1822 d-s
790 1790 880 1821 reins.
904 1789 993 1828 Jugez
1012 1790 1048 1820 de
1069 1798 1116 1820 ma
1142 1790 1333 1829 perspective,
1357 1791 1392 1821 de
1414 1800 1460 1822 ma
1483 1792 1618 1830 position,
1642 1792 1670 1819 et
1692 1790 1757 1828 puis

408 1834 636 1872 plaignez-vous.
657 1845 668 1858 »

290 1881 377 1917 3940
401 1877 649 1921 Beaumont
668 1876 855 1921 (Gustave
876 1874 949 1918 de),
976 1872 1131 1908 célèbre
1153 1872 1307 1909 homme
1327 1876 1524 1922 politique
1550 1875 1591 1910 et
1611 1873 1752 1908 écono¬

402 1922 533 1965 miste,
549 1922 597 1957 de
615 1920 825 1963 l’Institut,
848 1919 896 1955 né
915 1911 1012 1954 dans
1032 1917 1072 1953 la
1090 1917 1248 1955 Sarthe.
1263 1939 1305 1945 —
1325 1924 1367 1956 L.
1390 1932 1424 1956 a.
1444 1932 1490 1964 s.;
1511 1920 1567 1955 La
1580 1920 1755 1964 Grange,

407 1970 504 2009 1842,
524 1970 545 2002 2
565 1977 601 2012 p.
623 1966 716 2001 in-8.
1669 1965 1690 1998 2
1713 1966 1757 1998 50

452 2014 551 2049 Kpitrc
574 2012 767 2043 intéressante
793 2012 871 2041 toute
892 2008 1011 2041 relative
1033 2007 1048 2036 k
1073 2007 1269 2040 l'économiste
1294 2010 1365 2049 Eng.
1390 2011 1487 2046 Buret,
1508 2012 1584 2041 mort
1610 2008 1758 2047 prématu¬

413 2052 536 2082 rément.

292 2100 374 2134 3941
402 2097 625 2132 Beauvais
656 2096 712 2130 de
741 2094 885 2137 Préau
913 2089 1125 2137 (Ch.-Nic.),
1161 2091 1356 2137 médecin,
1394 2095 1549 2130 célèbre
1588 2105 1758 2130 conven¬

404 2141 573 2183 tionnel,
594 2140 661 2186 qui
692 2140 855 2174 mourut
874 2138 941 2173 des
968 2135 1094 2172 suites
1125 2134 1192 2171 des
1212 2140 1390 2175 mauvais
1408 2140 1664 2175 traitements
1690 2139 1757 2175 des

405 2186 617 2232 royalistes
631 2184 713 2220 lors
734 2183 780 2218 de
801 2184 840 2218 la
858 2182 1049 2218 livraison
1071 2179 1117 2214 de
1138 2180 1290 2217 Toulon
1306 2194 1384 2219 aux
1402 2184 1581 2230 Anglais,
1603 2185 1643 2219 et
1663 2184 1760 2220 dont

405 2232 462 2268 les
491 2230 656 2265 cendres
686 2230 823 2264 furent
853 2226 1039 2273 déposées
1068 2235 1116 2259 au
1143 2224 1362 2264 Panthéon.
1385 2249 1426 2255 —
1453 2230 1495 2264 L.
1516 2240 1550 2264 a.
1571 2240 1602 2265 s.
1624 2229 1647 2263 à
1665 2229 1757 2264 Val-

405 2278 517 2312 mont
536 2275 583 2311 de
603 2276 794 2318 Bomare;
815 2273 993 2315 Orléans,
1017 2275 1055 2308 18
1076 2268 1151 2304 mai
1178 2271 1272 2315 1784,
1294 2276 1315 2308 2
1335 2284 1368 2319 p.
1390 2274 1486 2309 in-4.
1504 2273 1614 2310 Belle
1632 2273 1756 2319 pièce.

406 2326 502 2358 Rare.
1674 2321 1695 2354 5
1742 2332 1758 2351 »

451 2367 614 2399 Secrétaire
635 2365 784 2405 perpétuel
807 2366 841 2396 de
861 2365 886 2395 la
909 2363 1023 2395 Société
1044 2363 1094 2393 des
1107 2360 1242 2393 Sciences
1259 2363 1276 2394 d
1289 2363 1441 2400 Orrléans,
1456 2364 1539 2395 créée
1558 2363 1661 2402 depuis
1680 2364 1760 2402 quel¬

413 2416 486 2446 ques
512 2407 631 2443 années,
654 2407 671 2436 il
697 2413 827 2436 annonce
849 2408 864 2435 a
888 2404 1024 2435 Valmont
1046 2403 1081 2433 de
1103 2404 1226 2434 Bomare
1251 2402 1354 2441 qu'elle
1375 2406 1453 2434 vient
1477 2404 1512 2434 de
1536 2404 1701 2435 l'admettre
1725 2412 1760 2434 au

416 2447 536 2477 nombre
554 2446 590 2476 de
609 2454 657 2476 ses
676 2445 803 2475 associés
825 2444 926 2474 libres.

295 2488 382 2523 3942
405 2485 648 2529 Becquerel
663 2483 879 2527 (Edmond),
896 2482 1115 2529 physicien,
1136 2492 1264 2519 connu
1287 2492 1357 2528 par
1375 2493 1436 2518 ses
1450 2485 1619 2518 travaux
1640 2493 1710 2518 sur
1723 2482 1763 2518 la

403 2531 587 2566 lumière.
602 2550 645 2556 —
664 2529 708 2565 L.
731 2539 764 2564 a.
786 2539 832 2571 s.,
855 2529 952 2571 1849,
972 2530 993 2563 2
1012 2539 1048 2574 p.
1070 2529 1168 2565 in-8.
1680 2529 1692 2562 1
1720 2530 1763 2563 50

297 2582 384 2617 3943
407 2581 659 2624 Belmontet
672 2578 755 2624 (L.),
770 2579 897 2624 poète,
913 2579 949 2614 le
970 2578 1135 2615 chantre
1159 2578 1206 2614 de
1233 2577 1433 2624 l’Empire,
1458 2580 1507 2615 né
1533 2580 1555 2615 à
1575 2579 1760 2616 Montau-

408 2625 499 2661 ban.
521 2644 564 2657 -T-
582 2625 625 2661 L.
647 2635 681 2661 a.
697 2634 744 2667 s.,
763 2626 859 2665 1862,
884 2625 895 2659 1
920 2634 956 2669 p.
979 2624 1071 2660 in-8.
1678 2626 1690 2659 1
1719 2625 1763 2658 25
