1793 3007
138 177 197 211 No
222 177 289 213 24.

1097 180 1342 215 Déoembre
1366 180 1489 216 1869.

573 337 1043 405 REVUE

773 459 847 494 DES
86 538 1542 718 AUTOGRAPHES

275 799 351 845 DES
373 789 615 845 CURIOSITÉS
637 799 685 845 DE
707 799 927 845 L’HISTOIRE
949 801 983 845 &
1003 799 1049 845 DE
1071 799 1115 845 Uk
1135 799 1371 845 BIOGRAPHIE

117 905 478 936 .-paraissant
494 906 716 939 chaque
739 907 881 939 mois,
897 907 1035 936 sous
1055 908 1128 935 la
1142 906 1435 935 direction
1458 906 1524 934 de

537 996 777 1031 GABRIEL
809 997 1117 1031 CHAR

205 1136 681 1170 ABONNEMENTS:
307 1212 360 1233 ur»
374 1212 423 1232 an
443 1206 488 1239 (12
504 1207 639 1239 Numéros;
689 1205 717 1233 o
732 1204 779 1232 t'r.

131 1252 323 1290 Étranger.
684 1256 709 1283 4

1050 1139 1369 1167 BUREAUX:

870 1205 938 1237 60,
952 1212 1024 1233 rue
1038 1206 1398 1234 Saint-André-des
1417 1206 1526 1237 Arts,

995 1257 1194 1282 Précédemment
1210 1257 1241 1281 n°
1258 1256 1301 1286 50,
1320 1257 1333 1281 i»
1351 1256 1430 1282 Paris.

489 1336 546 1369 UN
586 1336 781 1369 NUMERO
815 1346 822 1369 :
863 1336 917 1370 25
943 1337 1173 1370 CENTIMES

135 1414 243 1453 Depuis
259 1413 286 1444 le
302 1414 550 1444 commencement
561 1412 600 1443 du
616 1413 702 1449 mois,
717 1412 761 1443 les
777 1412 910 1443 bureaux
928 1416 978 1443 ont
993 1412 1038 1443 été
1052 1412 1213 1443 transférés
1226 1413 1264 1444 du
1280 1420 1311 1443 n°
1326 1414 1365 1444 SO
1377 1421 1414 1443 au
1429 1420 1461 1443 n°
1475 1412 1525 1444 60.

99 1535 311 1571 Sommaire
335 1537 343 1570 :
373 1536 403 1570 1.
424 1535 599 1570 Collection
617 1536 704 1570 Ant.
724 1536 827 1571 Nelli.
848 1538 891 1571 —
917 1537 951 1571 2.
970 1537 1098 1571 Encore
1114 1535 1170 1569 des
1188 1537 1275 1578 faux
1291 1534 1521 1578 autographes.-

187 1593 220 1627 3.
241 1593 333 1627 Faits
352 1591 475 1626 divers.
495 1605 539 1620 —
558 1592 592 1625 4.
613 1592 928 1635 Autographes
948 1594 975 1626 à
992 1592 1096 1636 prix
1111 1592 1336 1635 marqués.

532 1757 828 1797 COLLECTION
856 1758 966 1797 ANT.
991 1757 1148 1797 NELLI.

154 1869 251 1908 Tous
273 1868 324 1907 les
346 1868 501 1906 lecteurs
522 1867 566 1906 de
582 1867 616 1905 la
638 1868 755 1905 Revue
774 1872 839 1906 ont
863 1866 913 1906 dû
932 1866 1094 1906 recevoir
1124 1867 1157 1905 le
1183 1867 1374 1915 catalogue
1403 1866 1450 1905 de
1475 1872 1571 1906 celte

107 1919 201 1957 belle
221 1918 428 1959 collection,
455 1917 542 1956 dont
563 1917 598 1955 la
617 1924 724 1956 vente
745 1929 835 1956 aura
858 1918 946 1962 lieu,
967 1929 1053 1956 sous
1072 1922 1178 1956 notre
1192 1916 1385 1958 direction,
1411 1917 1462 1956 les
1475 1917 1521 1955 13
1535 1924 1571 1956 et

111 1969 154 2008 14
173 1968 377 2007 décembre.
419 1967 444 2006 Il
478 1968 591 2006 serait
630 1979 694 2018 par
729 1969 953 2018 conséquent
992 1967 1119 2007 oiseux
1159 1966 1243 2006 d’en
1282 1966 1371 2006 faire
1404 1967 1573 2006 ressortir

110 2020 271 2058 l’intérêt
305 2017 541 2057 d’ensemble.
581 2017 680 2056 Nous
708 2029 754 2056 ne
781 2017 942 2056 citerons
971 2029 1043 2068 que
1072 2017 1249 2068 quelques
1280 2029 1383 2056 noms
1404 2018 1448 2055 de
1477 2023 1573 2056 cette

110 2068 250 2121 galerie
274 2067 582 2119 aulographique,
609 2069 802 2118 composée
829 2078 918 2106 avec
938 2073 1070 2107 autant
1102 2068 1149 2106 de
1175 2068 1265 2117 goût
1296 2079 1367 2118 que
1393 2067 1573 2107 d’intelli¬

109 2131 234 2171 gence.

161 2173 218 2210 On
236 2179 430 2218 remarque
450 2167 544 2207 dans
560 2169 590 2207 le
610 2168 764 2206 nombre
789 2169 840 2206 les
858 2168 977 2207 saints
996 2167 1060 2206 Pie
1077 2167 1123 2212 Y,
1145 2166 1332 2217 Alphonse
1347 2167 1392 2206 de
1409 2167 1570 2217 Liguori,

110 2228 147 2260 et
167 2219 339 2268 François
358 2218 579 2264 Caracciolo,
612 2217 838 2268 autographe
862 2218 924 2268 qui
945 2229 1051 2269 passe
1074 2229 1162 2268 pour
1184 2217 1218 2255 la
1242 2217 1419 2268 première
1438 2217 1506 2256 fois
1526 2229 1572 2256 en

113 2278 243 2318 vente;
279 2268 427 2310 Danois,
464 2268 496 2307 le
518 2280 751 2319 compagnon
775 2268 819 2307 de
843 2268 984 2308 Jeanne
1013 2268 1107 2306 Darc
1126 2280 1134 2315 ;
1172 2267 1224 2306 les
1251 2267 1326 2306 rois
1359 2267 1405 2306 de
1438 2266 1574 2306 France

112 2321 261 2359 Charles
284 2319 333 2357 IX
366 2324 403 2358 et
423 2318 598 2367 François
628 2318 673 2364 II,
710 2330 751 2357 ce
782 2318 930 2358 dernier
951 2318 1138 2357 rarissime
1157 2330 1166 2365 ;
1196 2329 1269 2356 une
1300 2318 1407 2356 lettre
1435 2317 1575 2367 magni¬

114 2372 211 2421 fique
229 2370 275 2408 de
297 2370 424 2408 Louise
450 2368 655 2413 d’Orléans,
693 2369 794 2408 reine
821 2369 886 2408 des
910 2368 1039 2418 Belges
1054 2381 1061 2415 ;
1084 2367 1177 2406 John
1206 2367 1314 2413 Lock,
1348 2367 1501 2406 l’auteur
1530 2367 1574 2405 de

116 2421 257 2459 l’Essai
288 2433 355 2459 sur
375 2419 655 2457 l'entendement
692 2419 851 2456 humain
857 2450 865 2467 ,
895 2430 968 2458 une
1007 2419 1124 2469 épîlre
1155 2430 1201 2456 en
1234 2418 1404 2466 français,
1439 2423 1475 2455 et
1508 2417 1574 2455 des

116 2472 199 2521 plus
220 2470 430 2521 plaisantes,
456 2481 496 2507 ce
515 2470 576 2519 qui
598 2468 736 2510 étonne.de
818 2470 850 2507 la
873 2476 955 2518 part
973 2468 1022 2507 du
1044 2479 1154 2515 grave
1175 2467 1390 2518 philosophe
1408 2466 1570 2516 anglais;

119 2523 170 2561 les
209 2522 370 2560 illustres
409 2519 596 2558 médecins
637 2519 787 2558 italiens
825 2518 978 2557 Bianchi
1016 2518 1078 2569 (J),
1131 2518 1297 2561 Boldoni,
1349 2516 1570 2558 BoHaccioli,

118 2571 343 2614 Brassavola,
386 2570 630 2613 Fracanzano,
659 2569 860 2612 Sanlorini,
893 2568 1034 2608 Settala
1066 2568 1149 2618 (L.),
1184 2574 1220 2606 et
1260 2566 1480 2605 Trincavelli
1501 2579 1509 2614 ;
1544 2566 1575 2605 le

119 2621 235 2671 grand
256 2620 466 2660 bénédictin
491 2619 668 2659 Mabillon
688 2631 696 2667 ;
729 2619 776 2657 de
799 2618 913 2657 belles
948 2618 1075 2657 lettres
1114 2619 1160 2656 de
1188 2617 1281 2656 J.-J.
1321 2617 1504 2655 Rousseau
1540 2622 1576 2654 et
