1793 3007
767 164 928 226 - 3 -
123 273 378 312 commissions
394 285 480 313 sans
498 274 613 313 limite
627 288 635 322 ;
659 274 800 320 l’autre,
822 274 883 325 qui
904 274 1068 313 assistait
1089 273 1275 312 lui-même
1295 285 1364 312 aux
1384 274 1573 323 enchères,

123 328 177 360 est
194 334 242 360 un
262 329 347 373 type
365 324 514 362 curieux
533 325 594 374 qui
619 325 747 363 mérite
767 336 816 363 un
834 335 928 374 coup
949 323 994 362 de
1016 335 1165 374 crayon.
1189 322 1286 362 C’est
1318 335 1364 362 un
1385 324 1576 363 très-riche

125 372 320 411 marchand
342 373 386 412 de
396 374 484 423 drap
500 373 544 412 de
565 374 598 412 la
616 375 701 417 cité,
729 375 872 412 nommé
890 373 1112 424 Addington.
1136 374 1212 423 Agé
1224 373 1415 413 d’environ
1431 374 1478 412 65
1492 386 1574 422 ans,

124 421 239 469 grand
260 428 296 462 et
314 423 396 462 bien
417 424 687 474 proportionné,
707 424 730 462 il
751 430 853 484 porte
871 429 970 462 toute
1000 424 1033 462 la
1063 423 1185 462 barbe.
1220 424 1294 462 Son
1321 424 1504 463 vêlement
1523 430 1578 463 est

124 471 234 510 d’une
252 473 450 520 simplicité
469 485 622 524 presque
641 462 797 512 sordide.
819 474 892 512 Son
911 484 974 511 nez
988 479 1043 512 est
1058 474 1246 512 surmonté
1265 472 1310 511 de
1328 473 1498 519 lunettes,
1516 486 1579 512 sur

128 520 318 570 lesquelles
339 523 362 561 il
383 523 536 573 regarde
563 523 685 574 quand
715 524 739 562 il
770 528 871 573 porte
899 523 951 561 les
966 534 1061 573 yeux
1079 528 1215 562 devant
1235 523 1298 569 lui,
1320 528 1356 561 et
1385 535 1452 562 son
1482 523 1577 573 chef,

127 569 258 610 affublé
277 572 366 610 d’un
385 573 543 624 chapeau
557 574 695 623 souple,
723 575 818 621 noir,
839 575 861 611 à.
893 572 1012 623 larges
1044 572 1165 617 bords,
1194 584 1335 611 comme
1358 584 1404 612 en
1435 579 1581 623 portent

129 620 181 659 les
208 622 452 672 Auvergnats,
467 623 552 661 dont
572 623 595 661 il
615 634 637 661 a
654 623 839 661 d’ailleurs
858 627 958 660 toute
978 623 1012 660 la
1032 622 1297 672 physionomie,
1322 634 1382 661 car
1397 635 1444 661 on
1461 635 1507 662 ne
1521 635 1583 662 re¬

129 671 276 710 connaît
296 671 373 710 rien
395 684 441 711 en
462 673 511 710 lui
532 673 579 710 du
601 678 686 723 type
706 672 862 721 anglais.
885 671 911 709 Il
933 672 998 710 fait
1025 671 1072 710 du
1095 677 1192 711 reste
1216 671 1325 710 l’effet
1352 672 1438 711 d’un
1461 673 1584 712 excel¬

130 720 206 758 lent
221 721 378 768 homme,
398 722 608 771 très-jovial.
637 723 727 761 Rien
749 723 794 760 de
811 721 892 772 plus
914 721 1131 771 réjouissant
1149 732 1219 772 que
1232 721 1265 760 le
1279 721 1352 760 rire
1371 722 1582 773 homérique

130 770 219 808 dont
244 771 268 808 il
290 772 440 810 éclatait
464 772 602 822 chaque
624 772 692 810 fois
719 771 811 822 qu’il
831 771 992 810 enlevait
1021 774 1042 810 à
1063 783 1128 810 son
1156 771 1377 820 adversaire,
1408 774 1429 811 à
1465 773 1584 821 grand

131 831 224 871 coup
244 820 289 859 de
318 823 482 871 guinées,
505 834 576 860 une
602 822 701 871 pièce
725 833 788 860 sur
811 821 967 871 laquelle
995 821 1019 859 il
1042 821 1139 860 avait
1167 821 1242 872 jeté
1274 833 1337 860 son
1373 821 1518 861 dévolu.
1555 822 1584 861 Il

131 871 433 921 communiquait,
456 871 750 915 naturellement,
773 882 839 910 son
856 870 929 909 rire
947 873 967 910 h
981 876 1061 910 tout
1078 871 1110 910 le
1132 871 1279 916 monde,
1299 877 1335 910 et
1352 871 1376 910 il
1395 871 1486 911 était
1505 872 1589 911 heu¬

136 931 222 958 reux
244 920 361 960 d’être
382 921 416 960 le
436 922 540 960 héros
553 923 599 960 de
621 921 655 959 la
676 921 779 960 salle.

185 987 232 1024 M.
254 986 463 1037 Addington
481 994 535 1027 est
553 1000 602 1026 un
616 988 763 1027 curieux
780 987 958 1026 universel
980 999 987 1025 :
1007 998 1055 1026 on
1075 987 1124 1026 lui
1146 998 1166 1025 a
1185 999 1246 1032 vu,
1265 987 1586 1033 successivement,

136 1036 268 1075 former
290 1037 354 1076 des
372 1038 584 1077 collections
611 1037 655 1076 de
677 1037 860 1083 tableaux,
881 1036 1113 1087 d’estampes,
1135 1037 1181 1076 de
1200 1037 1401 1082 médailles,
1420 1037 1465 1076 de
1486 1045 1591 1087 pote¬

136 1086 219 1129 ries,
245 1092 314 1125 etc.
338 1086 471 1134 Quand
490 1088 512 1126 il
529 1094 584 1126 est
606 1087 743 1137 fatigué
757 1087 845 1126 d’un
863 1098 975 1137 genre
992 1086 1037 1125 de
1056 1087 1263 1131 curiosités,
1285 1087 1309 1125 il
1335 1087 1387 1125 les
1406 1087 1538 1126 revend
1556 1095 1592 1127 et

139 1148 241 1184 passe
259 1138 280 1174 à
301 1137 463 1176 d’autres
481 1148 637 1176 amours.
663 1138 711 1176 Sa
726 1137 919 1175 collection
936 1135 1214 1186 d’autographes
1233 1141 1288 1175 est
1310 1142 1409 1175 toute
1428 1139 1588 1176 récente.

140 1186 166 1224 Il
191 1185 238 1224 l’a
251 1189 496 1234 commencée,
513 1199 596 1226 sous
616 1198 682 1225 nos
698 1199 808 1237 yeux,
829 1187 864 1225 le
879 1186 926 1225 26
947 1186 1037 1224 avril
1056 1184 1215 1230 dernier,
1232 1187 1254 1224 à
1274 1186 1308 1224 la
1330 1193 1436 1225 vente
1450 1186 1588 1237 Young.

136 1235 200 1274 Ses
228 1235 358 1275 débuts
379 1242 615 1287 promettent.
639 1236 670 1275 Il
689 1236 857 1275 n’achète
888 1248 959 1286 que
987 1235 1052 1274 des
1082 1236 1204 1285 pièces
1239 1247 1352 1279 rares,
1377 1243 1413 1275 et
1444 1243 1590 1276 surtout

139 1285 248 1325 celles
266 1287 327 1336 qui
345 1293 409 1325 ont
427 1286 472 1325 de
489 1286 647 1325 l’intérêt
669 1299 676 1324 :
698 1286 820 1336 quand
837 1285 925 1324 elles
948 1286 997 1323 lui
1018 1286 1278 1332 conviennent,
1301 1286 1332 1324 le
1352 1286 1430 1335 prix
1453 1287 1512 1337 n’y
1530 1287 1595 1325 fait

141 1347 232 1375 rien.
253 1335 281 1374 11
307 1335 407 1376 lâche
425 1342 620 1381 rarement,
643 1336 763 1387 quelle
787 1347 857 1387 que
887 1337 958 1375 soit
991 1335 1173 1375 l’altitude
1193 1336 1257 1375 des
1285 1335 1472 1377 enchères.
1496 1336 1595 1376 Nous

141 1385 191 1424 lui
215 1397 327 1425 avons
347 1394 520 1437 pourtant
541 1387 767 1437 quelquefois
789 1387 949 1425 entendu
971 1397 1175 1434 prononcer
1194 1386 1226 1424 le
1243 1398 1293 1423 no
1311 1398 1411 1424 more
1447 1387 1589 1437 (assez),

141 1447 184 1474 en
208 1436 306 1475 riant
330 1448 399 1475 aux
417 1437 530 1476 éclats
548 1437 699 1481 d’avoir,
721 1448 861 1475 comme
879 1448 924 1474 on
942 1435 995 1474 dit
1014 1436 1106 1474 dans
1125 1447 1184 1474 ces
1200 1442 1316 1475 sortes
1340 1436 1385 1475 de
1415 1438 1592 1485 tournois,

142 1486 207 1525 fait
227 1487 358 1524 avaler
375 1499 427 1524 un
455 1487 624 1525 bouillon
645 1489 667 1524 à
687 1498 753 1525 son
771 1485 991 1534 adversaire,
1016 1487 1078 1536 qui
1100 1486 1132 1524 le
1154 1486 1204 1524 lui
1227 1484 1372 1525 rendait
1395 1486 1489 1525 bien.

194 1552 295 1591 Voici
327 1553 599 1603 quelques-uns
617 1552 680 1590 des
696 1552 778 1601 prix
801 1552 851 1590 les
868 1552 950 1612 plus
972 1552 1090 1590 élevés
1118 1563 1190 1600 que
1211 1563 1249 1590 se
1267 1558 1348 1590 sont
1368 1551 1507 1590 vendus
1542 1553 1595 1592 les

138 1604 382 1653 aulographesdelacollectionYoung:
840 1600 1098 1651 Abercromby,75fr
1217 1614 1224 1647 ;
1237 1601 1363 1644 Albret(Jeanned’),

139 1652 211 1690 125
229 1652 270 1690 fr.
283 1665 290 1699 ;
313 1654 418 1691 Anne
433 1651 655 1695 d’Autriche,
680 1651 782 1690 reine
802 1651 845 1690 de
862 1651 1013 1694 France,
1036 1651 1082 1690 83
1105 1651 1146 1689 fr.
1170 1651 1236 1697 50;
1259 1651 1528 1700 Bassompierre
1548 1648 1596 1701 (le

140 1702 318 1740 maréchal
336 1702 405 1752 de),
425 1702 467 1740 81
485 1702 528 1740 fr.
548 1702 613 1747 25;
635 1702 767 1740 Baxter
783 1700 980 1752 (Richard),
1010 1701 1081 1739 272
1102 1700 1145 1738 fr.
1167 1700 1234 1747 50;
1269 1701 1416 1750 llentley
1443 1701 1591 1751 (Rich.),

140 1752 212 1791 105
232 1751 292 1799 fr.;
313 1752 399 1790 Bèze
418 1752 568 1801 (Théod.
594 1751 666 1801 de),
686 1751 757 1789 187
781 1751 823 1789 fr.
849 1750 918 1797 50;
944 1750 1055 1788 Blake
1071 1749 1266 1800 (Robert.),
1291 1750 1433 1793 amiral,
1457 1750 1528 1789 137
1548 1751 1590 1790 fr.

140 1801 209 1849 50;
244 1801 500 1848 Bolingbroke,
532 1801 605 1839 105
643 1801 672 1839 fr
694 1814 701 1848 ;
726 1801 878 1839 Boswell
900 1800 1064 1850 (James),
1098 1799 1169 1838 100
1201 1800 1261 1846 fr.;
1310 1800 1462 1838 Browne
1481 1800 1592 1850 (Th.),

139 1851 208 1889 131
245 1851 288 1890 fr.
331 1852 401 1900 25;
442 1850 652 1889 Buonarotti
694 1850 995 1900 (Michel-Ange).
1031 1850 1053 1888 5
1087 1849 1203 1899 lignes
1240 1854 1380 1897 autog,,
1417 1849 1489 1888 375
1522 1850 1564 1888 fr.
1584 1864 1591 1897 ;

140 1898 260 1953 BurnsfRob.),
435 1900 507 1939 134
525 1901 568 1939 fr.
592 1900 664 1947 35;
688 1900 885 1938 Catherine
906 1899 950 1937 de
972 1899 1136 1947 Médicis,
1158 1899 1231 1938 105
1260 1899 1300 1937 fr.
1311 1912 1319 1945 ;
1353 1899 1503 1939 Charles
1531 1899 1545 1937 I
1550 1907 1578 1924 er
1585 1931 1592 1945 ,

141 1951 202 1989 let.
225 1950 269 1989 de2
320 1964 340 1999 p
374 1951 475 1993 in-f.,
495 1950 843 1991 très-intéressante,
858 1949 971 1990 2,000
985 1948 1045 1993 fr.,
1063 1949 1211 1998 acquise
1224 1960 1288 1998 par
1304 1948 1348 1987 M.
1371 1948 1591 1999 Addington;

140 2000 494 2043 Charles-Edouard,
518 2000 551 2038 le
571 1999 801 2050 prétendant,
826 1999 898 2038 315
915 1999 975 2043 fr.;
1000 1998 1096 2036 Coke
1114 1998 1327 2048 (Edouard),
1352 1998 1423 2036 107
1441 1999 1483 2037 fr.
1518 1999 1565 2038 50
1583 2012 1591 2045 ;

143 2051 290 2099 Cowlev
309 2049 422 2102 (Ah.),
448 2052 564 2099 poète,
585 2050 657 2088 150
677 2049 717 2087 fr.
740 2062 748 2096 ;
772 2050 923 2098 Cowper
940 2047 1049 2099 (W.),
1072 2050 1189 2098 poète,
1214 2047 1286 2085 153
1309 2047 1351 2085 fr.
1372 2047 1419 2086 10
1435 2060 1442 2095 ;
1463 2048 1593 2087 Crom¬

142 2100 223 2138 well
236 2100 378 2150 (Oliv.),
402 2100 507 2138 lettre
526 2100 765 2138 intéressante
782 2100 803 2136 à
821 2110 886 2136 son
904 2098 972 2142 (ils,
1001 2097 1110 2140 1,000
1130 2098 1190 2140 fr.,
1212 2097 1360 2147 acquise
1374 2109 1439 2147 par
1458 2098 1504 2137 M.
1523 2098 1593 2136 Ad¬

141 2148 296 2198 dington
314 2163 321 2196 ;
342 2149 459 2199 Derby
472 2149 621 2199 (James,
637 2149 710 2187 earl
725 2147 786 2197 of),
804 2148 873 2196 125fr.;
964 2147 1084 2197 Derby
1102 2146 1313 2195 (Charlotte,
1330 2153 1505 2186 comtesse
1518 2146 1591 2197 de),

143 2199 215 2237 198
231 2199 272 2237 fr.
296 2200 342 2238 75
359 2212 367 2247 ;
388 2199 587 2239 Descartes,
611 2198 683 2237 198
704 2199 746 2237 fr.
769 2198 815 2236 75
832 2211 840 2243 ;
864 2197 1009 2247 Dryden
1029 2195 1164 2247 (John),
1187 2197 1259 2235 550
1282 2197 1341 2242 fr.,
1371 2197 1499 2246 acquis
1531 2208 1596 2247 par

143 2248 192 2287 M.
215 2248 425 2296 Hallowav;
448 2248 635 2287 Elisabeth
653 2248 702 2298 (la
720 2248 848 2295 reine),
873 2239 982 2290 1,625
997 2247 1027 2285 fr
1048 2277 1056 2292 ,
1079 2247 1206 2296 acquis
1226 2257 1288 2295 par
1304 2247 1349 2285 M.
1370 2246 1592 2294 Addington;

144 2298 287 2337 Fairfax
301 2297 415 2350 (Th.*),
437 2298 507 2336 237
521 2298 551 2336 fr
588 2298 656 2344 50;
680 2296 858 2335 Falkland
876 2297 1022 2347 (Lucius
1046 2297 1166 2347 Cary),
1189 2296 1259 2334 187
1295 2297 1336 2334 fr.
1380 2296 1448 2342 50;
1484 2297 1595 2335 Foote

144 2348 283 2397 (Sam.),
305 2348 377 2387 140
398 2349 440 2387 fr.
466 2347 537 2395 60;
561 2346 728 2395 Garrick,
760 2346 829 2384 131
864 2346 905 2384 fr.
928 2347 997 2393 25;
1019 2345 1164 2384 Gibbon
1194 2345 1307 2396 (Ed.),
1332 2346 1404 2384 140
1438 2346 1480 2384 fr.
1521 2346 1592 2391 60;

143 2397 348 2436 Goldsmith
369 2397 549 2448 (Olivier),
571 2397 642 2436 562
665 2397 702 2434 fr.
726 2396 787 2444 50,
809 2397 936 2446 acquis
960 2407 1024 2445 par
1045 2395 1077 2434 M
1117 2395 1325 2443 Addington
1344 2411 1352 2440 ;
1370 2395 1468 2445 Gray
1485 2395 1593 2448 (Th.),

144 2447 216 2486 137
237 2448 280 2486 fr.
302 2448 349 2486 50
366 2463 372 2483 :
410 2447 594 2486 Guerchin
612 2445 689 2496 fie),
706 2446 778 2485 153
800 2446 841 2484 fr.
878 2445 925 2484 10
942 2458 950 2492 ;
976 2445 1163 2483 Hamilton
1185 2445 1280 2494 (ladv
1314 2445 1464 2494 Emma),
1504 2456 1598 2483 maî¬

148 2504 263 2535 tresse
280 2496 325 2535 de
345 2497 494 2541 Nelson,
515 2496 587 2535 325
614 2495 675 2543 fr.;
696 2495 807 2534 Henri
832 2495 894 2539 IV,
928 2496 980 2533 roi
1009 2495 1054 2533 de
1088 2494 1238 2542 France,
1259 2494 1347 2532 “115
1383 2495 1442 2540 fr.;
1481 2494 1599 2532 Hume

149 2545 308 2596 (David),
327 2546 395 2584 131
414 2547 455 2584 fr.
475 2546 522 2585 25
539 2559 547 2593 ;
570 2544 726 2596 Jeffreys
739 2545 918 2595 (George),
937 2544 1010 2583 140
1029 2544 1071 2582 fr.
1088 2543 1134 2582 60
1151 2557 1159 2590 ;
1178 2544 1258 2582 Ken
1277 2544 1339 2593 (Th
1361 2545 1385 2592 ),
1403 2543 1476 2581 134
1490 2544 1513 2581 f.
1534 2544 1596 2591 35;

149 2596 305 2635 Kneller
323 2596 521 2646 (Godfrey),
543 2595 616 2633 225
636 2595 697 2641 fr.;
715 2594 813 2633 Laud
828 2593 923 2645 (W.)
944 2594 1016 2632 210
1034 2595 1093 2638 fr.,
1113 2594 1240 2643 acquis
1259 2605 1324 2644 par
1340 2593 1388 2632 M.
1410 2593 1599 2643 Halloway
