1802 3007
779 179 822 216 -
851 179 897 217 15
927 200 970 208 -

140 276 227 310 4403
250 276 418 319 Goethe
437 275 657 320 (J.-Wolf.),
678 277 714 311 le
748 276 836 322 plus
868 277 994 321 grand
1019 276 1136 322 génie
1162 276 1363 311 littéraire
1389 277 1436 311 de
1464 276 1599 311 l’Alle¬

253 329 408 364 magne.
428 340 470 344 —
488 321 509 354 4
529 319 658 364 lignes
679 323 814 366 autog.
836 321 910 366 sig.
938 332 987 356 au
1017 324 1086 356 dos
1112 321 1227 356 d’une
1256 321 1376 357 lettre
1403 322 1450 356 de
1479 324 1600 364 Kirm,

256 366 351 403 1800,
376 366 386 398 1
412 374 447 409 p.
473 367 533 406 1/4
552 366 630 409 pet.
653 365 744 401 in-4.
763 367 848 399 Jolie
861 368 964 409 pièce.
1500 368 1538 400 1»
1585 379 1601 397 »

140 409 226 451 44Q4
252 409 491 453 Granvelle
528 408 576 453 (le
605 409 710 444 card.
740 411 831 445 Ant.
862 410 935 454 de),
956 410 1103 455 évêque
1136 410 1308 453 d’Arras,
1339 410 1524 445 ministre
1555 409 1601 444 de

251 452 556 492 Charles-Quint
575 455 615 488 et
634 453 681 488 de
702 454 887 506 Philippe
907 453 956 497 II,
978 465 1030 489 un
1051 454 1118 490 des
1139 455 1227 500 plus
1248 454 1395 500 grands
1423 454 1600 489 hommes

252 496 382 532 d’Etat
402 497 452 532 du
474 507 539 532 xvi
542 503 554 519 e
580 497 714 540 siècle,
741 498 789 533 né
815 510 837 533 a
863 499 1030 533 Ornans.
1056 519 1098 524 —
1124 501 1167 534 L.
1195 510 1228 534 a.
1255 510 1300 541 s.,
1328 510 1376 534 en
1406 498 1601 541 français;

252 540 421 584 Madrid,
446 544 479 576 11
498 540 609 588 janv.
635 544 730 584 1583,
750 545 772 577 2
790 553 826 586 p.
848 543 900 588 pl.
922 542 1009 578 in-f.
1030 545 1118 578 Belle
1131 545 1234 588 pièce.
1494 546 1537 578 45
1584 555 1600 574 »

143 586 227 619 4405
252 586 457 630 Grassini
476 585 727 631 (Joséphine),
748 586 904 622 célèbre
920 588 1139 622 cantatrice
1155 587 1364 623 italienne.
1385 607 1427 612 —
1441 587 1484 622 L.
1501 598 1534 622 a.
1557 596 1601 629 s.,

252 639 301 663 en
321 629 507 673 français,
530 631 552 664 à
570 631 609 665 M
613 636 650 652 me
670 630 853 674 Ducrest,
881 631 1152 675 musicienne;
1181 632 1320 674 Milan,
1351 633 1446 674 1843,
1477 633 1537 674 1/2
1565 641 1601 676 p.

252 669 344 709 in-8.
1513 678 1534 711 2
1582 688 1597 707 »

142 719 228 752 4406
253 719 437 763 Gresset
456 718 663 763 (J.-B.-L.),
685 719 838 754 célèbre
866 719 979 764 poète
1005 719 1056 754 du
1082 726 1197 754 xviii®
1222 719 1356 762 siècle,
1384 720 1530 754 auteur
1554 719 1601 754 de

258 764 444 802 Vert-Vert,
468 762 642 797 membre
663 763 710 798 de
737 763 883 799 l’Acad.
913 764 1053 807 franc.,
1081 765 1128 798 né
1154 765 1176 798 à
1205 764 1379 799 Amiens.
1412 783 1454 789 —
1485 763 1601 798 Pièce

254 808 350 850 aut.,
376 810 387 842 1
412 818 449 852 p.
470 801 567 842 in-4.
1518 810 1557 843 15
1582 821 1598 840 »

297 852 453 889 Fragment
463 853 501 883 du
514 852 646 883 scénario
665 853 699 883 de
711 853 738 882 la
754 852 881 883 comédie
897 853 934 883 du
949 853 1102 890 Méchant,
1117 861 1169 884 son
1182 853 1396 884 chef-d’œuvre
1409 853 1600 891 dramatique.

140 891 227 924 4406
251 891 453 935 Grignan
472 890 630 935 (L.-Jos.
652 891 725 935 de),
747 890 896 935 évêque
917 891 1126 930 d’Evreux,
1148 892 1237 937 puis
1257 892 1304 927 de
1319 892 1600 934 Carcassonne,

254 934 478 970 beau-frère
499 935 545 969 de
566 934 605 969 la
623 935 776 971 célèbre
797 935 842 970 M
841 942 878 958 in0
898 936 945 971 de
966 936 1160 981 Grignan,
1180 936 1317 982 appelé
1349 946 1420 980 par
1447 936 1484 970 M
1490 942 1527 957 me
1553 936 1600 970 de

252 978 422 1023 Sévigné
441 981 470 1014 le
488 981 548 1014 bon
566 981 656 1015 abbé.
682 1000 725 1006 —
755 980 797 1015 L.
825 990 855 1015 s.
882 981 916 1025 (à
948 979 1122 1026 l'évêque
1152 980 1305 1025 d’Alet),
1340 980 1599 1021 Pennautier,

251 1026 271 1057 7
285 1023 429 1067 juillet
450 1026 545 1066 1707,
565 1026 586 1058 6
605 1035 641 1069 p.
663 1024 756 1060 in-4.
777 1026 865 1059 Belle
881 1027 981 1069 pièce.
1514 1028 1534 1059 4
1557 1028 1602 1059 50

299 1069 519 1100 Très-curieuse
538 1069 620 1100 lettre
639 1078 690 1100 sur
708 1071 751 1100 les
769 1073 852 1100 taxes
875 1073 926 1100 des
946 1069 1105 1108 fabriques.
1133 1070 1154 1099 Il
1180 1078 1196 1100 a
1224 1069 1319 1100 résolu
1348 1070 1383 1100 de
1417 1069 1536 1099 résister
1565 1078 1601 1100 au

260 1107 389 1143 traitant,
409 1109 454 1138 s'il
473 1110 549 1138 tente
567 1108 601 1138 de
621 1109 700 1139 lever
717 1117 765 1140 ces
786 1114 867 1139 taxes
885 1109 957 1140 dans
976 1109 1018 1139 les
1036 1109 1169 1146 villages,
1187 1110 1225 1139 où
1243 1109 1312 1139 elles
1333 1108 1554 1139 absorberaient
1577 1110 1602 1139 le

260 1153 379 1179 revenu.
401 1148 420 1177 Il
438 1147 560 1186 regarde
579 1155 692 1178 connue
706 1157 762 1178 une
779 1149 942 1186 entreprise
958 1148 1044 1185 impie
1058 1149 1093 1178 de
1107 1149 1226 1178 toucher
1237 1155 1273 1178 au
1290 1148 1406 1186 produit
1419 1148 1470 1177 des
1485 1148 1598 1185 quêtes.

259 1186 365 1223 Depuis
382 1187 504 1224 quelque
522 1189 627 1224 temps,
643 1188 683 1217 les
699 1188 772 1218 édits
788 1187 936 1218 burscaux
954 1196 989 1217 ne
1007 1191 1125 1217 servent
1144 1188 1210 1225 qu’à
1233 1187 1359 1217 enrichir
1376 1187 1418 1216 les
1442 1188 1602 1217 maltotiers

261 1232 315 1255 aux
332 1226 441 1263 dépens
458 1227 494 1256 du
515 1225 630 1264 peuple,
652 1229 678 1257 et
698 1227 769 1257 c’est
794 1234 826 1257 ce
851 1227 898 1264 qui
923 1227 982 1257 doit
1008 1234 1135 1264 engager
1163 1227 1205 1257 les
1236 1226 1343 1264 prélats
1372 1227 1387 1255 à
1416 1226 1540 1263 prendre
1567 1227 1603 1257 de

259 1264 447 1302 vigoureuses
461 1265 660 1303 dispositions.
683 1266 701 1295 Il
720 1274 752 1296 se
770 1273 896 1304 propose
911 1265 1032 1296 d’écrire
1048 1266 1065 1296 à
1079 1267 1115 1295 M.
1134 1266 1168 1295 de
1186 1266 1308 1296 Basville
1326 1268 1354 1295 et
1371 1265 1386 1295 à
1407 1265 1445 1296 M.
1470 1266 1505 1295 de
1525 1265 1603 1296 Clra-

260 1305 366 1334 millurt
384 1312 417 1334 en
436 1305 537 1334 faveur
551 1305 586 1335 de
605 1312 657 1335 son
675 1305 788 1335 diocèse
806 1305 1043 1345 (Carcassonne).

140 1343 224 1378 4407
252 1343 385 1387 Guise
405 1342 540 1387 (Henri
561 1343 609 1385 II,
631 1343 706 1378 duc
721 1343 794 1389 de),
810 1343 965 1379 célèbre
981 1353 1051 1389 par
1064 1353 1133 1379 son
1150 1341 1379 1388 expédition
1394 1341 1441 1376 de
1456 1341 1601 1387 Naples

252 1397 353 1431 pour
371 1388 562 1422 seconder
581 1388 617 1423 le
638 1388 912 1423 soulèvement
932 1388 977 1423 de
999 1388 1232 1423 Mazaniello
1252 1389 1389 1422 contre
1410 1387 1467 1422 les
1483 1386 1601 1431 Espa¬

253 1431 380 1476 gnols.
401 1452 444 1457 —
462 1433 504 1467 L.
527 1443 560 1467 a.
582 1443 610 1467 s.
633 1443 682 1466 au
706 1433 890 1468 ministre
910 1433 956 1467 de
977 1433 1169 1475 Brienne;
1192 1431 1317 1474 Paris,
1339 1434 1360 1466 3
1381 1430 1474 1476 juin
1505 1433 1600 1474 1658,

257 1479 266 1510 1
292 1486 327 1521 p.
349 1476 441 1519 in-4,
463 1476 633 1512 cachets.
654 1478 742 1512 Belle
758 1480 858 1521 pièce.
1493 1478 1536 1511 35
1584 1489 1600 1509 »

300 1523 318 1551 Il
338 1522 364 1551 le
382 1522 444 1561 prie
463 1523 498 1552 de
518 1522 653 1559 protéger
670 1530 718 1561 ces
736 1530 878 1561 pauvres
898 1523 1124 1559 Provençaux,
1144 1521 1191 1558 qui
1208 1520 1268 1551 s'en
1285 1524 1350 1551 vont
1367 1521 1382 1551 à
1403 1522 1428 1550 la
1444 1529 1514 1551 cour
1527 1528 1602 1559 pour

262 1560 333 1591 faire
350 1560 498 1591 connaître
518 1563 558 1591 les
577 1561 707 1591 mauvais
725 1562 903 1591 traitements
921 1561 1008 1599 qu’ils
1025 1561 1173 1598 reçoivent
1186 1560 1238 1590 des
1255 1560 1428 1598 Espagnols.
1452 1572 1464 1585 «
1482 1562 1602 1590 Comme

259 1599 289 1637 je
301 1599 363 1630 suis
380 1607 478 1635 cause,
498 1599 586 1633 dit-il,
609 1600 645 1631 de
661 1599 688 1629 la
706 1600 869 1631 souffrance
887 1601 972 1630 d’une
992 1600 1085 1639 partie
1102 1600 1138 1630 de
1156 1607 1204 1629 ces
1224 1599 1424 1630 malheureux,
1444 1599 1473 1636 je
1495 1600 1603 1638 prends

258 1647 295 1668 un
313 1639 479 1676 particulier
496 1639 617 1670 intérest
632 1639 648 1669 k
666 1639 744 1670 leurs
762 1639 951 1670 souffrances.
968 1651 981 1665 »
1005 1639 1074 1677 (Ces
1089 1639 1276 1675 Provençaux
1304 1638 1463 1668 maltraités
1489 1646 1540 1674 par
1562 1639 1603 1668 les

260 1678 420 1716 Espagnols
435 1682 501 1707 sont
514 1686 584 1708 sans
599 1679 684 1708 doute
697 1687 770 1709 ceux
786 1680 832 1716 qui
847 1679 982 1708 l’avaient
995 1679 1059 1708 aidé
1077 1677 1150 1708 dans
1166 1685 1220 1707 son
1234 1678 1399 1714 expédition
1415 1677 1450 1708 de
1471 1678 1601 1716 Naples.)

139 1717 226 1750 4408
251 1716 417 1759 Guizot,
439 1716 600 1751 illustre
620 1716 817 1751 historien
838 1719 878 1752 et
897 1716 1052 1751 homme
1074 1715 1217 1757 d’Etat,
1239 1715 1285 1750 de
1301 1715 1447 1750 l’Acad.
1462 1715 1601 1759 franc.,

251 1759 300 1794 né
332 1760 354 1795 à
380 1760 530 1796 Nîmes.
562 1781 604 1786 —
634 1761 678 1796 L.
709 1772 743 1796 a.
776 1772 806 1796 s.
838 1762 872 1806 (à
901 1761 954 1796 M.
988 1761 1185 1803 Gromier,
1214 1759 1260 1794 de
1298 1754 1433 1804 l’Ain);
1471 1760 1600 1804 Paris,

251 1807 294 1839 20
319 1805 420 1840 avril
444 1807 540 1848 1868,
560 1808 581 1840 2
600 1816 636 1851 p.
661 1807 722 1849 1/4
741 1805 837 1841 in-8.
1512 1807 1533 1839 6
1581 1817 1597 1836 »

298 1849 439 1881 Curieuse
455 1851 537 1881 lettre
556 1851 674 1881 relative
688 1858 744 1880 aux
758 1851 894 1881 élections
907 1851 942 1880 de
963 1850 1046 1880 1869.
1065 1850 1141 1879 Hors
1158 1849 1194 1880 de
1211 1848 1321 1879 l’arène
1338 1849 1477 1887 politique
1495 1852 1523 1880 et
1537 1849 1602 1880 bien

259 1887 358 1919 décidé
373 1891 388 1919 k
410 1890 457 1927 n’y
478 1898 529 1927 pas
546 1893 671 1927 rentier,
688 1890 706 1919 il
724 1898 757 1920 se
776 1890 866 1920 borne
889 1890 906 1919 k
930 1889 1043 1920 désirer
1063 1896 1119 1926 que
1145 1900 1157 1914 «
1180 1890 1221 1918 les
1244 1889 1328 1918 choix
1359 1889 1394 1918 de
1427 1889 1452 1918 la
1479 1889 1602 1925 France,

258 1928 352 1965 quand
367 1929 420 1959 elle
439 1935 511 1959 aura
531 1928 584 1959 des
602 1929 738 1959 élections
758 1930 773 1958 k
792 1929 876 1965 faire,
896 1936 927 1958 se
946 1929 1061 1966 portent
1077 1935 1128 1957 sur
1142 1928 1194 1958 des
1206 1928 1338 1958 hommes
1348 1927 1414 1958 bien
1427 1928 1604 1958 convaincus

258 1967 293 1996 de
308 1968 333 1996 la
353 1967 493 1999 nécessité
508 1968 559 1997 des
578 1968 696 1998 libertés
713 1968 879 2006 politiques,
899 1975 972 2006 pour
987 1968 1014 1997 la
1033 1967 1169 2003 sécurité,
1184 1974 1295 1997 comme
1309 1974 1383 2004 pour
1401 1966 1428 1996 la
1446 1966 1553 2004 dignité
1569 1967 1605 1996 de

257 2006 388 2043 l’avenir,
408 2014 520 2037 comme
545 2007 583 2037 du
609 2008 737 2045 présent,
759 2010 786 2038 et
807 2007 873 2038 bien
899 2007 1013 2038 résolus
1042 2007 1058 2035 k
1083 2013 1203 2037 assurer
1226 2005 1388 2037 l’influence
1415 2004 1542 2036 effective
1565 2007 1602 2036 du

260 2052 330 2082 pays
351 2045 424 2076 dans
442 2053 494 2075 son
512 2049 749 2083 gouvernement.
770 2058 781 2072 »

135 2084 222 2119 4409
245 2084 398 2128 Haller
416 2083 593 2128 (Albert),
615 2084 775 2119 illustre
796 2084 936 2119 savant
956 2083 1007 2117 du
1028 2093 1127 2117 xvm
1130 2088 1142 2104 e
1171 2082 1305 2125 siècle,
1334 2081 1381 2116 né
1409 2082 1431 2116 à
1455 2083 1601 2118 Berne.

248 2147 290 2152 —
310 2127 352 2162 L.
374 2139 407 2163 a.
428 2138 472 2170 s.,
488 2138 537 2162 en
558 2128 749 2176 français;
780 2128 922 2169 Berne,
950 2130 970 2161 8
1001 2128 1099 2171 sept.
1134 2129 1230 2169 1772,
1262 2129 1272 2160 1
1309 2137 1345 2171 p.
1383 2126 1476 2162 in-4.
1516 2128 1605 2161 Belle

248 2174 351 2216 pièce.
1514 2174 1535 2206 5
1582 2184 1598 2204 »

139 2217 227 2251 4410
250 2217 478 2251 Hardouin
496 2217 551 2250 de
575 2216 777 2258 Périfixe,
804 2216 840 2250 le
867 2215 1056 2250 meilleur
1082 2215 1280 2250 historien
1300 2214 1347 2248 de
1373 2213 1513 2260 Henry
1536 2215 1601 2258 IV,

249 2261 495 2306 archevêque
516 2260 562 2295 de
584 2260 711 2301 Paris,
733 2260 909 2294 membre
930 2260 976 2294 de
997 2259 1143 2294 l’Acad.
1171 2259 1220 2294 fr.
1247 2279 1289 2283 —
1314 2258 1356 2293 L.
1387 2270 1422 2294 a.
1455 2269 1484 2294 s.
1516 2259 1538 2293 à
1566 2259 1605 2294 la

248 2316 356 2340 sœur
373 2305 498 2340 Marie
520 2305 566 2339 de
587 2303 982 2345 Sainte-Madeleine,
1003 2303 1166 2339 abbesse
1188 2303 1234 2338 de
1261 2303 1507 2348 Port-Royal
1535 2303 1602 2338 des

250 2349 434 2394 Champs;
455 2349 583 2391 Paris,
604 2351 625 2384 3
643 2348 738 2384 août
760 2351 855 2391 1669,
880 2350 892 2382 1
916 2358 950 2393 p.
973 2348 1011 2392 pl
1034 2347 1127 2391 in-4,
1148 2348 1365 2393 enveloppe
1386 2358 1481 2382 avec
1501 2348 1602 2383 trois

253 2394 380 2429 beaux
399 2393 557 2428 cachets
578 2394 600 2428 à
619 2404 680 2429 ses
701 2403 842 2428 armes.
1497 2394 1536 2426 18
1584 2404 1600 2423 »

136 2439 218 2473 4411
247 2439 438 2482 Harispe
468 2438 629 2482 (J.-Jos.,
652 2438 805 2481 comte),
839 2435 1038 2471 maréchal
1065 2436 1111 2470 de
1141 2436 1306 2471 France.
1343 2455 1385 2461 —
1420 2438 1463 2470 L.
1492 2447 1525 2470 a.
1547 2447 1601 2472 s.:

250 2483 450 2527 Bayonne,
476 2484 570 2524 1831,
596 2485 607 2516 1
632 2492 668 2527 p.
691 2482 787 2516 in-4.
949 2497 958 2504 -
1515 2482 1536 2514 3
1583 2493 1599 2512 »

136 2528 223 2561 4412
247 2528 378 2571 Haüy
396 2526 534 2570 (l’abbé
554 2522 810 2568 Réné-Just.),
833 2526 973 2559 savant
1002 2524 1318 2569 minéralogiste,
1344 2524 1530 2558 créateur
1555 2524 1602 2558 de

250 2571 287 2605 la
300 2570 663 2614 cristallographie,
684 2580 826 2604 mémo,
847 2568 894 2602 de
914 2568 1053 2610 l’Inst.,
1075 2568 1123 2603 né
1136 2569 1158 2603 à
1177 2568 1403 2604 Saint-Just
1418 2567 1604 2611 (Oise).—

248 2614 291 2649 L.
313 2625 346 2649 a.
368 2625 398 2649 s.
420 2615 442 2649 à
461 2615 512 2649 M.
533 2616 650 2655 Nass;
672 2613 799 2655 Paris,
819 2615 839 2647 8
859 2615 958 2657 sept.
978 2615 1072 2655 1807,
1093 2615 1114 2647 2
1136 2623 1172 2657 p.
1194 2612 1285 2647 in-4.
1516 2614 1538 2646 6
1584 2623 1601 2644 »
