<?xml version="1.0" encoding="UTF-8" standalone="yes"?>
<PcGts xmlns="http://schema.primaresearch.org/PAGE/gts/pagecontent/2013-07-15" xmlns:xsi="http://www.w3.org/2001/XMLSchema-instance" xsi:schemaLocation="http://schema.primaresearch.org/PAGE/gts/pagecontent/2013-07-15 http://schema.primaresearch.org/PAGE/gts/pagecontent/2013-07-15/pagecontent.xsd">
    <Metadata>
        <Creator></Creator>
        <Created>2018-04-27T11:50:50.947+02:00</Created>
        <LastChange>2018-09-28T21:21:28.882+02:00</LastChange>
        <Comments>
                Measurement unit: pixel
                PrimaryLanguage: English
                Language: FrenchStandard
                Producer: ABBYY FineReader Engine 11</Comments>
        <TranskribusMetadata docId="164153" pageId="6045837" pageNr="86" tsid="10277931" status="DONE" userId="10612" imgUrl="https://files.transkribus.eu/Get?id=FGWYKHDNTIIXHMBWRJQMNAFX&amp;fileType=view" xmlUrl="https://files.transkribus.eu/Get?id=IPNJHSXGZPQSWTZPHPDVUZII" imageId="1316144"/>
    </Metadata>
    <Page imageFilename="2-REV DES AUTO 1868-69 OCR-86.png" imageWidth="1841" imageHeight="2972">
        <PrintSpace>
            <Coords points="160,119 1663,119 1667,2635 160,2635"/>
        </PrintSpace>
        <ReadingOrder>
            <OrderedGroup id="ro_1604139631629" caption="Regions reading order">
                <RegionRefIndexed index="0" regionRef="region_1533026879480_18"/>
                <RegionRefIndexed index="1" regionRef="r_1_1"/>
                <RegionRefIndexed index="2" regionRef="r_1_2"/>
                <RegionRefIndexed index="3" regionRef="r_1_3"/>
                <RegionRefIndexed index="4" regionRef="r_1_4"/>
                <RegionRefIndexed index="5" regionRef="r_1_5"/>
                <RegionRefIndexed index="6" regionRef="r_1_6"/>
                <RegionRefIndexed index="7" regionRef="r_1_7"/>
                <RegionRefIndexed index="8" regionRef="r_1_8"/>
                <RegionRefIndexed index="9" regionRef="r_1_9"/>
                <RegionRefIndexed index="10" regionRef="r_1_10"/>
                <RegionRefIndexed index="11" regionRef="r_1_11"/>
                <RegionRefIndexed index="12" regionRef="r_1_12"/>
                <RegionRefIndexed index="13" regionRef="r_1_13"/>
                <RegionRefIndexed index="14" regionRef="r_1_14"/>
                <RegionRefIndexed index="15" regionRef="r_1_15"/>
                <RegionRefIndexed index="16" regionRef="r_1_16"/>
                <RegionRefIndexed index="17" regionRef="r_1_17"/>
                <RegionRefIndexed index="18" regionRef="r_1_18"/>
                <RegionRefIndexed index="19" regionRef="r_1_19"/>
                <RegionRefIndexed index="20" regionRef="r_1_20"/>
                <RegionRefIndexed index="21" regionRef="r_1_21"/>
                <RegionRefIndexed index="22" regionRef="r_1_22"/>
                <RegionRefIndexed index="23" regionRef="r_1_23"/>
                <RegionRefIndexed index="24" regionRef="r_1_24"/>
                <RegionRefIndexed index="25" regionRef="r_1_25"/>
            </OrderedGroup>
        </ReadingOrder>
        <TextRegion id="region_1533026879480_18" custom="readingOrder {index:0;}">
            <Coords points="800,128 1012,128 1012,181 800,181"/>
            <TextLine id="line_1533026887290_19" custom="readingOrder {index:0;}">
                <Coords points="810,127 1002,129 1002,179 810,177"/>
                <Baseline points="810,172 1002,174"/>
                <Word id="word_1533026891746_20" custom="readingOrder {index:0;}">
                    <Coords points="808,152 857,152 857,168 808,168"/>
                    <TextEquiv>
                        <Unicode></Unicode>
                    </TextEquiv>
                </Word>
                <Word id="word_1533026896679_21" custom="readingOrder {index:1;}">
                    <Coords points="879,133 935,133 935,178 879,178"/>
                    <TextEquiv>
                        <Unicode></Unicode>
                    </TextEquiv>
                </Word>
                <Word id="word_1533026899456_22" custom="readingOrder {index:2;}">
                    <Coords points="961,150 1008,150 1008,166 961,166"/>
                    <TextEquiv>
                        <Unicode></Unicode>
                    </TextEquiv>
                </Word>
                <TextEquiv>
                    <Unicode>- 22 -</Unicode>
                </TextEquiv>
            </TextLine>
            <TextEquiv>
                <Unicode>- 22 -</Unicode>
            </TextEquiv>
        </TextRegion>
        <TextRegion type="paragraph" id="r_1_1" custom="readingOrder {index:1;}">
            <Coords points="288,232 1642,232 1642,368 288,368"/>
            <TextLine id="tl_1" primaryLanguage="English" custom="readingOrder {index:0;}">
                <Coords points="289,233 1639,233 1639,277 289,277"/>
                <Baseline points="289,268 1639,268"/>
                <Word id="w_w1aab1b1b2b1b1ab1" language="English" custom="readingOrder {index:0;}">
                    <Coords points="289,233 540,233 540,268 289,268"/>
                    <TextEquiv>
                        <Unicode>surnommée</Unicode>
                    </TextEquiv>
                    <TextStyle fontFamily="Times New Roman" fontSize="11.0"/>
                </Word>
                <Word id="w_w1aab1b1b2b1b1ac21" language="English" custom="readingOrder {index:1;}">
                    <Coords points="559,233 598,233 598,268 559,268"/>
                    <TextEquiv>
                        <Unicode>la</Unicode>
                    </TextEquiv>
                    <TextStyle fontFamily="Times New Roman" fontSize="11.0"/>
                </Word>
                <Word id="w_w1aab1b1b2b1b1b1b1" language="English" custom="readingOrder {index:2;}">
                    <Coords points="616,235 724,235 724,268 616,268"/>
                    <TextEquiv>
                        <Unicode>Sanho</Unicode>
                    </TextEquiv>
                    <TextStyle fontFamily="Times New Roman" fontSize="10.5" italic="true"/>
                </Word>
                <Word id="w_w1aab1b1b2b1b1b1c13" language="English" custom="readingOrder {index:3;}">
                    <Coords points="743,235 895,235 895,268 743,268"/>
                    <TextEquiv>
                        <Unicode>moderne</Unicode>
                    </TextEquiv>
                    <TextStyle fontFamily="Times New Roman" fontSize="10.5" italic="true"/>
                </Word>
                <Word id="w_w1aab1b1b2b1b1b2b1" language="English" custom="readingOrder {index:4;}">
                    <Coords points="899,261 907,261 907,277 899,277"/>
                    <TextEquiv>
                        <Unicode>,</Unicode>
                    </TextEquiv>
                    <TextStyle fontFamily="Times New Roman" fontSize="11.0"/>
                </Word>
                <Word id="w_w1aab1b1b2b1b1b2b5" language="English" custom="readingOrder {index:5;}">
                    <Coords points="928,234 1000,234 1000,269 928,269"/>
                    <TextEquiv>
                        <Unicode>née</Unicode>
                    </TextEquiv>
                    <TextStyle fontFamily="Times New Roman" fontSize="11.0"/>
                </Word>
                <Word id="w_w1aab1b1b2b1b1b2c13" language="English" custom="readingOrder {index:6;}">
                    <Coords points="1020,244 1069,244 1069,269 1020,269"/>
                    <TextEquiv>
                        <Unicode>au</Unicode>
                    </TextEquiv>
                    <TextStyle fontFamily="Times New Roman" fontSize="11.0"/>
                </Word>
                <Word id="w_w1aab1b1b2b1b1b2c19" language="English" custom="readingOrder {index:7;}">
                    <Coords points="1091,234 1234,234 1234,269 1091,269"/>
                    <TextEquiv>
                        <Unicode>Havre.</Unicode>
                    </TextEquiv>
                    <TextStyle fontFamily="Times New Roman" fontSize="11.0"/>
                </Word>
                <Word id="w_w1aab1b1b2b1b1b2c33" language="English" custom="readingOrder {index:8;}">
                    <Coords points="1254,253 1296,253 1296,259 1254,259"/>
                    <TextEquiv>
                        <Unicode>—</Unicode>
                    </TextEquiv>
                    <TextStyle fontFamily="Times New Roman" fontSize="11.0"/>
                </Word>
                <Word id="w_w1aab1b1b2b1b1b2c37" language="English" custom="readingOrder {index:9;}">
                    <Coords points="1310,234 1353,234 1353,269 1310,269"/>
                    <TextEquiv>
                        <Unicode>L.</Unicode>
                    </TextEquiv>
                    <TextStyle fontFamily="Times New Roman" fontSize="11.0"/>
                </Word>
                <Word id="w_w1aab1b1b2b1b1b2c43" language="English" custom="readingOrder {index:10;}">
                    <Coords points="1375,244 1409,244 1409,270 1375,270"/>
                    <TextEquiv>
                        <Unicode>a.</Unicode>
                    </TextEquiv>
                    <TextStyle fontFamily="Times New Roman" fontSize="11.0"/>
                </Word>
                <Word id="w_w1aab1b1b2b1b1b2c49" language="English" custom="readingOrder {index:11;}">
                    <Coords points="1425,244 1454,244 1454,269 1425,269"/>
                    <TextEquiv>
                        <Unicode>s.</Unicode>
                    </TextEquiv>
                    <TextStyle fontFamily="Times New Roman" fontSize="11.0"/>
                </Word>
                <Word id="w_w1aab1b1b2b1b1b2c55" language="English" custom="readingOrder {index:12;}">
                    <Coords points="1477,234 1499,234 1499,268 1477,268"/>
                    <TextEquiv>
                        <Unicode>à</Unicode>
                    </TextEquiv>
                    <TextStyle fontFamily="Times New Roman" fontSize="11.0"/>
                </Word>
                <Word id="w_w1aab1b1b2b1b1b2c59" language="English" custom="readingOrder {index:13;}">
                    <Coords points="1517,233 1639,233 1639,269 1517,269"/>
                    <TextEquiv>
                        <Unicode>Char¬</Unicode>
                    </TextEquiv>
                    <TextStyle fontFamily="Times New Roman" fontSize="11.0"/>
                </Word>
                <TextEquiv>
                    <Unicode>surnommée la Sapho moderne, née au Havre. — L. a. s. à Char¬</Unicode>
                </TextEquiv>
            </TextLine>
            <TextLine id="tl_2" primaryLanguage="English" custom="readingOrder {index:1;}">
                <Coords points="289,268 1641,268 1641,324 289,324"/>
                <Baseline points="289,313 1641,313"/>
                <Word id="w_w1aab1b1b2b1b3ab1" language="English" custom="readingOrder {index:0;}">
                    <Coords points="289,278 448,278 448,322 289,322"/>
                    <TextEquiv>
                        <Unicode>pentier</Unicode>
                    </TextEquiv>
                    <TextStyle fontFamily="Times New Roman" fontSize="11.0"/>
                </Word>
                <Word id="w_w1aab1b1b2b1b3ac17" language="English" custom="readingOrder {index:1;}">
                    <Coords points="467,278 525,278 525,323 467,323"/>
                    <TextEquiv>
                        <Unicode>(de</Unicode>
                    </TextEquiv>
                    <TextStyle fontFamily="Times New Roman" fontSize="11.0"/>
                </Word>
                <Word id="w_w1aab1b1b2b1b3ac25" language="English" custom="readingOrder {index:2;}">
                    <Coords points="545,268 809,268 809,322 545,322"/>
                    <TextEquiv>
                        <Unicode>l'Académie);</Unicode>
                    </TextEquiv>
                    <TextStyle fontFamily="Times New Roman" fontSize="11.0"/>
                </Word>
                <Word id="w_w1aab1b1b2b1b3ac51" language="English" custom="readingOrder {index:3;}">
                    <Coords points="830,279 953,279 953,323 830,323"/>
                    <TextEquiv>
                        <Unicode>(1663),</Unicode>
                    </TextEquiv>
                    <TextStyle fontFamily="Times New Roman" fontSize="11.0"/>
                </Word>
                <Word id="w_w1aab1b1b2b1b3ac67" language="English" custom="readingOrder {index:4;}">
                    <Coords points="973,281 994,281 994,314 973,314"/>
                    <TextEquiv>
                        <Unicode>2</Unicode>
                    </TextEquiv>
                    <TextStyle fontFamily="Times New Roman" fontSize="11.0"/>
                </Word>
                <Word id="w_w1aab1b1b2b1b3ac71" language="English" custom="readingOrder {index:5;}">
                    <Coords points="1013,289 1048,289 1048,323 1013,323"/>
                    <TextEquiv>
                        <Unicode>p.</Unicode>
                    </TextEquiv>
                    <TextStyle fontFamily="Times New Roman" fontSize="11.0"/>
                </Word>
                <Word id="w_w1aab1b1b2b1b3ac77" language="English" custom="readingOrder {index:6;}">
                    <Coords points="1073,280 1084,280 1084,313 1073,313"/>
                    <TextEquiv>
                        <Unicode>1</Unicode>
                    </TextEquiv>
                    <TextStyle fontFamily="Times New Roman" fontSize="11.0"/>
                </Word>
                <Word id="w_w1aab1b1b2b1b3ac81" language="English" custom="readingOrder {index:7;}">
                    <Coords points="1097,280 1134,280 1134,321 1097,321"/>
                    <TextEquiv>
                        <Unicode>/4</Unicode>
                    </TextEquiv>
                    <TextStyle fontFamily="Times New Roman" fontSize="11.0"/>
                </Word>
                <Word id="w_w1aab1b1b2b1b3ac87" language="English" custom="readingOrder {index:8;}">
                    <Coords points="1171,278 1268,278 1268,314 1171,314"/>
                    <TextEquiv>
                        <Unicode>in-4.</Unicode>
                    </TextEquiv>
                    <TextStyle fontFamily="Times New Roman" fontSize="11.0"/>
                </Word>
                <Word id="w_w1aab1b1b2b1b3ac99" language="English" custom="readingOrder {index:9;}">
                    <Coords points="1306,278 1434,278 1434,324 1306,324"/>
                    <TextEquiv>
                        <Unicode>Léger</Unicode>
                    </TextEquiv>
                    <TextStyle fontFamily="Times New Roman" fontSize="11.0"/>
                </Word>
                <Word id="w_w1aab1b1b2b1b3ad111" language="English" custom="readingOrder {index:10;}">
                    <Coords points="1470,288 1641,288 1641,313 1470,313"/>
                    <TextEquiv>
                        <Unicode>raccom¬</Unicode>
                    </TextEquiv>
                    <TextStyle fontFamily="Times New Roman" fontSize="11.0"/>
                </Word>
                <TextEquiv>
                    <Unicode>pentier (de l'Académie); (1663), 2 p. 1 /4 in-4. Léger raccom¬</Unicode>
                </TextEquiv>
                <TextStyle fontFamily="Times New Roman" fontSize="11.0"/>
            </TextLine>
            <TextLine id="tl_3" primaryLanguage="English" custom="readingOrder {index:2;}">
                <Coords points="291,321 1640,321 1640,367 291,367"/>
                <Baseline points="291,357 1640,357"/>
                <Word id="w_w1aab1b1b2b1b5ab1" language="English" custom="readingOrder {index:0;}">
                    <Coords points="291,321 472,321 472,367 291,367"/>
                    <TextEquiv>
                        <Unicode>modage.</Unicode>
                    </TextEquiv>
                    <TextStyle fontFamily="Times New Roman" fontSize="11.0"/>
                </Word>
                <Word id="w_w1aab1b1b2b1b5ac17" language="English" custom="readingOrder {index:1;}">
                    <Coords points="1518,325 1573,325 1573,357 1518,357"/>
                    <TextEquiv>
                        <Unicode>80.</Unicode>
                    </TextEquiv>
                    <TextStyle fontFamily="Times New Roman" fontSize="11.0"/>
                </Word>
                <Word id="w_w1aab1b1b2b1b5ac25" language="English" custom="readingOrder {index:2;}">
                    <Coords points="1624,335 1640,335 1640,354 1624,354"/>
                    <TextEquiv>
                        <Unicode>»</Unicode>
                    </TextEquiv>
                    <TextStyle fontFamily="Times New Roman" fontSize="11.0"/>
                </Word>
                <TextEquiv>
                    <Unicode>modage. 80. »</Unicode>
                </TextEquiv>
                <TextStyle fontFamily="Times New Roman" fontSize="11.0"/>
            </TextLine>
            <TextEquiv>
                <Unicode>surnommée la Sapho moderne, née au Havre. — L. a. s. à Char¬
pentier (de l'Académie); (1663), 2 p. 1 /4 in-4. Léger raccom¬
modage. 80. »</Unicode>
            </TextEquiv>
        </TextRegion>
        <TextRegion type="paragraph" id="r_1_2" custom="readingOrder {index:2;}">
            <Coords points="295,371 1649,371 1649,491 295,491"/>
            <TextLine id="tl_4" primaryLanguage="English" custom="readingOrder {index:0;}">
                <Coords points="335,372 1644,372 1644,412 335,412"/>
                <Baseline points="335,403 1644,403"/>
                <Word id="w_w1aab1b1b2b3b1ab1" language="English" custom="readingOrder {index:0;}">
                    <Coords points="335,372 512,372 512,403 335,403"/>
                    <TextEquiv>
                        <Unicode>Charmante</Unicode>
                    </TextEquiv>
                    <TextStyle fontFamily="Times New Roman" fontSize="8.0"/>
                </Word>
                <Word id="w_w1aab1b1b2b3b1ac21" language="English" custom="readingOrder {index:1;}">
                    <Coords points="529,372 631,372 631,410 529,410"/>
                    <TextEquiv>
                        <Unicode>épître,</Unicode>
                    </TextEquiv>
                    <TextStyle fontFamily="Times New Roman" fontSize="8.0"/>
                </Word>
                <Word id="w_w1aab1b1b2b3b1ac37" language="English" custom="readingOrder {index:2;}">
                    <Coords points="651,380 763,380 763,403 651,403"/>
                    <TextEquiv>
                        <Unicode>comme</Unicode>
                    </TextEquiv>
                    <TextStyle fontFamily="Times New Roman" fontSize="8.0"/>
                </Word>
                <Word id="w_w1aab1b1b2b3b1ac49" language="English" custom="readingOrder {index:3;}">
                    <Coords points="779,372 832,372 832,403 779,403"/>
                    <TextEquiv>
                        <Unicode>elle</Unicode>
                    </TextEquiv>
                    <TextStyle fontFamily="Times New Roman" fontSize="8.0"/>
                </Word>
                <Word id="w_w1aab1b1b2b3b1ac59" language="English" custom="readingOrder {index:4;}">
                    <Coords points="849,373 944,373 944,404 849,404"/>
                    <TextEquiv>
                        <Unicode>savait</Unicode>
                    </TextEquiv>
                    <TextStyle fontFamily="Times New Roman" fontSize="8.0"/>
                </Word>
                <Word id="w_w1aab1b1b2b3b1ac73" language="English" custom="readingOrder {index:5;}">
                    <Coords points="968,373 1009,373 1009,403 968,403"/>
                    <TextEquiv>
                        <Unicode>les</Unicode>
                    </TextEquiv>
                    <TextStyle fontFamily="Times New Roman" fontSize="8.0"/>
                </Word>
                <Word id="w_w1aab1b1b2b3b1ac81" language="English" custom="readingOrder {index:6;}">
                    <Coords points="1028,372 1132,372 1132,409 1028,409"/>
                    <TextEquiv>
                        <Unicode>écrire,</Unicode>
                    </TextEquiv>
                    <TextStyle fontFamily="Times New Roman" fontSize="8.0"/>
                </Word>
                <Word id="w_w1aab1b1b2b3b1ac97" language="English" custom="readingOrder {index:7;}">
                    <Coords points="1157,373 1276,373 1276,404 1157,404"/>
                    <TextEquiv>
                        <Unicode>relative</Unicode>
                    </TextEquiv>
                    <TextStyle fontFamily="Times New Roman" fontSize="8.0"/>
                </Word>
                <Word id="w_w1aab1b1b2b3b1ad115" language="English" custom="readingOrder {index:8;}">
                    <Coords points="1292,374 1308,374 1308,403 1292,403"/>
                    <TextEquiv>
                        <Unicode>h</Unicode>
                    </TextEquiv>
                    <TextStyle fontFamily="Times New Roman" fontSize="8.0"/>
                </Word>
                <Word id="w_w1aab1b1b2b3b1b1b1" language="English" custom="readingOrder {index:9;}">
                    <Coords points="1324,372 1485,372 1485,412 1324,412"/>
                    <TextEquiv>
                        <Unicode>VEgloque</Unicode>
                    </TextEquiv>
                    <TextStyle fontFamily="Times New Roman" fontSize="9.0" italic="true"/>
                </Word>
                <Word id="w_w1aab1b1b2b3b1b2b3" language="English" custom="readingOrder {index:10;}">
                    <Coords points="1498,380 1553,380 1553,410 1498,410"/>
                    <TextEquiv>
                        <Unicode>que</Unicode>
                    </TextEquiv>
                    <TextStyle fontFamily="Times New Roman" fontSize="8.0"/>
                </Word>
                <Word id="w_w1aab1b1b2b3b1b2c11" language="English" custom="readingOrder {index:11;}">
                    <Coords points="1566,373 1644,373 1644,404 1566,404"/>
                    <TextEquiv>
                        <Unicode>vient</Unicode>
                    </TextEquiv>
                    <TextStyle fontFamily="Times New Roman" fontSize="8.0"/>
                </Word>
                <TextEquiv>
                    <Unicode>Charmante épître, comme elle savait les écrire, relative à l'Eglogue que vient</Unicode>
                </TextEquiv>
            </TextLine>
            <TextLine id="tl_5" primaryLanguage="English" custom="readingOrder {index:1;}">
                <Coords points="298,411 1643,411 1643,449 298,449"/>
                <Baseline points="298,442 1643,442"/>
                <Word id="w_w1aab1b1b2b3b3ab1" language="English" custom="readingOrder {index:0;}">
                    <Coords points="298,412 333,412 333,442 298,442"/>
                    <TextEquiv>
                        <Unicode>de</Unicode>
                    </TextEquiv>
                    <TextStyle fontFamily="Times New Roman" fontSize="8.0"/>
                </Word>
                <Word id="w_w1aab1b1b2b3b3ab7" language="English" custom="readingOrder {index:1;}">
                    <Coords points="354,411 392,411 392,442 354,442"/>
                    <TextEquiv>
                        <Unicode>lui</Unicode>
                    </TextEquiv>
                    <TextStyle fontFamily="Times New Roman" fontSize="8.0"/>
                </Word>
                <Word id="w_w1aab1b1b2b3b3ac15" language="English" custom="readingOrder {index:2;}">
                    <Coords points="410,419 536,419 536,449 410,449"/>
                    <TextEquiv>
                        <Unicode>envoyer</Unicode>
                    </TextEquiv>
                    <TextStyle fontFamily="Times New Roman" fontSize="8.0"/>
                </Word>
                <Word id="w_w1aab1b1b2b3b3ac31" language="English" custom="readingOrder {index:3;}">
                    <Coords points="570,411 770,411 770,449 570,449"/>
                    <TextEquiv>
                        <Unicode>Charpentier.</Unicode>
                    </TextEquiv>
                    <TextStyle fontFamily="Times New Roman" fontSize="8.0"/>
                </Word>
                <Word id="w_w1aab1b1b2b3b3ac57" language="English" custom="readingOrder {index:4;}">
                    <Coords points="805,423 817,423 817,437 805,437"/>
                    <TextEquiv>
                        <Unicode>«</Unicode>
                    </TextEquiv>
                    <TextStyle fontFamily="Times New Roman" fontSize="8.0"/>
                </Word>
                <Word id="w_w1aab1b1b2b3b3ac61" language="English" custom="readingOrder {index:5;}">
                    <Coords points="844,412 907,412 907,441 844,441"/>
                    <TextEquiv>
                        <Unicode>Elle</Unicode>
                    </TextEquiv>
                    <TextStyle fontFamily="Times New Roman" fontSize="8.0"/>
                </Word>
                <Word id="w_w1aab1b1b2b3b3ac71" language="English" custom="readingOrder {index:6;}">
                    <Coords points="933,414 988,414 988,448 933,448"/>
                    <TextEquiv>
                        <Unicode>est,</Unicode>
                    </TextEquiv>
                    <TextStyle fontFamily="Times New Roman" fontSize="8.0"/>
                </Word>
                <Word id="w_w1aab1b1b2b3b3ac81" language="English" custom="readingOrder {index:7;}">
                    <Coords points="1007,412 1134,412 1134,447 1007,447"/>
                    <TextEquiv>
                        <Unicode>dit-elle,</Unicode>
                    </TextEquiv>
                    <TextStyle fontFamily="Times New Roman" fontSize="8.0"/>
                </Word>
                <Word id="w_w1aab1b1b2b3b3ad101" language="English" custom="readingOrder {index:8;}">
                    <Coords points="1155,413 1337,413 1337,442 1155,442"/>
                    <TextEquiv>
                        <Unicode>assurément</Unicode>
                    </TextEquiv>
                    <TextStyle fontFamily="Times New Roman" fontSize="8.0"/>
                </Word>
                <Word id="w_w1aab1b1b2b3b3ad123" language="English" custom="readingOrder {index:9;}">
                    <Coords points="1355,412 1505,412 1505,442 1355,442"/>
                    <TextEquiv>
                        <Unicode>très-belle</Unicode>
                    </TextEquiv>
                    <TextStyle fontFamily="Times New Roman" fontSize="8.0"/>
                </Word>
                <Word id="w_w1aab1b1b2b3b3ad145" language="English" custom="readingOrder {index:10;}">
                    <Coords points="1533,416 1560,416 1560,442 1533,442"/>
                    <TextEquiv>
                        <Unicode>et</Unicode>
                    </TextEquiv>
                    <TextStyle fontFamily="Times New Roman" fontSize="8.0"/>
                </Word>
                <Word id="w_w1aab1b1b2b3b3ad151" language="English" custom="readingOrder {index:11;}">
                    <Coords points="1578,412 1643,412 1643,443 1578,443"/>
                    <TextEquiv>
                        <Unicode>bien</Unicode>
                    </TextEquiv>
                    <TextStyle fontFamily="Times New Roman" fontSize="8.0"/>
                </Word>
                <TextEquiv>
                    <Unicode>de lui envoyer Charpentier. « Elle est, dit-elle, assurément très-belle et bien</Unicode>
                </TextEquiv>
                <TextStyle fontFamily="Times New Roman" fontSize="8.0"/>
            </TextLine>
            <TextLine id="tl_6" primaryLanguage="English" custom="readingOrder {index:2;}">
                <Coords points="296,450 1648,450 1648,490 296,490"/>
                <Baseline points="296,481 1648,481"/>
                <Word id="w_w1aab1b1b2b3b5ab1" language="English" custom="readingOrder {index:0;}">
                    <Coords points="296,451 380,451 380,489 296,489"/>
                    <TextEquiv>
                        <Unicode>digne</Unicode>
                    </TextEquiv>
                    <TextStyle fontFamily="Times New Roman" fontSize="8.0"/>
                </Word>
                <Word id="w_w1aab1b1b2b3b5ac13" language="English" custom="readingOrder {index:1;}">
                    <Coords points="397,451 433,451 433,480 397,480"/>
                    <TextEquiv>
                        <Unicode>de</Unicode>
                    </TextEquiv>
                    <TextStyle fontFamily="Times New Roman" fontSize="8.0"/>
                </Word>
                <Word id="w_w1aab1b1b2b3b5ac19" language="English" custom="readingOrder {index:2;}">
                    <Coords points="446,459 518,459 518,481 446,481"/>
                    <TextEquiv>
                        <Unicode>vous</Unicode>
                    </TextEquiv>
                    <TextStyle fontFamily="Times New Roman" fontSize="8.0"/>
                </Word>
                <Word id="w_w1aab1b1b2b3b5ac29" language="English" custom="readingOrder {index:3;}">
                    <Coords points="536,452 564,452 564,481 536,481"/>
                    <TextEquiv>
                        <Unicode>et</Unicode>
                    </TextEquiv>
                    <TextStyle fontFamily="Times New Roman" fontSize="8.0"/>
                </Word>
                <Word id="w_w1aab1b1b2b3b5ac35" language="English" custom="readingOrder {index:4;}">
                    <Coords points="582,451 618,451 618,481 582,481"/>
                    <TextEquiv>
                        <Unicode>de</Unicode>
                    </TextEquiv>
                    <TextStyle fontFamily="Times New Roman" fontSize="8.0"/>
                </Word>
                <Word id="w_w1aab1b1b2b3b5ac41" language="English" custom="readingOrder {index:5;}">
                    <Coords points="632,459 684,459 684,481 632,481"/>
                    <TextEquiv>
                        <Unicode>son</Unicode>
                    </TextEquiv>
                    <TextStyle fontFamily="Times New Roman" fontSize="8.0"/>
                </Word>
                <Word id="w_w1aab1b1b2b3b5ac49" language="English" custom="readingOrder {index:6;}">
                    <Coords points="703,451 789,451 789,490 703,490"/>
                    <TextEquiv>
                        <Unicode>sujet.</Unicode>
                    </TextEquiv>
                    <TextStyle fontFamily="Times New Roman" fontSize="8.0"/>
                </Word>
                <Word id="w_w1aab1b1b2b3b5ac63" language="English" custom="readingOrder {index:7;}">
                    <Coords points="803,462 816,462 816,478 803,478"/>
                    <TextEquiv>
                        <Unicode>»</Unicode>
                    </TextEquiv>
                    <TextStyle fontFamily="Times New Roman" fontSize="8.0"/>
                </Word>
                <Word id="w_w1aab1b1b2b3b5ac67" language="English" custom="readingOrder {index:8;}">
                    <Coords points="832,451 925,451 925,489 832,489"/>
                    <TextEquiv>
                        <Unicode>(Cette</Unicode>
                    </TextEquiv>
                    <TextStyle fontFamily="Times New Roman" fontSize="8.0"/>
                </Word>
                <Word id="w_w1aab1b1b2b3b5ac81" language="English" custom="readingOrder {index:9;}">
                    <Coords points="944,452 1024,452 1024,489 944,489"/>
                    <TextEquiv>
                        <Unicode>pièce</Unicode>
                    </TextEquiv>
                    <TextStyle fontFamily="Times New Roman" fontSize="8.0"/>
                </Word>
                <Word id="w_w1aab1b1b2b3b5ac93" language="English" custom="readingOrder {index:10;}">
                    <Coords points="1036,459 1052,459 1052,481 1036,481"/>
                    <TextEquiv>
                        <Unicode>a</Unicode>
                    </TextEquiv>
                    <TextStyle fontFamily="Times New Roman" fontSize="8.0"/>
                </Word>
                <Word id="w_w1aab1b1b2b3b5ac97" language="English" custom="readingOrder {index:11;}">
                    <Coords points="1065,459 1139,459 1139,490 1065,490"/>
                    <TextEquiv>
                        <Unicode>pour</Unicode>
                    </TextEquiv>
                    <TextStyle fontFamily="Times New Roman" fontSize="8.0"/>
                </Word>
                <Word id="w_w1aab1b1b2b3b5ad107" language="English" custom="readingOrder {index:12;}">
                    <Coords points="1155,452 1236,452 1236,482 1155,482"/>
                    <TextEquiv>
                        <Unicode>titre:</Unicode>
                    </TextEquiv>
                    <TextStyle fontFamily="Times New Roman" fontSize="8.0"/>
                </Word>
                <Word id="w_w1aab1b1b2b3b5b1b1" language="English" custom="readingOrder {index:13;}">
                    <Coords points="1246,450 1490,450 1490,490 1246,490"/>
                    <TextEquiv>
                        <Unicode>Louis,églogue</Unicode>
                    </TextEquiv>
                    <TextStyle fontFamily="Times New Roman" fontSize="9.0" italic="true"/>
                </Word>
                <Word id="w_w1aab1b1b2b3b5b1c29" language="English" custom="readingOrder {index:14;}">
                    <Coords points="1506,450 1648,450 1648,490 1506,490"/>
                    <TextEquiv>
                        <Unicode>royale.)</Unicode>
                    </TextEquiv>
                    <TextStyle fontFamily="Times New Roman" fontSize="9.0" italic="true"/>
                </Word>
                <TextEquiv>
                    <Unicode>digne de vous et de son sujet. » (Cette pièce a pour titre: Louis, églogue royale.)</Unicode>
                </TextEquiv>
            </TextLine>
            <TextEquiv>
                <Unicode>Charmante épître, comme elle savait les écrire, relative à l'Eglogue que vient
de lui envoyer Charpentier. « Elle est, dit-elle, assurément très-belle et bien
digne de vous et de son sujet. » (Cette pièce a pour titre: Louis, églogue royale.)</Unicode>
            </TextEquiv>
        </TextRegion>
        <TextRegion type="paragraph" id="r_1_3" custom="readingOrder {index:3;}">
            <Coords points="177,503 1641,503 1641,551 177,551"/>
            <TextLine id="tl_7" primaryLanguage="English" custom="readingOrder {index:0;}">
                <Coords points="178,504 1640,504 1640,550 178,550"/>
                <Baseline points="178,539 1640,539"/>
                <Word id="w_w1aab1b1b2b5b1ab1" language="English" custom="readingOrder {index:0;}">
                    <Coords points="178,507 264,507 264,540 178,540"/>
                    <TextEquiv>
                        <Unicode>4487</Unicode>
                    </TextEquiv>
                    <TextStyle fontFamily="Times New Roman" fontSize="11.0"/>
                </Word>
                <Word id="w_w1aab1b1b2b5b1b1b1" language="English" custom="readingOrder {index:1;}">
                    <Coords points="288,506 439,506 439,549 288,549"/>
                    <TextEquiv>
                        <Unicode>Simon</Unicode>
                    </TextEquiv>
                    <TextStyle fontFamily="Times New Roman" fontSize="10.5" bold="true"/>
                </Word>
                <Word id="w_w1aab1b1b2b5b1b2b1" language="English" custom="readingOrder {index:2;}">
                    <Coords points="463,505 611,505 611,549 463,549"/>
                    <TextEquiv>
                        <Unicode>(Jules),</Unicode>
                    </TextEquiv>
                    <TextStyle fontFamily="Times New Roman" fontSize="11.0"/>
                </Word>
                <Word id="w_w1aab1b1b2b5b1b2c19" language="English" custom="readingOrder {index:3;}">
                    <Coords points="647,505 801,505 801,540 647,540"/>
                    <TextEquiv>
                        <Unicode>célèbre</Unicode>
                    </TextEquiv>
                    <TextStyle fontFamily="Times New Roman" fontSize="11.0"/>
                </Word>
                <Word id="w_w1aab1b1b2b5b1b2c35" language="English" custom="readingOrder {index:4;}">
                    <Coords points="839,505 1070,505 1070,550 839,550"/>
                    <TextEquiv>
                        <Unicode>philosophe</Unicode>
                    </TextEquiv>
                    <TextStyle fontFamily="Times New Roman" fontSize="11.0"/>
                </Word>
                <Word id="w_w1aab1b1b2b5b1b2c57" language="English" custom="readingOrder {index:5;}">
                    <Coords points="1096,506 1136,506 1136,540 1096,540"/>
                    <TextEquiv>
                        <Unicode>et</Unicode>
                    </TextEquiv>
                    <TextStyle fontFamily="Times New Roman" fontSize="11.0"/>
                </Word>
                <Word id="w_w1aab1b1b2b5b1b2c63" language="English" custom="readingOrder {index:6;}">
                    <Coords points="1173,505 1404,505 1404,550 1173,550"/>
                    <TextEquiv>
                        <Unicode>publiciste,</Unicode>
                    </TextEquiv>
                    <TextStyle fontFamily="Times New Roman" fontSize="11.0"/>
                </Word>
                <Word id="w_w1aab1b1b2b5b1b2c87" language="English" custom="readingOrder {index:7;}">
                    <Coords points="1426,504 1571,504 1571,550 1426,550"/>
                    <TextEquiv>
                        <Unicode>député</Unicode>
                    </TextEquiv>
                    <TextStyle fontFamily="Times New Roman" fontSize="11.0"/>
                </Word>
                <Word id="w_w1aab1b1b2b5b1b2d101" language="English" custom="readingOrder {index:8;}">
                    <Coords points="1593,505 1640,505 1640,539 1593,539"/>
                    <TextEquiv>
                        <Unicode>de</Unicode>
                    </TextEquiv>
                    <TextStyle fontFamily="Times New Roman" fontSize="11.0"/>
                </Word>
                <TextEquiv>
                    <Unicode>4487 Simon (Jules), célèbre philosophe et publiciste, député de</Unicode>
                </TextEquiv>
            </TextLine>
            <TextEquiv>
                <Unicode>4487 Simon (Jules), célèbre philosophe et publiciste, député de</Unicode>
            </TextEquiv>
        </TextRegion>
        <TextRegion type="paragraph" id="r_1_4" custom="readingOrder {index:4;}">
            <Coords points="288,547 1644,547 1644,640 288,640"/>
            <TextLine id="tl_8" primaryLanguage="English" custom="readingOrder {index:0;}">
                <Coords points="289,548 1643,548 1643,594 289,594"/>
                <Baseline points="289,584 1643,584"/>
                <Word id="w_w1aab1b1b2b7b1ab1" language="English" custom="readingOrder {index:0;}">
                    <Coords points="289,549 416,549 416,593 289,593"/>
                    <TextEquiv>
                        <Unicode>Paris,</Unicode>
                    </TextEquiv>
                    <TextStyle fontFamily="Times New Roman" fontSize="11.0"/>
                </Word>
                <Word id="w_w1aab1b1b2b7b1ac15" language="English" custom="readingOrder {index:1;}">
                    <Coords points="437,548 486,548 486,584 437,584"/>
                    <TextEquiv>
                        <Unicode>né</Unicode>
                    </TextEquiv>
                    <TextStyle fontFamily="Times New Roman" fontSize="11.0"/>
                </Word>
                <Word id="w_w1aab1b1b2b7b1ac21" language="English" custom="readingOrder {index:2;}">
                    <Coords points="507,550 529,550 529,584 507,584"/>
                    <TextEquiv>
                        <Unicode>à</Unicode>
                    </TextEquiv>
                    <TextStyle fontFamily="Times New Roman" fontSize="11.0"/>
                </Word>
                <Word id="w_w1aab1b1b2b7b1ac25" language="English" custom="readingOrder {index:3;}">
                    <Coords points="545,549 724,549 724,585 545,585"/>
                    <TextEquiv>
                        <Unicode>Lorient.</Unicode>
                    </TextEquiv>
                    <TextStyle fontFamily="Times New Roman" fontSize="11.0"/>
                </Word>
                <Word id="w_w1aab1b1b2b7b1ac43" language="English" custom="readingOrder {index:4;}">
                    <Coords points="744,569 786,569 786,575 744,575"/>
                    <TextEquiv>
                        <Unicode>—</Unicode>
                    </TextEquiv>
                    <TextStyle fontFamily="Times New Roman" fontSize="11.0"/>
                </Word>
                <Word id="w_w1aab1b1b2b7b1ac47" language="English" custom="readingOrder {index:5;}">
                    <Coords points="805,549 847,549 847,584 805,584"/>
                    <TextEquiv>
                        <Unicode>L.</Unicode>
                    </TextEquiv>
                    <TextStyle fontFamily="Times New Roman" fontSize="11.0"/>
                </Word>
                <Word id="w_w1aab1b1b2b7b1ac53" language="English" custom="readingOrder {index:6;}">
                    <Coords points="870,560 904,560 904,585 870,585"/>
                    <TextEquiv>
                        <Unicode>a.</Unicode>
                    </TextEquiv>
                    <TextStyle fontFamily="Times New Roman" fontSize="11.0"/>
                </Word>
                <Word id="w_w1aab1b1b2b7b1ac59" language="English" custom="readingOrder {index:7;}">
                    <Coords points="926,560 956,560 956,585 926,585"/>
                    <TextEquiv>
                        <Unicode>s.</Unicode>
                    </TextEquiv>
                    <TextStyle fontFamily="Times New Roman" fontSize="11.0"/>
                </Word>
                <Word id="w_w1aab1b1b2b7b1ac65" language="English" custom="readingOrder {index:8;}">
                    <Coords points="972,550 1006,550 1006,594 972,594"/>
                    <TextEquiv>
                        <Unicode>(à</Unicode>
                    </TextEquiv>
                    <TextStyle fontFamily="Times New Roman" fontSize="11.0"/>
                </Word>
                <Word id="w_w1aab1b1b2b7b1ac71" language="English" custom="readingOrder {index:9;}">
                    <Coords points="1024,550 1075,550 1075,585 1024,585"/>
                    <TextEquiv>
                        <Unicode>M.</Unicode>
                    </TextEquiv>
                    <TextStyle fontFamily="Times New Roman" fontSize="11.0"/>
                </Word>
                <Word id="w_w1aab1b1b2b7b1ac77" language="English" custom="readingOrder {index:10;}">
                    <Coords points="1099,549 1307,549 1307,594 1099,594"/>
                    <TextEquiv>
                        <Unicode>Gromier);</Unicode>
                    </TextEquiv>
                    <TextStyle fontFamily="Times New Roman" fontSize="11.0"/>
                </Word>
                <Word id="w_w1aab1b1b2b7b1ac97" language="English" custom="readingOrder {index:11;}">
                    <Coords points="1328,549 1457,549 1457,593 1328,593"/>
                    <TextEquiv>
                        <Unicode>Paris,</Unicode>
                    </TextEquiv>
                    <TextStyle fontFamily="Times New Roman" fontSize="11.0"/>
                </Word>
                <Word id="w_w1aab1b1b2b7b1ad111" language="English" custom="readingOrder {index:12;}">
                    <Coords points="1494,552 1537,552 1537,585 1494,585"/>
                    <TextEquiv>
                        <Unicode>23</Unicode>
                    </TextEquiv>
                    <TextStyle fontFamily="Times New Roman" fontSize="11.0"/>
                </Word>
                <Word id="w_w1aab1b1b2b7b1ad117" language="English" custom="readingOrder {index:13;}">
                    <Coords points="1564,550 1643,550 1643,584 1564,584"/>
                    <TextEquiv>
                        <Unicode>mai</Unicode>
                    </TextEquiv>
                    <TextStyle fontFamily="Times New Roman" fontSize="11.0"/>
                </Word>
                <TextEquiv>
                    <Unicode>Paris, né à Lorient. — L. a. s. (à M. Gromier); Paris, 23 mai</Unicode>
                </TextEquiv>
                <TextStyle fontFamily="Times New Roman" fontSize="11.0"/>
            </TextLine>
            <TextLine id="tl_9" primaryLanguage="English" custom="readingOrder {index:1;}">
                <Coords points="292,593 1643,593 1643,639 292,639"/>
                <Baseline points="292,629 1643,629"/>
                <Word id="w_w1aab1b1b2b7b3ab1" language="English" custom="readingOrder {index:0;}">
                    <Coords points="292,595 389,595 389,636 292,636"/>
                    <TextEquiv>
                        <Unicode>1868,</Unicode>
                    </TextEquiv>
                    <TextStyle fontFamily="Times New Roman" fontSize="11.0"/>
                </Word>
                <Word id="w_w1aab1b1b2b7b3ac13" language="English" custom="readingOrder {index:1;}">
                    <Coords points="409,597 430,597 430,630 409,630"/>
                    <TextEquiv>
                        <Unicode>3</Unicode>
                    </TextEquiv>
                    <TextStyle fontFamily="Times New Roman" fontSize="11.0"/>
                </Word>
                <Word id="w_w1aab1b1b2b7b3ac17" language="English" custom="readingOrder {index:2;}">
                    <Coords points="450,604 485,604 485,639 450,639"/>
                    <TextEquiv>
                        <Unicode>p.</Unicode>
                    </TextEquiv>
                    <TextStyle fontFamily="Times New Roman" fontSize="11.0"/>
                </Word>
                <Word id="w_w1aab1b1b2b7b3ac23" language="English" custom="readingOrder {index:3;}">
                    <Coords points="507,593 600,593 600,628 507,628"/>
                    <TextEquiv>
                        <Unicode>in-8.</Unicode>
                    </TextEquiv>
                    <TextStyle fontFamily="Times New Roman" fontSize="11.0"/>
                </Word>
                <Word id="w_w1aab1b1b2b7b3ac35" language="English" custom="readingOrder {index:4;}">
                    <Coords points="1558,597 1579,597 1579,629 1558,629"/>
                    <TextEquiv>
                        <Unicode>6</Unicode>
                    </TextEquiv>
                    <TextStyle fontFamily="Times New Roman" fontSize="11.0"/>
                </Word>
                <Word id="w_w1aab1b1b2b7b3ac39" language="English" custom="readingOrder {index:5;}">
                    <Coords points="1626,606 1643,606 1643,626 1626,626"/>
                    <TextEquiv>
                        <Unicode>»</Unicode>
                    </TextEquiv>
                    <TextStyle fontFamily="Times New Roman" fontSize="11.0"/>
                </Word>
                <TextEquiv>
                    <Unicode>1868, 3 p. in-8. 6 »</Unicode>
                </TextEquiv>
                <TextStyle fontFamily="Times New Roman" fontSize="11.0"/>
            </TextLine>
            <TextEquiv>
                <Unicode>Paris, né à Lorient. — L. a. s. (à M. Gromier); Paris, 23 mai
1868, 3 p. in-8. 6 »</Unicode>
            </TextEquiv>
        </TextRegion>
        <TextRegion type="paragraph" id="r_1_5" custom="readingOrder {index:5;}">
            <Coords points="292,637 1647,637 1647,872 292,872"/>
            <TextLine id="tl_10" primaryLanguage="English" custom="readingOrder {index:0;}">
                <Coords points="336,638 1646,638 1646,670 336,670"/>
                <Baseline points="336,669 1646,669"/>
                <Word id="w_w1aab1b1b2b9b1ab1" language="English" custom="readingOrder {index:0;}">
                    <Coords points="336,639 410,639 410,670 336,670"/>
                    <TextEquiv>
                        <Unicode>Belle</Unicode>
                    </TextEquiv>
                    <TextStyle fontFamily="Times New Roman" fontSize="8.0"/>
                </Word>
                <Word id="w_w1aab1b1b2b9b1ac13" language="English" custom="readingOrder {index:1;}">
                    <Coords points="429,643 458,643 458,669 429,669"/>
                    <TextEquiv>
                        <Unicode>et</Unicode>
                    </TextEquiv>
                    <TextStyle fontFamily="Times New Roman" fontSize="8.0"/>
                </Word>
                <Word id="w_w1aab1b1b2b9b1ac19" language="English" custom="readingOrder {index:2;}">
                    <Coords points="472,638 663,638 663,669 472,669"/>
                    <TextEquiv>
                        <Unicode>intéressante</Unicode>
                    </TextEquiv>
                    <TextStyle fontFamily="Times New Roman" fontSize="8.0"/>
                </Word>
                <Word id="w_w1aab1b1b2b9b1ac45" language="English" custom="readingOrder {index:3;}">
                    <Coords points="678,639 763,639 763,669 678,669"/>
                    <TextEquiv>
                        <Unicode>lettre</Unicode>
                    </TextEquiv>
                    <TextStyle fontFamily="Times New Roman" fontSize="8.0"/>
                </Word>
                <Word id="w_w1aab1b1b2b9b1ac59" language="English" custom="readingOrder {index:4;}">
                    <Coords points="776,640 854,640 854,668 776,668"/>
                    <TextEquiv>
                        <Unicode>toute</Unicode>
                    </TextEquiv>
                    <TextStyle fontFamily="Times New Roman" fontSize="8.0"/>
                </Word>
                <Word id="w_w1aab1b1b2b9b1ac71" language="English" custom="readingOrder {index:5;}">
                    <Coords points="870,638 989,638 989,669 870,669"/>
                    <TextEquiv>
                        <Unicode>relative</Unicode>
                    </TextEquiv>
                    <TextStyle fontFamily="Times New Roman" fontSize="8.0"/>
                </Word>
                <Word id="w_w1aab1b1b2b9b1ac89" language="English" custom="readingOrder {index:6;}">
                    <Coords points="1007,646 1024,646 1024,667 1007,667"/>
                    <TextEquiv>
                        <Unicode>a</Unicode>
                    </TextEquiv>
                    <TextStyle fontFamily="Times New Roman" fontSize="8.0"/>
                </Word>
                <Word id="w_w1aab1b1b2b9b1ac93" language="English" custom="readingOrder {index:7;}">
                    <Coords points="1046,638 1073,638 1073,668 1046,668"/>
                    <TextEquiv>
                        <Unicode>la</Unicode>
                    </TextEquiv>
                    <TextStyle fontFamily="Times New Roman" fontSize="8.0"/>
                </Word>
                <Word id="w_w1aab1b1b2b9b1ac99" language="English" custom="readingOrder {index:8;}">
                    <Coords points="1091,639 1210,639 1210,670 1091,670"/>
                    <TextEquiv>
                        <Unicode>marche</Unicode>
                    </TextEquiv>
                    <TextStyle fontFamily="Times New Roman" fontSize="8.0"/>
                </Word>
                <Word id="w_w1aab1b1b2b9b1ad113" language="English" custom="readingOrder {index:9;}">
                    <Coords points="1239,639 1255,639 1255,668 1239,668"/>
                    <TextEquiv>
                        <Unicode>à</Unicode>
                    </TextEquiv>
                    <TextStyle fontFamily="Times New Roman" fontSize="8.0"/>
                </Word>
                <Word id="w_w1aab1b1b2b9b1ad117" language="English" custom="readingOrder {index:10;}">
                    <Coords points="1285,638 1383,638 1383,669 1285,669"/>
                    <TextEquiv>
                        <Unicode>suivre</Unicode>
                    </TextEquiv>
                    <TextStyle fontFamily="Times New Roman" fontSize="8.0"/>
                </Word>
                <Word id="w_w1aab1b1b2b9b1ad131" language="English" custom="readingOrder {index:11;}">
                    <Coords points="1403,638 1475,638 1475,668 1403,668"/>
                    <TextEquiv>
                        <Unicode>dans</Unicode>
                    </TextEquiv>
                    <TextStyle fontFamily="Times New Roman" fontSize="8.0"/>
                </Word>
                <Word id="w_w1aab1b1b2b9b1ad141" language="English" custom="readingOrder {index:12;}">
                    <Coords points="1502,639 1545,639 1545,669 1502,669"/>
                    <TextEquiv>
                        <Unicode>les</Unicode>
                    </TextEquiv>
                    <TextStyle fontFamily="Times New Roman" fontSize="8.0"/>
                </Word>
                <Word id="w_w1aab1b1b2b9b1ad149" language="English" custom="readingOrder {index:13;}">
                    <Coords points="1569,638 1646,638 1646,669 1569,669"/>
                    <TextEquiv>
                        <Unicode>élec¬</Unicode>
                    </TextEquiv>
                    <TextStyle fontFamily="Times New Roman" fontSize="8.0"/>
                </Word>
                <TextEquiv>
                    <Unicode>Belle et intéressante lettre toute relative a la marche à suivre dans les élec¬</Unicode>
                </TextEquiv>
                <TextStyle fontFamily="Times New Roman" fontSize="8.0"/>
            </TextLine>
            <TextLine id="tl_11" primaryLanguage="English" custom="readingOrder {index:1;}">
                <Coords points="295,677 1643,677 1643,715 295,715"/>
                <Baseline points="295,707 1643,707"/>
                <Word id="w_w1aab1b1b2b9b3ab1" language="English" custom="readingOrder {index:0;}">
                    <Coords points="295,678 369,678 369,708 295,708"/>
                    <TextEquiv>
                        <Unicode>tions</Unicode>
                    </TextEquiv>
                    <TextStyle fontFamily="Times New Roman" fontSize="8.0"/>
                </Word>
                <Word id="w_w1aab1b1b2b9b3ac13" language="English" custom="readingOrder {index:1;}">
                    <Coords points="382,678 415,678 415,708 382,708"/>
                    <TextEquiv>
                        <Unicode>de</Unicode>
                    </TextEquiv>
                    <TextStyle fontFamily="Times New Roman" fontSize="8.0"/>
                </Word>
                <Word id="w_w1aab1b1b2b9b3ac19" language="English" custom="readingOrder {index:2;}">
                    <Coords points="435,677 521,677 521,709 435,709"/>
                    <TextEquiv>
                        <Unicode>1869.</Unicode>
                    </TextEquiv>
                    <TextStyle fontFamily="Times New Roman" fontSize="8.0"/>
                </Word>
                <Word id="w_w1aab1b1b2b9b3ac31" language="English" custom="readingOrder {index:3;}">
                    <Coords points="535,678 594,678 594,708 535,708"/>
                    <TextEquiv>
                        <Unicode>Son</Unicode>
                    </TextEquiv>
                    <TextStyle fontFamily="Times New Roman" fontSize="8.0"/>
                </Word>
                <Word id="w_w1aab1b1b2b9b3ac39" language="English" custom="readingOrder {index:4;}">
                    <Coords points="609,678 726,678 726,715 609,715"/>
                    <TextEquiv>
                        <Unicode>opinion</Unicode>
                    </TextEquiv>
                    <TextStyle fontFamily="Times New Roman" fontSize="8.0"/>
                </Word>
                <Word id="w_w1aab1b1b2b9b3ac55" language="English" custom="readingOrder {index:5;}">
                    <Coords points="742,686 774,686 774,708 742,708"/>
                    <TextEquiv>
                        <Unicode>se</Unicode>
                    </TextEquiv>
                    <TextStyle fontFamily="Times New Roman" fontSize="8.0"/>
                </Word>
                <Word id="w_w1aab1b1b2b9b3ac61" language="English" custom="readingOrder {index:6;}">
                    <Coords points="791,677 908,677 908,708 791,708"/>
                    <TextEquiv>
                        <Unicode>résume</Unicode>
                    </TextEquiv>
                    <TextStyle fontFamily="Times New Roman" fontSize="8.0"/>
                </Word>
                <Word id="w_w1aab1b1b2b9b3ac75" language="English" custom="readingOrder {index:7;}">
                    <Coords points="921,677 993,677 993,707 921,707"/>
                    <TextEquiv>
                        <Unicode>ainsi</Unicode>
                    </TextEquiv>
                    <TextStyle fontFamily="Times New Roman" fontSize="8.0"/>
                </Word>
                <Word id="w_w1aab1b1b2b9b3ac87" language="English" custom="readingOrder {index:8;}">
                    <Coords points="1008,690 1014,690 1014,707 1008,707"/>
                    <TextEquiv>
                        <Unicode>:</Unicode>
                    </TextEquiv>
                    <TextStyle fontFamily="Times New Roman" fontSize="8.0"/>
                </Word>
                <Word id="w_w1aab1b1b2b9b3ac91" language="English" custom="readingOrder {index:9;}">
                    <Coords points="1038,678 1186,678 1186,708 1038,708"/>
                    <TextEquiv>
                        <Unicode>exclusion</Unicode>
                    </TextEquiv>
                    <TextStyle fontFamily="Times New Roman" fontSize="8.0"/>
                </Word>
                <Word id="w_w1aab1b1b2b9b3ad111" language="English" custom="readingOrder {index:10;}">
                    <Coords points="1205,677 1331,677 1331,708 1205,708"/>
                    <TextEquiv>
                        <Unicode>radicale</Unicode>
                    </TextEquiv>
                    <TextStyle fontFamily="Times New Roman" fontSize="8.0"/>
                </Word>
                <Word id="w_w1aab1b1b2b9b3ad129" language="English" custom="readingOrder {index:11;}">
                    <Coords points="1355,679 1391,679 1391,708 1355,708"/>
                    <TextEquiv>
                        <Unicode>de</Unicode>
                    </TextEquiv>
                    <TextStyle fontFamily="Times New Roman" fontSize="8.0"/>
                </Word>
                <Word id="w_w1aab1b1b2b9b3ad135" language="English" custom="readingOrder {index:12;}">
                    <Coords points="1410,680 1490,680 1490,708 1410,708"/>
                    <TextEquiv>
                        <Unicode>toute</Unicode>
                    </TextEquiv>
                    <TextStyle fontFamily="Times New Roman" fontSize="8.0"/>
                </Word>
                <Word id="w_w1aab1b1b2b9b3ad147" language="English" custom="readingOrder {index:13;}">
                    <Coords points="1503,678 1643,678 1643,708 1503,708"/>
                    <TextEquiv>
                        <Unicode>candida¬</Unicode>
                    </TextEquiv>
                    <TextStyle fontFamily="Times New Roman" fontSize="8.0"/>
                </Word>
                <TextEquiv>
                    <Unicode>tions de 1869. Son opinion se résume ainsi : exclusion radicale de toute candida¬</Unicode>
                </TextEquiv>
                <TextStyle fontFamily="Times New Roman" fontSize="8.0"/>
            </TextLine>
            <TextLine id="tl_12" primaryLanguage="English" custom="readingOrder {index:2;}">
                <Coords points="296,716 1646,716 1646,755 296,755"/>
                <Baseline points="296,746 1646,746"/>
                <Word id="w_w1aab1b1b2b9b5ab1" language="English" custom="readingOrder {index:0;}">
                    <Coords points="296,720 359,720 359,747 296,747"/>
                    <TextEquiv>
                        <Unicode>ture</Unicode>
                    </TextEquiv>
                    <TextStyle fontFamily="Times New Roman" fontSize="8.0"/>
                </Word>
                <Word id="w_w1aab1b1b2b9b5ac11" language="English" custom="readingOrder {index:1;}">
                    <Coords points="377,716 523,716 523,754 377,754"/>
                    <TextEquiv>
                        <Unicode>officielle;</Unicode>
                    </TextEquiv>
                    <TextStyle fontFamily="Times New Roman" fontSize="8.0"/>
                </Word>
                <Word id="w_w1aab1b1b2b9b5ac35" language="English" custom="readingOrder {index:2;}">
                    <Coords points="542,716 758,716 758,754 542,754"/>
                    <TextEquiv>
                        <Unicode>multiplication</Unicode>
                    </TextEquiv>
                    <TextStyle fontFamily="Times New Roman" fontSize="8.0"/>
                </Word>
                <Word id="w_w1aab1b1b2b9b5ac65" language="English" custom="readingOrder {index:3;}">
                    <Coords points="777,716 828,716 828,746 777,746"/>
                    <TextEquiv>
                        <Unicode>des</Unicode>
                    </TextEquiv>
                    <TextStyle fontFamily="Times New Roman" fontSize="8.0"/>
                </Word>
                <Word id="w_w1aab1b1b2b9b5ac73" language="English" custom="readingOrder {index:4;}">
                    <Coords points="844,716 1046,716 1046,747 844,747"/>
                    <TextEquiv>
                        <Unicode>candidatures</Unicode>
                    </TextEquiv>
                    <TextStyle fontFamily="Times New Roman" fontSize="8.0"/>
                </Word>
                <Word id="w_w1aab1b1b2b9b5ac99" language="English" custom="readingOrder {index:5;}">
                    <Coords points="1067,725 1103,725 1103,747 1067,747"/>
                    <TextEquiv>
                        <Unicode>au</Unicode>
                    </TextEquiv>
                    <TextStyle fontFamily="Times New Roman" fontSize="8.0"/>
                </Word>
                <Word id="w_w1aab1b1b2b9b5ad105" language="English" custom="readingOrder {index:6;}">
                    <Coords points="1122,718 1248,718 1248,755 1122,755"/>
                    <TextEquiv>
                        <Unicode>premier</Unicode>
                    </TextEquiv>
                    <TextStyle fontFamily="Times New Roman" fontSize="8.0"/>
                </Word>
                <Word id="w_w1aab1b1b2b9b5ad121" language="English" custom="readingOrder {index:7;}">
                    <Coords points="1263,720 1329,720 1329,746 1263,746"/>
                    <TextEquiv>
                        <Unicode>tour</Unicode>
                    </TextEquiv>
                    <TextStyle fontFamily="Times New Roman" fontSize="8.0"/>
                </Word>
                <Word id="w_w1aab1b1b2b9b5ad131" language="English" custom="readingOrder {index:8;}">
                    <Coords points="1344,717 1379,717 1379,747 1344,747"/>
                    <TextEquiv>
                        <Unicode>de</Unicode>
                    </TextEquiv>
                    <TextStyle fontFamily="Times New Roman" fontSize="8.0"/>
                </Word>
                <Word id="w_w1aab1b1b2b9b5ad137" language="English" custom="readingOrder {index:9;}">
                    <Coords points="1396,716 1522,716 1522,753 1396,753"/>
                    <TextEquiv>
                        <Unicode>scrutin,</Unicode>
                    </TextEquiv>
                    <TextStyle fontFamily="Times New Roman" fontSize="8.0"/>
                </Word>
                <Word id="w_w1aab1b1b2b9b5ad155" language="English" custom="readingOrder {index:10;}">
                    <Coords points="1544,717 1646,717 1646,748 1544,748"/>
                    <TextEquiv>
                        <Unicode>devoir</Unicode>
                    </TextEquiv>
                    <TextStyle fontFamily="Times New Roman" fontSize="8.0"/>
                </Word>
                <TextEquiv>
                    <Unicode>ture officielle; multiplication des candidatures au premier tour de scrutin, devoir</Unicode>
                </TextEquiv>
                <TextStyle fontFamily="Times New Roman" fontSize="8.0"/>
            </TextLine>
            <TextLine id="tl_13" primaryLanguage="English" custom="readingOrder {index:3;}">
                <Coords points="293,755 1640,755 1640,794 293,794"/>
                <Baseline points="293,785 1640,785"/>
                <Word id="w_w1aab1b1b2b9b7ab1" language="English" custom="readingOrder {index:0;}">
                    <Coords points="293,755 386,755 386,791 293,791"/>
                    <TextEquiv>
                        <Unicode>strict,</Unicode>
                    </TextEquiv>
                    <TextStyle fontFamily="Times New Roman" fontSize="8.0"/>
                </Word>
                <Word id="w_w1aab1b1b2b9b7ac17" language="English" custom="readingOrder {index:1;}">
                    <Coords points="400,764 436,764 436,785 400,785"/>
                    <TextEquiv>
                        <Unicode>au</Unicode>
                    </TextEquiv>
                    <TextStyle fontFamily="Times New Roman" fontSize="8.0"/>
                </Word>
                <Word id="w_w1aab1b1b2b9b7ac23" language="English" custom="readingOrder {index:2;}">
                    <Coords points="449,756 555,756 555,786 449,786"/>
                    <TextEquiv>
                        <Unicode>second</Unicode>
                    </TextEquiv>
                    <TextStyle fontFamily="Times New Roman" fontSize="8.0"/>
                </Word>
                <Word id="w_w1aab1b1b2b9b7ac37" language="English" custom="readingOrder {index:3;}">
                    <Coords points="574,758 650,758 650,790 574,790"/>
                    <TextEquiv>
                        <Unicode>tour,</Unicode>
                    </TextEquiv>
                    <TextStyle fontFamily="Times New Roman" fontSize="8.0"/>
                </Word>
                <Word id="w_w1aab1b1b2b9b7ac49" language="English" custom="readingOrder {index:4;}">
                    <Coords points="670,755 706,755 706,785 670,785"/>
                    <TextEquiv>
                        <Unicode>de</Unicode>
                    </TextEquiv>
                    <TextStyle fontFamily="Times New Roman" fontSize="8.0"/>
                </Word>
                <Word id="w_w1aab1b1b2b9b7ac55" language="English" custom="readingOrder {index:5;}">
                    <Coords points="723,763 754,763 754,786 723,786"/>
                    <TextEquiv>
                        <Unicode>se</Unicode>
                    </TextEquiv>
                    <TextStyle fontFamily="Times New Roman" fontSize="8.0"/>
                </Word>
                <Word id="w_w1aab1b1b2b9b7ac61" language="English" custom="readingOrder {index:6;}">
                    <Coords points="775,755 872,755 872,786 775,786"/>
                    <TextEquiv>
                        <Unicode>rallier</Unicode>
                    </TextEquiv>
                    <TextStyle fontFamily="Times New Roman" fontSize="8.0"/>
                </Word>
                <Word id="w_w1aab1b1b2b9b7ac77" language="English" custom="readingOrder {index:7;}">
                    <Coords points="896,758 912,758 912,785 896,785"/>
                    <TextEquiv>
                        <Unicode>à</Unicode>
                    </TextEquiv>
                    <TextStyle fontFamily="Times New Roman" fontSize="8.0"/>
                </Word>
                <Word id="w_w1aab1b1b2b9b7ac81" language="English" custom="readingOrder {index:8;}">
                    <Coords points="930,756 1094,756 1094,793 930,793"/>
                    <TextEquiv>
                        <Unicode>l’opposant</Unicode>
                    </TextEquiv>
                    <TextStyle fontFamily="Times New Roman" fontSize="8.0"/>
                </Word>
                <Word id="w_w1aab1b1b2b9b7ad103" language="English" custom="readingOrder {index:9;}">
                    <Coords points="1111,758 1158,758 1158,793 1111,793"/>
                    <TextEquiv>
                        <Unicode>qui</Unicode>
                    </TextEquiv>
                    <TextStyle fontFamily="Times New Roman" fontSize="8.0"/>
                </Word>
                <Word id="w_w1aab1b1b2b9b7ad111" language="English" custom="readingOrder {index:10;}">
                    <Coords points="1179,763 1195,763 1195,786 1179,786"/>
                    <TextEquiv>
                        <Unicode>a</Unicode>
                    </TextEquiv>
                    <TextStyle fontFamily="Times New Roman" fontSize="8.0"/>
                </Word>
                <Word id="w_w1aab1b1b2b9b7ad115" language="English" custom="readingOrder {index:11;}">
                    <Coords points="1214,764 1249,764 1249,787 1214,787"/>
                    <TextEquiv>
                        <Unicode>eu</Unicode>
                    </TextEquiv>
                    <TextStyle fontFamily="Times New Roman" fontSize="8.0"/>
                </Word>
                <Word id="w_w1aab1b1b2b9b7ad121" language="English" custom="readingOrder {index:12;}">
                    <Coords points="1269,756 1296,756 1296,785 1269,785"/>
                    <TextEquiv>
                        <Unicode>le</Unicode>
                    </TextEquiv>
                    <TextStyle fontFamily="Times New Roman" fontSize="8.0"/>
                </Word>
                <Word id="w_w1aab1b1b2b9b7ad127" language="English" custom="readingOrder {index:13;}">
                    <Coords points="1313,756 1379,756 1379,794 1313,794"/>
                    <TextEquiv>
                        <Unicode>plus</Unicode>
                    </TextEquiv>
                    <TextStyle fontFamily="Times New Roman" fontSize="8.0"/>
                </Word>
                <Word id="w_w1aab1b1b2b9b7ad137" language="English" custom="readingOrder {index:14;}">
                    <Coords points="1403,756 1438,756 1438,785 1403,785"/>
                    <TextEquiv>
                        <Unicode>de</Unicode>
                    </TextEquiv>
                    <TextStyle fontFamily="Times New Roman" fontSize="8.0"/>
                </Word>
                <Word id="w_w1aab1b1b2b9b7ad143" language="English" custom="readingOrder {index:15;}">
                    <Coords points="1469,756 1534,756 1534,786 1469,786"/>
                    <TextEquiv>
                        <Unicode>voix</Unicode>
                    </TextEquiv>
                    <TextStyle fontFamily="Times New Roman" fontSize="8.0"/>
                </Word>
                <Word id="w_w1aab1b1b2b9b7ad153" language="English" custom="readingOrder {index:16;}">
                    <Coords points="1553,770 1561,770 1561,792 1553,792"/>
                    <TextEquiv>
                        <Unicode>;</Unicode>
                    </TextEquiv>
                    <TextStyle fontFamily="Times New Roman" fontSize="8.0"/>
                </Word>
                <Word id="w_w1aab1b1b2b9b7ad157" language="English" custom="readingOrder {index:17;}">
                    <Coords points="1580,757 1640,757 1640,787 1580,787"/>
                    <TextEquiv>
                        <Unicode>ins¬</Unicode>
                    </TextEquiv>
                    <TextStyle fontFamily="Times New Roman" fontSize="8.0"/>
                </Word>
                <TextEquiv>
                    <Unicode>strict, au second tour, de se rallier à l’opposant qui a eu le plus de voix ; ins¬</Unicode>
                </TextEquiv>
                <TextStyle fontFamily="Times New Roman" fontSize="8.0"/>
            </TextLine>
            <TextLine id="tl_14" primaryLanguage="English" custom="readingOrder {index:4;}">
                <Coords points="294,793 1642,793 1642,832 294,832"/>
                <Baseline points="294,824 1642,824"/>
                <Word id="w_w1aab1b1b2b9b9ab1" language="English" custom="readingOrder {index:0;}">
                    <Coords points="294,795 417,795 417,825 294,825"/>
                    <TextEquiv>
                        <Unicode>truction</Unicode>
                    </TextEquiv>
                    <TextStyle fontFamily="Times New Roman" fontSize="8.0"/>
                </Word>
                <Word id="w_w1aab1b1b2b9b9ac19" language="English" custom="readingOrder {index:1;}">
                    <Coords points="435,795 570,795 570,832 435,832"/>
                    <TextEquiv>
                        <Unicode>primaire</Unicode>
                    </TextEquiv>
                    <TextStyle fontFamily="Times New Roman" fontSize="8.0"/>
                </Word>
                <Word id="w_w1aab1b1b2b9b9ac37" language="English" custom="readingOrder {index:2;}">
                    <Coords points="588,795 710,795 710,832 588,832"/>
                    <TextEquiv>
                        <Unicode>gratuite</Unicode>
                    </TextEquiv>
                    <TextStyle fontFamily="Times New Roman" fontSize="8.0"/>
                </Word>
                <Word id="w_w1aab1b1b2b9b9ac55" language="English" custom="readingOrder {index:3;}">
                    <Coords points="727,798 754,798 754,824 727,824"/>
                    <TextEquiv>
                        <Unicode>et</Unicode>
                    </TextEquiv>
                    <TextStyle fontFamily="Times New Roman" fontSize="8.0"/>
                </Word>
                <Word id="w_w1aab1b1b2b9b9ac61" language="English" custom="readingOrder {index:4;}">
                    <Coords points="771,793 956,793 956,832 771,832"/>
                    <TextEquiv>
                        <Unicode>obligatoire;</Unicode>
                    </TextEquiv>
                    <TextStyle fontFamily="Times New Roman" fontSize="8.0"/>
                </Word>
                <Word id="w_w1aab1b1b2b9b9ac87" language="English" custom="readingOrder {index:5;}">
                    <Coords points="972,795 1209,795 1209,825 972,825"/>
                    <TextEquiv>
                        <Unicode>transformation</Unicode>
                    </TextEquiv>
                    <TextStyle fontFamily="Times New Roman" fontSize="8.0"/>
                </Word>
                <Word id="w_w1aab1b1b2b9b9ad117" language="English" custom="readingOrder {index:6;}">
                    <Coords points="1238,794 1360,794 1360,825 1238,825"/>
                    <TextEquiv>
                        <Unicode>libérale</Unicode>
                    </TextEquiv>
                    <TextStyle fontFamily="Times New Roman" fontSize="8.0"/>
                </Word>
                <Word id="w_w1aab1b1b2b9b9ad135" language="English" custom="readingOrder {index:7;}">
                    <Coords points="1385,795 1438,795 1438,825 1385,825"/>
                    <TextEquiv>
                        <Unicode>des</Unicode>
                    </TextEquiv>
                    <TextStyle fontFamily="Times New Roman" fontSize="8.0"/>
                </Word>
                <Word id="w_w1aab1b1b2b9b9ad143" language="English" custom="readingOrder {index:8;}">
                    <Coords points="1468,795 1526,795 1526,827 1468,827"/>
                    <TextEquiv>
                        <Unicode>lois</Unicode>
                    </TextEquiv>
                    <TextStyle fontFamily="Times New Roman" fontSize="8.0"/>
                </Word>
                <Word id="w_w1aab1b1b2b9b9ad153" language="English" custom="readingOrder {index:9;}">
                    <Coords points="1544,803 1595,803 1595,827 1544,827"/>
                    <TextEquiv>
                        <Unicode>sur</Unicode>
                    </TextEquiv>
                    <TextStyle fontFamily="Times New Roman" fontSize="8.0"/>
                </Word>
                <Word id="w_w1aab1b1b2b9b9ad161" language="English" custom="readingOrder {index:10;}">
                    <Coords points="1614,795 1642,795 1642,826 1614,826"/>
                    <TextEquiv>
                        <Unicode>la</Unicode>
                    </TextEquiv>
                    <TextStyle fontFamily="Times New Roman" fontSize="8.0"/>
                </Word>
                <TextEquiv>
                    <Unicode>truction primaire gratuite et obligatoire; transformation libérale des lois sur la</Unicode>
                </TextEquiv>
                <TextStyle fontFamily="Times New Roman" fontSize="8.0"/>
            </TextLine>
            <TextLine id="tl_15" primaryLanguage="English" custom="readingOrder {index:5;}">
                <Coords points="297,833 855,833 855,871 297,871"/>
                <Baseline points="297,864 855,864"/>
                <Word id="w_w1aab1b1b2b9c11ab1" language="English" custom="readingOrder {index:0;}">
                    <Coords points="297,841 409,841 409,871 297,871"/>
                    <TextEquiv>
                        <Unicode>presse,</Unicode>
                    </TextEquiv>
                    <TextStyle fontFamily="Times New Roman" fontSize="8.0"/>
                </Word>
                <Word id="w_w1aab1b1b2b9c11ac17" language="English" custom="readingOrder {index:1;}">
                    <Coords points="422,834 551,834 551,869 422,869"/>
                    <TextEquiv>
                        <Unicode>l'armée,</Unicode>
                    </TextEquiv>
                    <TextStyle fontFamily="Times New Roman" fontSize="8.0"/>
                </Word>
                <Word id="w_w1aab1b1b2b9c11ac35" language="English" custom="readingOrder {index:2;}">
                    <Coords points="571,834 612,834 612,864 571,864"/>
                    <TextEquiv>
                        <Unicode>les</Unicode>
                    </TextEquiv>
                    <TextStyle fontFamily="Times New Roman" fontSize="8.0"/>
                </Word>
                <Word id="w_w1aab1b1b2b9c11ac43" language="English" custom="readingOrder {index:3;}">
                    <Coords points="630,833 779,833 779,867 630,867"/>
                    <TextEquiv>
                        <Unicode>réunions,</Unicode>
                    </TextEquiv>
                    <TextStyle fontFamily="Times New Roman" fontSize="8.0"/>
                </Word>
                <Word id="w_w1aab1b1b2b9c11ac63" language="English" custom="readingOrder {index:4;}">
                    <Coords points="802,836 855,836 855,863 802,863"/>
                    <TextEquiv>
                        <Unicode>etc.</Unicode>
                    </TextEquiv>
                    <TextStyle fontFamily="Times New Roman" fontSize="8.0"/>
                </Word>
                <TextEquiv>
                    <Unicode>presse, l'armée, les réunions, etc.</Unicode>
                </TextEquiv>
                <TextStyle fontFamily="Times New Roman" fontSize="8.0"/>
            </TextLine>
            <TextEquiv>
                <Unicode>Belle et intéressante lettre toute relative a la marche à suivre dans les élec¬
tions de 1869. Son opinion se résume ainsi : exclusion radicale de toute candida¬
ture officielle; multiplication des candidatures au premier tour de scrutin, devoir
strict, au second tour, de se rallier à l’opposant qui a eu le plus de voix ; ins¬
truction primaire gratuite et obligatoire; transformation libérale des lois sur la
presse, l'armée, les réunions, etc.</Unicode>
            </TextEquiv>
        </TextRegion>
        <TextRegion type="paragraph" id="r_1_6" custom="readingOrder {index:6;}">
            <Coords points="177,886 1647,886 1647,937 177,937"/>
            <TextLine id="tl_16" primaryLanguage="English" custom="readingOrder {index:0;}">
                <Coords points="178,887 1646,887 1646,936 178,936"/>
                <Baseline points="178,922 1646,922"/>
                <Word id="w_w1aab1b1b2c11b1ab1" language="English" custom="readingOrder {index:0;}">
                    <Coords points="178,889 264,889 264,924 178,924"/>
                    <TextEquiv>
                        <Unicode>4488</Unicode>
                    </TextEquiv>
                    <TextStyle fontFamily="Times New Roman" fontSize="11.0"/>
                </Word>
                <Word id="w_w1aab1b1b2c11b1b1b1" language="English" custom="readingOrder {index:1;}">
                    <Coords points="288,888 410,888 410,932 288,932"/>
                    <TextEquiv>
                        <Unicode>Staël</Unicode>
                    </TextEquiv>
                    <TextStyle fontFamily="Times New Roman" fontSize="10.5" bold="true"/>
                </Word>
                <Word id="w_w1aab1b1b2c11b1b2b1" language="English" custom="readingOrder {index:2;}">
                    <Coords points="428,887 479,887 479,932 428,932"/>
                    <TextEquiv>
                        <Unicode>(M</Unicode>
                    </TextEquiv>
                    <TextStyle fontFamily="Times New Roman" fontSize="11.0"/>
                </Word>
                <Word id="w_w1aab1b1b2c11b1b3b1" language="English" custom="readingOrder {index:3;}">
                    <Coords points="485,894 521,894 521,909 485,909"/>
                    <TextEquiv>
                        <Unicode>m&lt;!</Unicode>
                    </TextEquiv>
                    <TextStyle fontFamily="Times New Roman" fontSize="11.0" superscript="true"/>
                </Word>
                <Word id="w_w1aab1b1b2c11b1b4b3" language="English" custom="readingOrder {index:4;}">
                    <Coords points="541,887 613,887 613,932 541,932"/>
                    <TextEquiv>
                        <Unicode>de),</Unicode>
                    </TextEquiv>
                    <TextStyle fontFamily="Times New Roman" fontSize="11.0"/>
                </Word>
                <Word id="w_w1aab1b1b2c11b1b4c13" language="English" custom="readingOrder {index:5;}">
                    <Coords points="629,888 667,888 667,923 629,923"/>
                    <TextEquiv>
                        <Unicode>la</Unicode>
                    </TextEquiv>
                    <TextStyle fontFamily="Times New Roman" fontSize="11.0"/>
                </Word>
                <Word id="w_w1aab1b1b2c11b1b4c19" language="English" custom="readingOrder {index:6;}">
                    <Coords points="690,887 838,887 838,932 690,932"/>
                    <TextEquiv>
                        <Unicode>grande</Unicode>
                    </TextEquiv>
                    <TextStyle fontFamily="Times New Roman" fontSize="11.0"/>
                </Word>
                <Word id="w_w1aab1b1b2c11b1b4c33" language="English" custom="readingOrder {index:7;}">
                    <Coords points="860,888 1078,888 1078,932 860,932"/>
                    <TextEquiv>
                        <Unicode>prosatrice</Unicode>
                    </TextEquiv>
                    <TextStyle fontFamily="Times New Roman" fontSize="11.0"/>
                </Word>
                <Word id="w_w1aab1b1b2c11b1b4c55" language="English" custom="readingOrder {index:8;}">
                    <Coords points="1107,887 1316,887 1316,936 1107,936"/>
                    <TextEquiv>
                        <Unicode>française.</Unicode>
                    </TextEquiv>
                    <TextStyle fontFamily="Times New Roman" fontSize="11.0"/>
                </Word>
                <Word id="w_w1aab1b1b2c11b1b4c77" language="English" custom="readingOrder {index:9;}">
                    <Coords points="1357,908 1399,908 1399,913 1357,913"/>
                    <TextEquiv>
                        <Unicode>—</Unicode>
                    </TextEquiv>
                    <TextStyle fontFamily="Times New Roman" fontSize="11.0"/>
                </Word>
                <Word id="w_w1aab1b1b2c11b1b4c81" language="English" custom="readingOrder {index:10;}">
                    <Coords points="1430,888 1474,888 1474,923 1430,923"/>
                    <TextEquiv>
                        <Unicode>L.</Unicode>
                    </TextEquiv>
                    <TextStyle fontFamily="Times New Roman" fontSize="11.0"/>
                </Word>
                <Word id="w_w1aab1b1b2c11b1b4c87" language="English" custom="readingOrder {index:11;}">
                    <Coords points="1513,898 1547,898 1547,923 1513,923"/>
                    <TextEquiv>
                        <Unicode>a.</Unicode>
                    </TextEquiv>
                    <TextStyle fontFamily="Times New Roman" fontSize="11.0"/>
                </Word>
                <Word id="w_w1aab1b1b2c11b1b4c93" language="English" custom="readingOrder {index:12;}">
                    <Coords points="1570,898 1601,898 1601,923 1570,923"/>
                    <TextEquiv>
                        <Unicode>s.</Unicode>
                    </TextEquiv>
                    <TextStyle fontFamily="Times New Roman" fontSize="11.0"/>
                </Word>
                <Word id="w_w1aab1b1b2c11b1b4c99" language="English" custom="readingOrder {index:13;}">
                    <Coords points="1624,889 1646,889 1646,922 1624,922"/>
                    <TextEquiv>
                        <Unicode>à</Unicode>
                    </TextEquiv>
                    <TextStyle fontFamily="Times New Roman" fontSize="11.0"/>
                </Word>
                <TextEquiv>
                    <Unicode>4488 Staël (Mme de), la grande prosatrice française. — L. a. s. à</Unicode>
                </TextEquiv>
            </TextLine>
            <TextEquiv>
                <Unicode>4488 Staël (Mme de), la grande prosatrice française. — L. a. s. à</Unicode>
            </TextEquiv>
        </TextRegion>
        <TextRegion type="paragraph" id="r_1_7" custom="readingOrder {index:7;}">
            <Coords points="289,925 1644,925 1644,979 289,979"/>
            <TextLine id="tl_17" primaryLanguage="English" custom="readingOrder {index:0;}">
                <Coords points="290,926 1643,926 1643,978 290,978"/>
                <Baseline points="290,967 1643,967"/>
                <Word id="w_w1aab1b1b2c13b1ab1" language="English" custom="readingOrder {index:0;}">
                    <Coords points="290,932 488,932 488,977 290,977"/>
                    <TextEquiv>
                        <Unicode>Emmery,</Unicode>
                    </TextEquiv>
                    <TextStyle fontFamily="Times New Roman" fontSize="11.0"/>
                </Word>
                <Word id="w_w1aab1b1b2c13b1ac17" language="English" custom="readingOrder {index:1;}">
                    <Coords points="507,932 651,932 651,977 507,977"/>
                    <TextEquiv>
                        <Unicode>député</Unicode>
                    </TextEquiv>
                    <TextStyle fontFamily="Times New Roman" fontSize="11.0"/>
                </Word>
                <Word id="w_w1aab1b1b2c13b1ac31" language="English" custom="readingOrder {index:2;}">
                    <Coords points="664,945 672,945 672,976 664,976"/>
                    <TextEquiv>
                        <Unicode>;</Unicode>
                    </TextEquiv>
                    <TextStyle fontFamily="Times New Roman" fontSize="11.0"/>
                </Word>
                <Word id="w_w1aab1b1b2c13b1ac35" language="English" custom="readingOrder {index:3;}">
                    <Coords points="694,932 845,932 845,976 694,976"/>
                    <TextEquiv>
                        <Unicode>(Paris),</Unicode>
                    </TextEquiv>
                    <TextStyle fontFamily="Times New Roman" fontSize="11.0"/>
                </Word>
                <Word id="w_w1aab1b1b2c13b1ac53" language="English" custom="readingOrder {index:4;}">
                    <Coords points="865,934 908,934 908,967 865,967"/>
                    <TextEquiv>
                        <Unicode>29</Unicode>
                    </TextEquiv>
                    <TextStyle fontFamily="Times New Roman" fontSize="11.0"/>
                </Word>
                <Word id="w_w1aab1b1b2c13b1ac59" language="English" custom="readingOrder {index:5;}">
                    <Coords points="929,932 1108,932 1108,978 929,978"/>
                    <TextEquiv>
                        <Unicode>prairial,</Unicode>
                    </TextEquiv>
                    <TextStyle fontFamily="Times New Roman" fontSize="11.0"/>
                </Word>
                <Word id="w_w1aab1b1b2c13b1ac79" language="English" custom="readingOrder {index:6;}">
                    <Coords points="1123,935 1144,935 1144,967 1123,967"/>
                    <TextEquiv>
                        <Unicode>2</Unicode>
                    </TextEquiv>
                    <TextStyle fontFamily="Times New Roman" fontSize="11.0"/>
                </Word>
                <Word id="w_w1aab1b1b2c13b1ac83" language="English" custom="readingOrder {index:7;}">
                    <Coords points="1164,926 1320,926 1320,977 1164,977"/>
                    <TextEquiv>
                        <Unicode>p/in-8.</Unicode>
                    </TextEquiv>
                    <TextStyle fontFamily="Times New Roman" fontSize="11.0"/>
                </Word>
                <Word id="w_w1aab1b1b2c13b1ac99" language="English" custom="readingOrder {index:8;}">
                    <Coords points="1539,935 1579,935 1579,967 1539,967"/>
                    <TextEquiv>
                        <Unicode>16</Unicode>
                    </TextEquiv>
                    <TextStyle fontFamily="Times New Roman" fontSize="11.0"/>
                </Word>
                <Word id="w_w1aab1b1b2c13b1ad105" language="English" custom="readingOrder {index:9;}">
                    <Coords points="1627,945 1643,945 1643,964 1627,964"/>
                    <TextEquiv>
                        <Unicode>»</Unicode>
                    </TextEquiv>
                    <TextStyle fontFamily="Times New Roman" fontSize="11.0"/>
                </Word>
                <TextEquiv>
                    <Unicode>Emmery, député ; (Paris), 29 prairial, 2 p/in-8. 16 »</Unicode>
                </TextEquiv>
                <TextStyle fontFamily="Times New Roman" fontSize="11.0"/>
            </TextLine>
            <TextEquiv>
                <Unicode>Emmery, député ; (Paris), 29 prairial, 2 p/in-8. 16 »</Unicode>
            </TextEquiv>
        </TextRegion>
        <TextRegion type="paragraph" id="r_1_8" custom="readingOrder {index:8;}">
            <Coords points="274,976 1647,976 1647,1211 274,1211"/>
            <TextLine id="tl_18" primaryLanguage="English" custom="readingOrder {index:0;}">
                <Coords points="336,977 1642,977 1642,1015 336,1015"/>
                <Baseline points="336,1007 1642,1007"/>
                <Word id="w_w1aab1b1b2c15b1ab1" language="English" custom="readingOrder {index:0;}">
                    <Coords points="336,979 395,979 395,1007 336,1007"/>
                    <TextEquiv>
                        <Unicode>Son</Unicode>
                    </TextEquiv>
                    <TextStyle fontFamily="Times New Roman" fontSize="8.0"/>
                </Word>
                <Word id="w_w1aab1b1b2c15b1ab9" language="English" custom="readingOrder {index:1;}">
                    <Coords points="414,978 483,978 483,1015 414,1015"/>
                    <TextEquiv>
                        <Unicode>père</Unicode>
                    </TextEquiv>
                    <TextStyle fontFamily="Times New Roman" fontSize="8.0"/>
                </Word>
                <Word id="w_w1aab1b1b2c15b1ac19" language="English" custom="readingOrder {index:2;}">
                    <Coords points="500,978 579,978 579,1007 500,1007"/>
                    <TextEquiv>
                        <Unicode>étant</Unicode>
                    </TextEquiv>
                    <TextStyle fontFamily="Times New Roman" fontSize="8.0"/>
                </Word>
                <Word id="w_w1aab1b1b2c15b1ac31" language="English" custom="readingOrder {index:3;}">
                    <Coords points="605,978 731,978 731,1015 605,1015"/>
                    <TextEquiv>
                        <Unicode>compris</Unicode>
                    </TextEquiv>
                    <TextStyle fontFamily="Times New Roman" fontSize="8.0"/>
                </Word>
                <Word id="w_w1aab1b1b2c15b1ac47" language="English" custom="readingOrder {index:4;}">
                    <Coords points="749,977 822,977 822,1007 749,1007"/>
                    <TextEquiv>
                        <Unicode>dans</Unicode>
                    </TextEquiv>
                    <TextStyle fontFamily="Times New Roman" fontSize="8.0"/>
                </Word>
                <Word id="w_w1aab1b1b2c15b1ac57" language="English" custom="readingOrder {index:5;}">
                    <Coords points="838,979 863,979 863,1007 838,1007"/>
                    <TextEquiv>
                        <Unicode>le</Unicode>
                    </TextEquiv>
                    <TextStyle fontFamily="Times New Roman" fontSize="8.0"/>
                </Word>
                <Word id="w_w1aab1b1b2c15b1ac63" language="English" custom="readingOrder {index:6;}">
                    <Coords points="881,977 984,977 984,1007 881,1007"/>
                    <TextEquiv>
                        <Unicode>travail</Unicode>
                    </TextEquiv>
                    <TextStyle fontFamily="Times New Roman" fontSize="8.0"/>
                </Word>
                <Word id="w_w1aab1b1b2c15b1ac79" language="English" custom="readingOrder {index:7;}">
                    <Coords points="1004,978 1073,978 1073,1007 1004,1007"/>
                    <TextEquiv>
                        <Unicode>dont</Unicode>
                    </TextEquiv>
                    <TextStyle fontFamily="Times New Roman" fontSize="8.0"/>
                </Word>
                <Word id="w_w1aab1b1b2c15b1ac89" language="English" custom="readingOrder {index:8;}">
                    <Coords points="1091,977 1229,977 1229,1015 1091,1015"/>
                    <TextEquiv>
                        <Unicode>Emmery</Unicode>
                    </TextEquiv>
                    <TextStyle fontFamily="Times New Roman" fontSize="8.0"/>
                </Word>
                <Word id="w_w1aab1b1b2c15b1ad103" language="English" custom="readingOrder {index:9;}">
                    <Coords points="1248,980 1293,980 1293,1008 1248,1008"/>
                    <TextEquiv>
                        <Unicode>est</Unicode>
                    </TextEquiv>
                    <TextStyle fontFamily="Times New Roman" fontSize="8.0"/>
                </Word>
                <Word id="w_w1aab1b1b2c15b1ad111" language="English" custom="readingOrder {index:10;}">
                    <Coords points="1310,978 1418,978 1418,1015 1310,1015"/>
                    <TextEquiv>
                        <Unicode>chargé</Unicode>
                    </TextEquiv>
                    <TextStyle fontFamily="Times New Roman" fontSize="8.0"/>
                </Word>
                <Word id="w_w1aab1b1b2c15b1ad125" language="English" custom="readingOrder {index:11;}">
                    <Coords points="1440,985 1491,985 1491,1007 1440,1007"/>
                    <TextEquiv>
                        <Unicode>sur</Unicode>
                    </TextEquiv>
                    <TextStyle fontFamily="Times New Roman" fontSize="8.0"/>
                </Word>
                <Word id="w_w1aab1b1b2c15b1ad133" language="English" custom="readingOrder {index:12;}">
                    <Coords points="1505,977 1547,977 1547,1007 1505,1007"/>
                    <TextEquiv>
                        <Unicode>les</Unicode>
                    </TextEquiv>
                    <TextStyle fontFamily="Times New Roman" fontSize="8.0"/>
                </Word>
                <Word id="w_w1aab1b1b2c15b1b1b1" language="English" custom="readingOrder {index:13;}">
                    <Coords points="1569,978 1642,978 1642,1007 1569,1007"/>
                    <TextEquiv>
                        <Unicode>Lois</Unicode>
                    </TextEquiv>
                    <TextStyle fontFamily="Times New Roman" fontSize="9.0" italic="true"/>
                </Word>
                <TextEquiv>
                    <Unicode>Son père étant compris dans le travail dont Emmery est chargé sur les Lois</Unicode>
                </TextEquiv>
            </TextLine>
            <TextLine id="tl_19" primaryLanguage="English" custom="readingOrder {index:1;}">
                <Coords points="276,1015 1643,1015 1643,1054 276,1054"/>
                <Baseline points="276,1046 1643,1046"/>
                <Word id="w_w1aab1b1b2c15b3ab1" language="English" custom="readingOrder {index:0;}">
                    <Coords points="276,1015 582,1015 582,1051 276,1051"/>
                    <TextEquiv>
                        <Unicode>révolutionnaires,</Unicode>
                    </TextEquiv>
                    <TextStyle fontFamily="Times New Roman" fontSize="9.0" italic="true"/>
                </Word>
                <Word id="w_w1aab1b1b2c15b3b1b3" language="English" custom="readingOrder {index:1;}">
                    <Coords points="602,1018 654,1018 654,1046 602,1046"/>
                    <TextEquiv>
                        <Unicode>elle</Unicode>
                    </TextEquiv>
                    <TextStyle fontFamily="Times New Roman" fontSize="8.0"/>
                </Word>
                <Word id="w_w1aab1b1b2c15b3b1c13" language="English" custom="readingOrder {index:2;}">
                    <Coords points="674,1019 698,1019 698,1046 674,1046"/>
                    <TextEquiv>
                        <Unicode>te</Unicode>
                    </TextEquiv>
                    <TextStyle fontFamily="Times New Roman" fontSize="8.0"/>
                </Word>
                <Word id="w_w1aab1b1b2c15b3b1c19" language="English" custom="readingOrder {index:3;}">
                    <Coords points="718,1016 778,1016 778,1054 718,1054"/>
                    <TextEquiv>
                        <Unicode>prie</Unicode>
                    </TextEquiv>
                    <TextStyle fontFamily="Times New Roman" fontSize="8.0"/>
                </Word>
                <Word id="w_w1aab1b1b2c15b3b1c29" language="English" custom="readingOrder {index:4;}">
                    <Coords points="797,1016 832,1016 832,1046 797,1046"/>
                    <TextEquiv>
                        <Unicode>de</Unicode>
                    </TextEquiv>
                    <TextStyle fontFamily="Times New Roman" fontSize="8.0"/>
                </Word>
                <Word id="w_w1aab1b1b2c15b3b1c35" language="English" custom="readingOrder {index:5;}">
                    <Coords points="852,1017 893,1017 893,1046 852,1046"/>
                    <TextEquiv>
                        <Unicode>lui</Unicode>
                    </TextEquiv>
                    <TextStyle fontFamily="Times New Roman" fontSize="8.0"/>
                </Word>
                <Word id="w_w1aab1b1b2c15b3b1c43" language="English" custom="readingOrder {index:6;}">
                    <Coords points="916,1017 1053,1017 1053,1046 916,1046"/>
                    <TextEquiv>
                        <Unicode>accorder</Unicode>
                    </TextEquiv>
                    <TextStyle fontFamily="Times New Roman" fontSize="8.0"/>
                </Word>
                <Word id="w_w1aab1b1b2c15b3b1c61" language="English" custom="readingOrder {index:7;}">
                    <Coords points="1074,1024 1109,1024 1109,1046 1074,1046"/>
                    <TextEquiv>
                        <Unicode>un</Unicode>
                    </TextEquiv>
                    <TextStyle fontFamily="Times New Roman" fontSize="8.0"/>
                </Word>
                <Word id="w_w1aab1b1b2c15b3b1c67" language="English" custom="readingOrder {index:8;}">
                    <Coords points="1142,1017 1281,1017 1281,1046 1142,1046"/>
                    <TextEquiv>
                        <Unicode>entretien</Unicode>
                    </TextEquiv>
                    <TextStyle fontFamily="Times New Roman" fontSize="8.0"/>
                </Word>
                <Word id="w_w1aab1b1b2c15b3b1c87" language="English" custom="readingOrder {index:9;}">
                    <Coords points="1310,1019 1399,1019 1399,1047 1310,1047"/>
                    <TextEquiv>
                        <Unicode>avant</Unicode>
                    </TextEquiv>
                    <TextStyle fontFamily="Times New Roman" fontSize="8.0"/>
                </Word>
                <Word id="w_w1aab1b1b2c15b3b1c99" language="English" custom="readingOrder {index:10;}">
                    <Coords points="1433,1018 1468,1018 1468,1046 1433,1046"/>
                    <TextEquiv>
                        <Unicode>do</Unicode>
                    </TextEquiv>
                    <TextStyle fontFamily="Times New Roman" fontSize="8.0"/>
                </Word>
                <Word id="w_w1aab1b1b2c15b3b1d105" language="English" custom="readingOrder {index:11;}">
                    <Coords points="1500,1016 1571,1016 1571,1046 1500,1046"/>
                    <TextEquiv>
                        <Unicode>faire</Unicode>
                    </TextEquiv>
                    <TextStyle fontFamily="Times New Roman" fontSize="8.0"/>
                </Word>
                <Word id="w_w1aab1b1b2c15b3b1d117" language="English" custom="readingOrder {index:12;}">
                    <Coords points="1590,1025 1643,1025 1643,1047 1590,1047"/>
                    <TextEquiv>
                        <Unicode>son</Unicode>
                    </TextEquiv>
                    <TextStyle fontFamily="Times New Roman" fontSize="8.0"/>
                </Word>
                <TextEquiv>
                    <Unicode>révolutionnaires, elle te prie de lui accorder un entretien avant de faire son</Unicode>
                </TextEquiv>
            </TextLine>
            <TextLine id="tl_20" primaryLanguage="English" custom="readingOrder {index:2;}">
                <Coords points="276,1054 1646,1054 1646,1094 276,1094"/>
                <Baseline points="276,1085 1646,1085"/>
                <Word id="w_w1aab1b1b2c15b5ab1" language="English" custom="readingOrder {index:0;}">
                    <Coords points="276,1057 406,1057 406,1094 276,1094"/>
                    <TextEquiv>
                        <Unicode>rapport.</Unicode>
                    </TextEquiv>
                    <TextStyle fontFamily="Times New Roman" fontSize="8.0"/>
                </Word>
                <Word id="w_w1aab1b1b2c15b5ac19" language="English" custom="readingOrder {index:1;}">
                    <Coords points="426,1055 502,1055 502,1085 426,1085"/>
                    <TextEquiv>
                        <Unicode>Sans</Unicode>
                    </TextEquiv>
                    <TextStyle fontFamily="Times New Roman" fontSize="8.0"/>
                </Word>
                <Word id="w_w1aab1b1b2c15b5ac29" language="English" custom="readingOrder {index:2;}">
                    <Coords points="520,1055 665,1055 665,1093 520,1093"/>
                    <TextEquiv>
                        <Unicode>répondre</Unicode>
                    </TextEquiv>
                    <TextStyle fontFamily="Times New Roman" fontSize="8.0"/>
                </Word>
                <Word id="w_w1aab1b1b2c15b5ac47" language="English" custom="readingOrder {index:3;}">
                    <Coords points="677,1063 694,1063 694,1085 677,1085"/>
                    <TextEquiv>
                        <Unicode>a</Unicode>
                    </TextEquiv>
                    <TextStyle fontFamily="Times New Roman" fontSize="8.0"/>
                </Word>
                <Word id="w_w1aab1b1b2c15b5ac51" language="English" custom="readingOrder {index:4;}">
                    <Coords points="718,1063 771,1063 771,1085 718,1085"/>
                    <TextEquiv>
                        <Unicode>son</Unicode>
                    </TextEquiv>
                    <TextStyle fontFamily="Times New Roman" fontSize="8.0"/>
                </Word>
                <Word id="w_w1aab1b1b2c15b5ac59" language="English" custom="readingOrder {index:5;}">
                    <Coords points="791,1055 875,1055 875,1085 791,1085"/>
                    <TextEquiv>
                        <Unicode>motif</Unicode>
                    </TextEquiv>
                    <TextStyle fontFamily="Times New Roman" fontSize="8.0"/>
                </Word>
                <Word id="w_w1aab1b1b2c15b5ac71" language="English" custom="readingOrder {index:6;}">
                    <Coords points="892,1055 1114,1055 1114,1092 892,1092"/>
                    <TextEquiv>
                        <Unicode>d’éloignement</Unicode>
                    </TextEquiv>
                    <TextStyle fontFamily="Times New Roman" fontSize="8.0"/>
                </Word>
                <Word id="w_w1aab1b1b2c15b5ac99" language="English" custom="readingOrder {index:7;}">
                    <Coords points="1138,1056 1174,1056 1174,1085 1138,1085"/>
                    <TextEquiv>
                        <Unicode>de</Unicode>
                    </TextEquiv>
                    <TextStyle fontFamily="Times New Roman" fontSize="8.0"/>
                </Word>
                <Word id="w_w1aab1b1b2c15b5ad105" language="English" custom="readingOrder {index:8;}">
                    <Coords points="1189,1064 1221,1064 1221,1085 1189,1085"/>
                    <TextEquiv>
                        <Unicode>ce</Unicode>
                    </TextEquiv>
                    <TextStyle fontFamily="Times New Roman" fontSize="8.0"/>
                </Word>
                <Word id="w_w1aab1b1b2c15b5ad111" language="English" custom="readingOrder {index:9;}">
                    <Coords points="1241,1055 1311,1055 1311,1093 1241,1093"/>
                    <TextEquiv>
                        <Unicode>qu’il</Unicode>
                    </TextEquiv>
                    <TextStyle fontFamily="Times New Roman" fontSize="8.0"/>
                </Word>
                <Word id="w_w1aab1b1b2c15b5ad123" language="English" custom="readingOrder {index:10;}">
                    <Coords points="1336,1056 1449,1056 1449,1093 1336,1093"/>
                    <TextEquiv>
                        <Unicode>appelle</Unicode>
                    </TextEquiv>
                    <TextStyle fontFamily="Times New Roman" fontSize="8.0"/>
                </Word>
                <Word id="w_w1aab1b1b2c15b5ad139" language="English" custom="readingOrder {index:11;}">
                    <Coords points="1478,1054 1522,1054 1522,1085 1478,1085"/>
                    <TextEquiv>
                        <Unicode>les</Unicode>
                    </TextEquiv>
                    <TextStyle fontFamily="Times New Roman" fontSize="8.0"/>
                </Word>
                <Word id="w_w1aab1b1b2c15b5b1b1" language="English" custom="readingOrder {index:12;}">
                    <Coords points="1553,1054 1646,1054 1646,1086 1553,1086"/>
                    <TextEquiv>
                        <Unicode>belles</Unicode>
                    </TextEquiv>
                    <TextStyle fontFamily="Times New Roman" fontSize="9.0" italic="true"/>
                </Word>
                <TextEquiv>
                    <Unicode>rapport. Sans répondre a son motif d’éloignement de ce qu’il appelle les belles</Unicode>
                </TextEquiv>
            </TextLine>
            <TextLine id="tl_21" primaryLanguage="English" custom="readingOrder {index:3;}">
                <Coords points="277,1093 1644,1093 1644,1133 277,1133"/>
                <Baseline points="277,1125 1644,1125"/>
                <Word id="w_w1aab1b1b2c15b7ab1" language="English" custom="readingOrder {index:0;}">
                    <Coords points="277,1094 396,1094 396,1130 277,1130"/>
                    <TextEquiv>
                        <Unicode>dames,</Unicode>
                    </TextEquiv>
                    <TextStyle fontFamily="Times New Roman" fontSize="9.0" italic="true"/>
                </Word>
                <Word id="w_w1aab1b1b2c15b7b1b3" language="English" custom="readingOrder {index:1;}">
                    <Coords points="415,1095 468,1095 468,1124 415,1124"/>
                    <TextEquiv>
                        <Unicode>elle</Unicode>
                    </TextEquiv>
                    <TextStyle fontFamily="Times New Roman" fontSize="8.0"/>
                </Word>
                <Word id="w_w1aab1b1b2c15b7b1c13" language="English" custom="readingOrder {index:2;}">
                    <Coords points="485,1095 602,1095 602,1133 485,1133"/>
                    <TextEquiv>
                        <Unicode>ajoute:</Unicode>
                    </TextEquiv>
                    <TextStyle fontFamily="Times New Roman" fontSize="8.0"/>
                </Word>
                <Word id="w_w1aab1b1b2c15b7b1c29" language="English" custom="readingOrder {index:3;}">
                    <Coords points="627,1105 640,1105 640,1120 627,1120"/>
                    <TextEquiv>
                        <Unicode>«</Unicode>
                    </TextEquiv>
                    <TextStyle fontFamily="Times New Roman" fontSize="8.0"/>
                </Word>
                <Word id="w_w1aab1b1b2c15b7b1c33" language="English" custom="readingOrder {index:4;}">
                    <Coords points="661,1094 694,1094 694,1124 661,1124"/>
                    <TextEquiv>
                        <Unicode>Je</Unicode>
                    </TextEquiv>
                    <TextStyle fontFamily="Times New Roman" fontSize="8.0"/>
                </Word>
                <Word id="w_w1aab1b1b2c15b7b1c39" language="English" custom="readingOrder {index:5;}">
                    <Coords points="711,1102 784,1102 784,1124 711,1124"/>
                    <TextEquiv>
                        <Unicode>vous</Unicode>
                    </TextEquiv>
                    <TextStyle fontFamily="Times New Roman" fontSize="8.0"/>
                </Word>
                <Word id="w_w1aab1b1b2c15b7b1c49" language="English" custom="readingOrder {index:6;}">
                    <Coords points="804,1093 864,1093 864,1132 804,1132"/>
                    <TextEquiv>
                        <Unicode>prie</Unicode>
                    </TextEquiv>
                    <TextStyle fontFamily="Times New Roman" fontSize="8.0"/>
                </Word>
                <Word id="w_w1aab1b1b2c15b7b1c59" language="English" custom="readingOrder {index:7;}">
                    <Coords points="883,1094 918,1094 918,1124 883,1124"/>
                    <TextEquiv>
                        <Unicode>de</Unicode>
                    </TextEquiv>
                    <TextStyle fontFamily="Times New Roman" fontSize="8.0"/>
                </Word>
                <Word id="w_w1aab1b1b2c15b7b1c65" language="English" custom="readingOrder {index:8;}">
                    <Coords points="938,1094 1107,1094 1107,1125 938,1125"/>
                    <TextEquiv>
                        <Unicode>considérer</Unicode>
                    </TextEquiv>
                    <TextStyle fontFamily="Times New Roman" fontSize="8.0"/>
                </Word>
                <Word id="w_w1aab1b1b2c15b7b1c87" language="English" custom="readingOrder {index:9;}">
                    <Coords points="1120,1094 1331,1094 1331,1131 1120,1131"/>
                    <TextEquiv>
                        <Unicode>qu’accouchée</Unicode>
                    </TextEquiv>
                    <TextStyle fontFamily="Times New Roman" fontSize="8.0"/>
                </Word>
                <Word id="w_w1aab1b1b2c15b7b1d113" language="English" custom="readingOrder {index:10;}">
                    <Coords points="1344,1096 1447,1096 1447,1133 1344,1133"/>
                    <TextEquiv>
                        <Unicode>depuis</Unicode>
                    </TextEquiv>
                    <TextStyle fontFamily="Times New Roman" fontSize="8.0"/>
                </Word>
                <Word id="w_w1aab1b1b2c15b7b1d127" language="English" custom="readingOrder {index:11;}">
                    <Coords points="1468,1095 1530,1095 1530,1124 1468,1124"/>
                    <TextEquiv>
                        <Unicode>huit</Unicode>
                    </TextEquiv>
                    <TextStyle fontFamily="Times New Roman" fontSize="8.0"/>
                </Word>
                <Word id="w_w1aab1b1b2c15b7b1d137" language="English" custom="readingOrder {index:12;}">
                    <Coords points="1544,1095 1644,1095 1644,1133 1544,1133"/>
                    <TextEquiv>
                        <Unicode>jours,</Unicode>
                    </TextEquiv>
                    <TextStyle fontFamily="Times New Roman" fontSize="8.0"/>
                </Word>
                <TextEquiv>
                    <Unicode>dames, elle ajoute: « Je vous prie de considérer qu’accouchée depuis huit jours,</Unicode>
                </TextEquiv>
            </TextLine>
            <TextLine id="tl_22" primaryLanguage="English" custom="readingOrder {index:4;}">
                <Coords points="275,1133 1644,1133 1644,1172 275,1172"/>
                <Baseline points="275,1163 1644,1163"/>
                <Word id="w_w1aab1b1b2c15b9ab1" language="English" custom="readingOrder {index:0;}">
                    <Coords points="275,1133 303,1133 303,1171 275,1171"/>
                    <TextEquiv>
                        <Unicode>je</Unicode>
                    </TextEquiv>
                    <TextStyle fontFamily="Times New Roman" fontSize="8.0"/>
                </Word>
                <Word id="w_w1aab1b1b2c15b9ab7" language="English" custom="readingOrder {index:1;}">
                    <Coords points="321,1141 357,1141 357,1163 321,1163"/>
                    <TextEquiv>
                        <Unicode>ne</Unicode>
                    </TextEquiv>
                    <TextStyle fontFamily="Times New Roman" fontSize="8.0"/>
                </Word>
                <Word id="w_w1aab1b1b2c15b9ac13" language="English" custom="readingOrder {index:2;}">
                    <Coords points="375,1134 438,1134 438,1171 375,1171"/>
                    <TextEquiv>
                        <Unicode>puis</Unicode>
                    </TextEquiv>
                    <TextStyle fontFamily="Times New Roman" fontSize="8.0"/>
                </Word>
                <Word id="w_w1aab1b1b2c15b9ac23" language="English" custom="readingOrder {index:3;}">
                    <Coords points="457,1140 502,1140 502,1163 457,1163"/>
                    <TextEquiv>
                        <Unicode>me</Unicode>
                    </TextEquiv>
                    <TextStyle fontFamily="Times New Roman" fontSize="8.0"/>
                </Word>
                <Word id="w_w1aab1b1b2c15b9ac29" language="English" custom="readingOrder {index:4;}">
                    <Coords points="520,1133 624,1133 624,1164 520,1164"/>
                    <TextEquiv>
                        <Unicode>rendre</Unicode>
                    </TextEquiv>
                    <TextStyle fontFamily="Times New Roman" fontSize="8.0"/>
                </Word>
                <Word id="w_w1aab1b1b2c15b9ac43" language="English" custom="readingOrder {index:5;}">
                    <Coords points="642,1133 709,1133 709,1163 642,1163"/>
                    <TextEquiv>
                        <Unicode>chez</Unicode>
                    </TextEquiv>
                    <TextStyle fontFamily="Times New Roman" fontSize="8.0"/>
                </Word>
                <Word id="w_w1aab1b1b2c15b9ac53" language="English" custom="readingOrder {index:6;}">
                    <Coords points="732,1140 816,1140 816,1170 732,1170"/>
                    <TextEquiv>
                        <Unicode>vous,</Unicode>
                    </TextEquiv>
                    <TextStyle fontFamily="Times New Roman" fontSize="8.0"/>
                </Word>
                <Word id="w_w1aab1b1b2c15b9ac65" language="English" custom="readingOrder {index:7;}">
                    <Coords points="831,1135 860,1135 860,1163 831,1163"/>
                    <TextEquiv>
                        <Unicode>et</Unicode>
                    </TextEquiv>
                    <TextStyle fontFamily="Times New Roman" fontSize="8.0"/>
                </Word>
                <Word id="w_w1aab1b1b2c15b9ac71" language="English" custom="readingOrder {index:8;}">
                    <Coords points="875,1140 931,1140 931,1170 875,1170"/>
                    <TextEquiv>
                        <Unicode>que</Unicode>
                    </TextEquiv>
                    <TextStyle fontFamily="Times New Roman" fontSize="8.0"/>
                </Word>
                <Word id="w_w1aab1b1b2c15b9ac79" language="English" custom="readingOrder {index:9;}">
                    <Coords points="952,1133 1002,1133 1002,1171 952,1171"/>
                    <TextEquiv>
                        <Unicode>j'ai</Unicode>
                    </TextEquiv>
                    <TextStyle fontFamily="Times New Roman" fontSize="8.0"/>
                </Word>
                <Word id="w_w1aab1b1b2c15b9ac89" language="English" custom="readingOrder {index:10;}">
                    <Coords points="1022,1134 1047,1134 1047,1163 1022,1163"/>
                    <TextEquiv>
                        <Unicode>le</Unicode>
                    </TextEquiv>
                    <TextStyle fontFamily="Times New Roman" fontSize="8.0"/>
                </Word>
                <Word id="w_w1aab1b1b2c15b9ac95" language="English" custom="readingOrder {index:11;}">
                    <Coords points="1067,1133 1131,1133 1131,1171 1067,1171"/>
                    <TextEquiv>
                        <Unicode>plus</Unicode>
                    </TextEquiv>
                    <TextStyle fontFamily="Times New Roman" fontSize="8.0"/>
                </Word>
                <Word id="w_w1aab1b1b2c15b9ad105" language="English" custom="readingOrder {index:12;}">
                    <Coords points="1147,1134 1254,1134 1254,1163 1147,1163"/>
                    <TextEquiv>
                        <Unicode>instant</Unicode>
                    </TextEquiv>
                    <TextStyle fontFamily="Times New Roman" fontSize="8.0"/>
                </Word>
                <Word id="w_w1aab1b1b2c15b9ad121" language="English" custom="readingOrder {index:13;}">
                    <Coords points="1270,1134 1368,1134 1368,1164 1270,1164"/>
                    <TextEquiv>
                        <Unicode>besoin</Unicode>
                    </TextEquiv>
                    <TextStyle fontFamily="Times New Roman" fontSize="8.0"/>
                </Word>
                <Word id="w_w1aab1b1b2c15b9ad135" language="English" custom="readingOrder {index:14;}">
                    <Coords points="1390,1134 1425,1134 1425,1164 1390,1164"/>
                    <TextEquiv>
                        <Unicode>de</Unicode>
                    </TextEquiv>
                    <TextStyle fontFamily="Times New Roman" fontSize="8.0"/>
                </Word>
                <Word id="w_w1aab1b1b2c15b9ad141" language="English" custom="readingOrder {index:15;}">
                    <Coords points="1449,1142 1523,1142 1523,1164 1449,1164"/>
                    <TextEquiv>
                        <Unicode>vous</Unicode>
                    </TextEquiv>
                    <TextStyle fontFamily="Times New Roman" fontSize="8.0"/>
                </Word>
                <Word id="w_w1aab1b1b2c15b9ad151" language="English" custom="readingOrder {index:16;}">
                    <Coords points="1549,1134 1644,1134 1644,1172 1549,1172"/>
                    <TextEquiv>
                        <Unicode>expli¬</Unicode>
                    </TextEquiv>
                    <TextStyle fontFamily="Times New Roman" fontSize="8.0"/>
                </Word>
                <TextEquiv>
                    <Unicode>je ne puis me rendre chez vous, et que j'ai le plus instant besoin de vous expli¬</Unicode>
                </TextEquiv>
                <TextStyle fontFamily="Times New Roman" fontSize="8.0"/>
            </TextLine>
            <TextLine id="tl_23" primaryLanguage="English" custom="readingOrder {index:5;}">
                <Coords points="280,1171 1540,1171 1540,1210 280,1210"/>
                <Baseline points="280,1202 1540,1202"/>
                <Word id="w_w1aab1b1b2c15c11ab1" language="English" custom="readingOrder {index:0;}">
                    <Coords points="280,1179 351,1179 351,1209 280,1209"/>
                    <TextEquiv>
                        <Unicode>quer</Unicode>
                    </TextEquiv>
                    <TextStyle fontFamily="Times New Roman" fontSize="8.0"/>
                </Word>
                <Word id="w_w1aab1b1b2c15c11ac11" language="English" custom="readingOrder {index:1;}">
                    <Coords points="366,1171 486,1171 486,1202 366,1202"/>
                    <TextEquiv>
                        <Unicode>l’affaire</Unicode>
                    </TextEquiv>
                    <TextStyle fontFamily="Times New Roman" fontSize="8.0"/>
                </Word>
                <Word id="w_w1aab1b1b2c15c11ac31" language="English" custom="readingOrder {index:2;}">
                    <Coords points="498,1173 568,1173 568,1202 498,1202"/>
                    <TextEquiv>
                        <Unicode>dont</Unicode>
                    </TextEquiv>
                    <TextStyle fontFamily="Times New Roman" fontSize="8.0"/>
                </Word>
                <Word id="w_w1aab1b1b2c15c11ac41" language="English" custom="readingOrder {index:3;}">
                    <Coords points="585,1172 699,1172 699,1209 585,1209"/>
                    <TextEquiv>
                        <Unicode>dépend</Unicode>
                    </TextEquiv>
                    <TextStyle fontFamily="Times New Roman" fontSize="8.0"/>
                </Word>
                <Word id="w_w1aab1b1b2c15c11ac55" language="English" custom="readingOrder {index:4;}">
                    <Coords points="714,1173 741,1173 741,1202 714,1202"/>
                    <TextEquiv>
                        <Unicode>la</Unicode>
                    </TextEquiv>
                    <TextStyle fontFamily="Times New Roman" fontSize="8.0"/>
                </Word>
                <Word id="w_w1aab1b1b2c15c11ac61" language="English" custom="readingOrder {index:5;}">
                    <Coords points="760,1172 873,1172 873,1202 760,1202"/>
                    <TextEquiv>
                        <Unicode>fortune</Unicode>
                    </TextEquiv>
                    <TextStyle fontFamily="Times New Roman" fontSize="8.0"/>
                </Word>
                <Word id="w_w1aab1b1b2c15c11ac77" language="English" custom="readingOrder {index:6;}">
                    <Coords points="894,1172 929,1172 929,1202 894,1202"/>
                    <TextEquiv>
                        <Unicode>de</Unicode>
                    </TextEquiv>
                    <TextStyle fontFamily="Times New Roman" fontSize="8.0"/>
                </Word>
                <Word id="w_w1aab1b1b2c15c11ac83" language="English" custom="readingOrder {index:7;}">
                    <Coords points="948,1180 1014,1180 1014,1203 948,1203"/>
                    <TextEquiv>
                        <Unicode>mon</Unicode>
                    </TextEquiv>
                    <TextStyle fontFamily="Times New Roman" fontSize="8.0"/>
                </Word>
                <Word id="w_w1aab1b1b2c15c11ac91" language="English" custom="readingOrder {index:8;}">
                    <Coords points="1034,1173 1103,1173 1103,1210 1034,1210"/>
                    <TextEquiv>
                        <Unicode>père</Unicode>
                    </TextEquiv>
                    <TextStyle fontFamily="Times New Roman" fontSize="8.0"/>
                </Word>
                <Word id="w_w1aab1b1b2c15c11ad101" language="English" custom="readingOrder {index:9;}">
                    <Coords points="1116,1175 1144,1175 1144,1203 1116,1203"/>
                    <TextEquiv>
                        <Unicode>et</Unicode>
                    </TextEquiv>
                    <TextStyle fontFamily="Times New Roman" fontSize="8.0"/>
                </Word>
                <Word id="w_w1aab1b1b2c15c11ad107" language="English" custom="readingOrder {index:10;}">
                    <Coords points="1159,1172 1229,1172 1229,1202 1159,1202"/>
                    <TextEquiv>
                        <Unicode>celle</Unicode>
                    </TextEquiv>
                    <TextStyle fontFamily="Times New Roman" fontSize="8.0"/>
                </Word>
                <Word id="w_w1aab1b1b2c15c11ad119" language="English" custom="readingOrder {index:11;}">
                    <Coords points="1247,1172 1283,1172 1283,1203 1247,1203"/>
                    <TextEquiv>
                        <Unicode>de</Unicode>
                    </TextEquiv>
                    <TextStyle fontFamily="Times New Roman" fontSize="8.0"/>
                </Word>
                <Word id="w_w1aab1b1b2c15c11ad125" language="English" custom="readingOrder {index:12;}">
                    <Coords points="1303,1180 1364,1180 1364,1203 1303,1203"/>
                    <TextEquiv>
                        <Unicode>mes</Unicode>
                    </TextEquiv>
                    <TextStyle fontFamily="Times New Roman" fontSize="8.0"/>
                </Word>
                <Word id="w_w1aab1b1b2c15c11ad133" language="English" custom="readingOrder {index:13;}">
                    <Coords points="1384,1173 1510,1173 1510,1203 1384,1203"/>
                    <TextEquiv>
                        <Unicode>enfants.</Unicode>
                    </TextEquiv>
                    <TextStyle fontFamily="Times New Roman" fontSize="8.0"/>
                </Word>
                <Word id="w_w1aab1b1b2c15c11ad151" language="English" custom="readingOrder {index:14;}">
                    <Coords points="1527,1185 1540,1185 1540,1199 1527,1199"/>
                    <TextEquiv>
                        <Unicode>»</Unicode>
                    </TextEquiv>
                    <TextStyle fontFamily="Times New Roman" fontSize="8.0"/>
                </Word>
                <TextEquiv>
                    <Unicode>quer l’affaire dont dépend la fortune de mon père et celle de mes enfants. »</Unicode>
                </TextEquiv>
                <TextStyle fontFamily="Times New Roman" fontSize="8.0"/>
            </TextLine>
            <TextEquiv>
                <Unicode>Son père étant compris dans le travail dont Emmery est chargé sur les Lois
révolutionnaires, elle te prie de lui accorder un entretien avant de faire son
rapport. Sans répondre a son motif d’éloignement de ce qu’il appelle les belles
dames, elle ajoute: « Je vous prie de considérer qu’accouchée depuis huit jours,
je ne puis me rendre chez vous, et que j'ai le plus instant besoin de vous expli¬
quer l’affaire dont dépend la fortune de mon père et celle de mes enfants. »</Unicode>
            </TextEquiv>
        </TextRegion>
        <TextRegion type="paragraph" id="r_1_9" custom="readingOrder {index:9;}">
            <Coords points="181,1224 1650,1224 1650,1272 181,1272"/>
            <TextLine id="tl_24" primaryLanguage="English" custom="readingOrder {index:0;}">
                <Coords points="182,1225 1649,1225 1649,1271 182,1271"/>
                <Baseline points="182,1260 1649,1260"/>
                <Word id="w_w1aab1b1b2c17b1ab1" language="English" custom="readingOrder {index:0;}">
                    <Coords points="182,1227 268,1227 268,1261 182,1261"/>
                    <TextEquiv>
                        <Unicode>4489</Unicode>
                    </TextEquiv>
                    <TextStyle fontFamily="Times New Roman" fontSize="11.0"/>
                </Word>
                <Word id="w_w1aab1b1b2c17b1b1b1" language="English" custom="readingOrder {index:1;}">
                    <Coords points="291,1226 431,1226 431,1270 291,1270"/>
                    <TextEquiv>
                        <Unicode>Sully,</Unicode>
                    </TextEquiv>
                    <TextStyle fontFamily="Times New Roman" fontSize="10.5" bold="true"/>
                </Word>
                <Word id="w_w1aab1b1b2c17b1b2b1" language="English" custom="readingOrder {index:2;}">
                    <Coords points="452,1226 489,1226 489,1261 452,1261"/>
                    <TextEquiv>
                        <Unicode>le</Unicode>
                    </TextEquiv>
                    <TextStyle fontFamily="Times New Roman" fontSize="11.0"/>
                </Word>
                <Word id="w_w1aab1b1b2c17b1b2b7" language="English" custom="readingOrder {index:3;}">
                    <Coords points="510,1225 634,1225 634,1271 510,1271"/>
                    <TextEquiv>
                        <Unicode>grand</Unicode>
                    </TextEquiv>
                    <TextStyle fontFamily="Times New Roman" fontSize="11.0"/>
                </Word>
                <Word id="w_w1aab1b1b2c17b1b2c19" language="English" custom="readingOrder {index:4;}">
                    <Coords points="667,1225 851,1225 851,1261 667,1261"/>
                    <TextEquiv>
                        <Unicode>ministre</Unicode>
                    </TextEquiv>
                    <TextStyle fontFamily="Times New Roman" fontSize="11.0"/>
                </Word>
                <Word id="w_w1aab1b1b2c17b1b2c37" language="English" custom="readingOrder {index:5;}">
                    <Coords points="872,1225 918,1225 918,1260 872,1260"/>
                    <TextEquiv>
                        <Unicode>de</Unicode>
                    </TextEquiv>
                    <TextStyle fontFamily="Times New Roman" fontSize="11.0"/>
                </Word>
                <Word id="w_w1aab1b1b2c17b1b2c43" language="English" custom="readingOrder {index:6;}">
                    <Coords points="944,1226 1068,1226 1068,1261 944,1261"/>
                    <TextEquiv>
                        <Unicode>Henri</Unicode>
                    </TextEquiv>
                    <TextStyle fontFamily="Times New Roman" fontSize="11.0"/>
                </Word>
                <Word id="w_w1aab1b1b2c17b1b2c55" language="English" custom="readingOrder {index:7;}">
                    <Coords points="1088,1225 1151,1225 1151,1261 1088,1261"/>
                    <TextEquiv>
                        <Unicode>IV.</Unicode>
                    </TextEquiv>
                    <TextStyle fontFamily="Times New Roman" fontSize="11.0"/>
                </Word>
                <Word id="w_w1aab1b1b2c17b1b2c63" language="English" custom="readingOrder {index:8;}">
                    <Coords points="1172,1245 1214,1245 1214,1251 1172,1251"/>
                    <TextEquiv>
                        <Unicode>—</Unicode>
                    </TextEquiv>
                    <TextStyle fontFamily="Times New Roman" fontSize="11.0"/>
                </Word>
                <Word id="w_w1aab1b1b2c17b1b2c67" language="English" custom="readingOrder {index:9;}">
                    <Coords points="1233,1225 1276,1225 1276,1260 1233,1260"/>
                    <TextEquiv>
                        <Unicode>L.</Unicode>
                    </TextEquiv>
                    <TextStyle fontFamily="Times New Roman" fontSize="11.0"/>
                </Word>
                <Word id="w_w1aab1b1b2c17b1b2c73" language="English" custom="readingOrder {index:10;}">
                    <Coords points="1297,1236 1342,1236 1342,1269 1297,1269"/>
                    <TextEquiv>
                        <Unicode>s.,</Unicode>
                    </TextEquiv>
                    <TextStyle fontFamily="Times New Roman" fontSize="11.0"/>
                </Word>
                <Word id="w_w1aab1b1b2c17b1b2c81" language="English" custom="readingOrder {index:11;}">
                    <Coords points="1364,1236 1457,1236 1457,1260 1364,1260"/>
                    <TextEquiv>
                        <Unicode>avec</Unicode>
                    </TextEquiv>
                    <TextStyle fontFamily="Times New Roman" fontSize="11.0"/>
                </Word>
                <Word id="w_w1aab1b1b2c17b1b2c91" language="English" custom="readingOrder {index:12;}">
                    <Coords points="1478,1227 1516,1227 1516,1262 1478,1262"/>
                    <TextEquiv>
                        <Unicode>la</Unicode>
                    </TextEquiv>
                    <TextStyle fontFamily="Times New Roman" fontSize="11.0"/>
                </Word>
                <Word id="w_w1aab1b1b2c17b1b2c97" language="English" custom="readingOrder {index:13;}">
                    <Coords points="1539,1236 1649,1236 1649,1261 1539,1261"/>
                    <TextEquiv>
                        <Unicode>sous-</Unicode>
                    </TextEquiv>
                    <TextStyle fontFamily="Times New Roman" fontSize="11.0"/>
                </Word>
                <TextEquiv>
                    <Unicode>4489 Sully, le grand ministre de Henri IV. — L. s., avec la sous-</Unicode>
                </TextEquiv>
            </TextLine>
            <TextEquiv>
                <Unicode>4489 Sully, le grand ministre de Henri IV. — L. s., avec la sous-</Unicode>
            </TextEquiv>
        </TextRegion>
        <TextRegion type="paragraph" id="r_1_10" custom="readingOrder {index:10;}">
            <Coords points="291,1269 1649,1269 1649,1361 291,1361"/>
            <TextLine id="tl_25" primaryLanguage="English" custom="readingOrder {index:0;}">
                <Coords points="292,1270 1648,1270 1648,1316 292,1316"/>
                <Baseline points="292,1305 1648,1305"/>
                <Word id="w_w1aab1b1b2c19b1ab1" language="English" custom="readingOrder {index:0;}">
                    <Coords points="292,1270 408,1270 408,1315 292,1315"/>
                    <TextEquiv>
                        <Unicode>cript.</Unicode>
                    </TextEquiv>
                    <TextStyle fontFamily="Times New Roman" fontSize="11.0"/>
                </Word>
                <Word id="w_w1aab1b1b2c19b1ac15" language="English" custom="readingOrder {index:1;}">
                    <Coords points="447,1273 543,1273 543,1312 447,1312"/>
                    <TextEquiv>
                        <Unicode>aut.,</Unicode>
                    </TextEquiv>
                    <TextStyle fontFamily="Times New Roman" fontSize="11.0"/>
                </Word>
                <Word id="w_w1aab1b1b2c19b1ac27" language="English" custom="readingOrder {index:2;}">
                    <Coords points="580,1281 658,1281 658,1305 580,1305"/>
                    <TextEquiv>
                        <Unicode>aux</Unicode>
                    </TextEquiv>
                    <TextStyle fontFamily="Times New Roman" fontSize="11.0"/>
                </Word>
                <Word id="w_w1aab1b1b2c19b1ac35" language="English" custom="readingOrder {index:3;}">
                    <Coords points="692,1270 904,1270 904,1305 692,1305"/>
                    <TextEquiv>
                        <Unicode>trésoriers</Unicode>
                    </TextEquiv>
                    <TextStyle fontFamily="Times New Roman" fontSize="11.0"/>
                </Word>
                <Word id="w_w1aab1b1b2c19b1ac57" language="English" custom="readingOrder {index:4;}">
                    <Coords points="942,1271 1142,1271 1142,1316 942,1316"/>
                    <TextEquiv>
                        <Unicode>généraux</Unicode>
                    </TextEquiv>
                    <TextStyle fontFamily="Times New Roman" fontSize="11.0"/>
                </Word>
                <Word id="w_w1aab1b1b2c19b1ac75" language="English" custom="readingOrder {index:5;}">
                    <Coords points="1178,1270 1224,1270 1224,1304 1178,1304"/>
                    <TextEquiv>
                        <Unicode>de</Unicode>
                    </TextEquiv>
                    <TextStyle fontFamily="Times New Roman" fontSize="11.0"/>
                </Word>
                <Word id="w_w1aab1b1b2c19b1ac81" language="English" custom="readingOrder {index:6;}">
                    <Coords points="1271,1270 1422,1270 1422,1305 1271,1305"/>
                    <TextEquiv>
                        <Unicode>France</Unicode>
                    </TextEquiv>
                    <TextStyle fontFamily="Times New Roman" fontSize="11.0"/>
                </Word>
                <Word id="w_w1aab1b1b2c19b1ac95" language="English" custom="readingOrder {index:7;}">
                    <Coords points="1438,1283 1446,1283 1446,1315 1438,1315"/>
                    <TextEquiv>
                        <Unicode>;</Unicode>
                    </TextEquiv>
                    <TextStyle fontFamily="Times New Roman" fontSize="11.0"/>
                </Word>
                <Word id="w_w1aab1b1b2c19b1ac99" language="English" custom="readingOrder {index:8;}">
                    <Coords points="1486,1271 1648,1271 1648,1306 1486,1306"/>
                    <TextEquiv>
                        <Unicode>Fontai¬</Unicode>
                    </TextEquiv>
                    <TextStyle fontFamily="Times New Roman" fontSize="11.0"/>
                </Word>
                <TextEquiv>
                    <Unicode>cript. aut., aux trésoriers généraux de France ; Fontai¬</Unicode>
                </TextEquiv>
                <TextStyle fontFamily="Times New Roman" fontSize="11.0"/>
            </TextLine>
            <TextLine id="tl_26" primaryLanguage="English" custom="readingOrder {index:1;}">
                <Coords points="294,1313 1648,1313 1648,1360 294,1360"/>
                <Baseline points="294,1349 1648,1349"/>
                <Word id="w_w1aab1b1b2c19b3ab1" language="English" custom="readingOrder {index:0;}">
                    <Coords points="294,1313 478,1313 478,1358 294,1358"/>
                    <TextEquiv>
                        <Unicode>nebleau,</Unicode>
                    </TextEquiv>
                    <TextStyle fontFamily="Times New Roman" fontSize="11.0"/>
                </Word>
                <Word id="w_w1aab1b1b2c19b3ac19" language="English" custom="readingOrder {index:1;}">
                    <Coords points="497,1318 515,1318 515,1349 497,1349"/>
                    <TextEquiv>
                        <Unicode>7</Unicode>
                    </TextEquiv>
                    <TextStyle fontFamily="Times New Roman" fontSize="11.0"/>
                </Word>
                <Word id="w_w1aab1b1b2c19b3ac23" language="English" custom="readingOrder {index:2;}">
                    <Coords points="539,1324 627,1324 627,1349 539,1349"/>
                    <TextEquiv>
                        <Unicode>nov.</Unicode>
                    </TextEquiv>
                    <TextStyle fontFamily="Times New Roman" fontSize="11.0"/>
                </Word>
                <Word id="w_w1aab1b1b2c19b3ac33" language="English" custom="readingOrder {index:3;}">
                    <Coords points="646,1316 742,1316 742,1356 646,1356"/>
                    <TextEquiv>
                        <Unicode>1604,</Unicode>
                    </TextEquiv>
                    <TextStyle fontFamily="Times New Roman" fontSize="11.0"/>
                </Word>
                <Word id="w_w1aab1b1b2c19b3ac45" language="English" custom="readingOrder {index:4;}">
                    <Coords points="766,1316 778,1316 778,1349 766,1349"/>
                    <TextEquiv>
                        <Unicode>1</Unicode>
                    </TextEquiv>
                    <TextStyle fontFamily="Times New Roman" fontSize="11.0"/>
                </Word>
                <Word id="w_w1aab1b1b2c19b3ac49" language="English" custom="readingOrder {index:5;}">
                    <Coords points="797,1324 833,1324 833,1360 797,1360"/>
                    <TextEquiv>
                        <Unicode>p.</Unicode>
                    </TextEquiv>
                    <TextStyle fontFamily="Times New Roman" fontSize="11.0"/>
                </Word>
                <Word id="w_w1aab1b1b2c19b3ac55" language="English" custom="readingOrder {index:6;}">
                    <Coords points="849,1314 936,1314 936,1350 849,1350"/>
                    <TextEquiv>
                        <Unicode>in-f.</Unicode>
                    </TextEquiv>
                    <TextStyle fontFamily="Times New Roman" fontSize="11.0"/>
                </Word>
                <Word id="w_w1aab1b1b2c19b3ac67" language="English" custom="readingOrder {index:7;}">
                    <Coords points="1563,1317 1584,1317 1584,1349 1563,1349"/>
                    <TextEquiv>
                        <Unicode>9</Unicode>
                    </TextEquiv>
                    <TextStyle fontFamily="Times New Roman" fontSize="11.0"/>
                </Word>
                <Word id="w_w1aab1b1b2c19b3ac71" language="English" custom="readingOrder {index:8;}">
                    <Coords points="1632,1327 1648,1327 1648,1346 1632,1346"/>
                    <TextEquiv>
                        <Unicode>»</Unicode>
                    </TextEquiv>
                    <TextStyle fontFamily="Times New Roman" fontSize="11.0"/>
                </Word>
                <TextEquiv>
                    <Unicode>nebleau, 7 nov. 1604, 1 p. in-f. 9 »</Unicode>
                </TextEquiv>
                <TextStyle fontFamily="Times New Roman" fontSize="11.0"/>
            </TextLine>
            <TextEquiv>
                <Unicode>cript. aut., aux trésoriers généraux de France ; Fontai¬
nebleau, 7 nov. 1604, 1 p. in-f. 9 »</Unicode>
            </TextEquiv>
        </TextRegion>
        <TextRegion type="paragraph" id="r_1_11" custom="readingOrder {index:11;}">
            <Coords points="282,1358 1650,1358 1650,1438 282,1438"/>
            <TextLine id="tl_27" primaryLanguage="English" custom="readingOrder {index:0;}">
                <Coords points="344,1359 1649,1359 1649,1398 344,1398"/>
                <Baseline points="344,1389 1649,1389"/>
                <Word id="w_w1aab1b1b2c21b1ab1" language="English" custom="readingOrder {index:0;}">
                    <Coords points="344,1361 436,1361 436,1390 344,1390"/>
                    <TextEquiv>
                        <Unicode>Ordre</Unicode>
                    </TextEquiv>
                    <TextStyle fontFamily="Times New Roman" fontSize="8.0"/>
                </Word>
                <Word id="w_w1aab1b1b2c21b1ac13" language="English" custom="readingOrder {index:1;}">
                    <Coords points="467,1360 624,1360 624,1393 467,1393"/>
                    <TextEquiv>
                        <Unicode>d’envoyer</Unicode>
                    </TextEquiv>
                    <TextStyle fontFamily="Times New Roman" fontSize="8.0"/>
                </Word>
                <Word id="w_w1aab1b1b2c21b1ac33" language="English" custom="readingOrder {index:2;}">
                    <Coords points="650,1360 722,1360 722,1390 650,1390"/>
                    <TextEquiv>
                        <Unicode>dans</Unicode>
                    </TextEquiv>
                    <TextStyle fontFamily="Times New Roman" fontSize="8.0"/>
                </Word>
                <Word id="w_w1aab1b1b2c21b1ac43" language="English" custom="readingOrder {index:3;}">
                    <Coords points="742,1359 844,1359 844,1396 742,1396"/>
                    <TextEquiv>
                        <Unicode>quinze</Unicode>
                    </TextEquiv>
                    <TextStyle fontFamily="Times New Roman" fontSize="8.0"/>
                </Word>
                <Word id="w_w1aab1b1b2c21b1ac57" language="English" custom="readingOrder {index:4;}">
                    <Coords points="867,1360 950,1360 950,1398 867,1398"/>
                    <TextEquiv>
                        <Unicode>jours</Unicode>
                    </TextEquiv>
                    <TextStyle fontFamily="Times New Roman" fontSize="8.0"/>
                </Word>
                <Word id="w_w1aab1b1b2c21b1ac69" language="English" custom="readingOrder {index:5;}">
                    <Coords points="971,1367 1007,1367 1007,1388 971,1388"/>
                    <TextEquiv>
                        <Unicode>un</Unicode>
                    </TextEquiv>
                    <TextStyle fontFamily="Times New Roman" fontSize="8.0"/>
                </Word>
                <Word id="w_w1aab1b1b2c21b1ac75" language="English" custom="readingOrder {index:6;}">
                    <Coords points="1029,1359 1087,1359 1087,1389 1029,1389"/>
                    <TextEquiv>
                        <Unicode>état</Unicode>
                    </TextEquiv>
                    <TextStyle fontFamily="Times New Roman" fontSize="8.0"/>
                </Word>
                <Word id="w_w1aab1b1b2c21b1ac85" language="English" custom="readingOrder {index:7;}">
                    <Coords points="1104,1359 1155,1359 1155,1390 1104,1390"/>
                    <TextEquiv>
                        <Unicode>des</Unicode>
                    </TextEquiv>
                    <TextStyle fontFamily="Times New Roman" fontSize="8.0"/>
                </Word>
                <Word id="w_w1aab1b1b2c21b1ac93" language="English" custom="readingOrder {index:8;}">
                    <Coords points="1186,1360 1442,1360 1442,1395 1186,1395"/>
                    <TextEquiv>
                        <Unicode>condamnations,</Unicode>
                    </TextEquiv>
                    <TextStyle fontFamily="Times New Roman" fontSize="8.0"/>
                </Word>
                <Word id="w_w1aab1b1b2c21b1ad123" language="English" custom="readingOrder {index:9;}">
                    <Coords points="1463,1360 1600,1360 1600,1390 1463,1390"/>
                    <TextEquiv>
                        <Unicode>amendes</Unicode>
                    </TextEquiv>
                    <TextStyle fontFamily="Times New Roman" fontSize="8.0"/>
                </Word>
                <Word id="w_w1aab1b1b2c21b1ad139" language="English" custom="readingOrder {index:10;}">
                    <Coords points="1620,1363 1649,1363 1649,1390 1620,1390"/>
                    <TextEquiv>
                        <Unicode>et</Unicode>
                    </TextEquiv>
                    <TextStyle fontFamily="Times New Roman" fontSize="8.0"/>
                </Word>
                <TextEquiv>
                    <Unicode>Ordre d’envoyer dans quinze jours un état des condamnations, amendes et</Unicode>
                </TextEquiv>
                <TextStyle fontFamily="Times New Roman" fontSize="8.0"/>
            </TextLine>
            <TextLine id="tl_28" primaryLanguage="English" custom="readingOrder {index:1;}">
                <Coords points="283,1398 1454,1398 1454,1437 283,1437"/>
                <Baseline points="283,1429 1454,1429"/>
                <Word id="w_w1aab1b1b2c21b3ab1" language="English" custom="readingOrder {index:0;}">
                    <Coords points="283,1399 495,1399 495,1434 283,1434"/>
                    <TextEquiv>
                        <Unicode>confiscations,</Unicode>
                    </TextEquiv>
                    <TextStyle fontFamily="Times New Roman" fontSize="8.0"/>
                </Word>
                <Word id="w_w1aab1b1b2c21b3ac31" language="English" custom="readingOrder {index:1;}">
                    <Coords points="516,1398 778,1398 778,1437 516,1437"/>
                    <TextEquiv>
                        <Unicode>particulièrement</Unicode>
                    </TextEquiv>
                    <TextStyle fontFamily="Times New Roman" fontSize="8.0"/>
                </Word>
                <Word id="w_w1aab1b1b2c21b3ac65" language="English" custom="readingOrder {index:2;}">
                    <Coords points="790,1406 823,1406 823,1428 790,1428"/>
                    <TextEquiv>
                        <Unicode>en</Unicode>
                    </TextEquiv>
                    <TextStyle fontFamily="Times New Roman" fontSize="8.0"/>
                </Word>
                <Word id="w_w1aab1b1b2c21b3ac71" language="English" custom="readingOrder {index:3;}">
                    <Coords points="838,1406 870,1406 870,1429 838,1429"/>
                    <TextEquiv>
                        <Unicode>ce</Unicode>
                    </TextEquiv>
                    <TextStyle fontFamily="Times New Roman" fontSize="8.0"/>
                </Word>
                <Word id="w_w1aab1b1b2c21b3ac77" language="English" custom="readingOrder {index:4;}">
                    <Coords points="886,1400 932,1400 932,1435 886,1435"/>
                    <TextEquiv>
                        <Unicode>qui</Unicode>
                    </TextEquiv>
                    <TextStyle fontFamily="Times New Roman" fontSize="8.0"/>
                </Word>
                <Word id="w_w1aab1b1b2c21b3ac85" language="English" custom="readingOrder {index:5;}">
                    <Coords points="950,1399 1011,1399 1011,1429 950,1429"/>
                    <TextEquiv>
                        <Unicode>doit</Unicode>
                    </TextEquiv>
                    <TextStyle fontFamily="Times New Roman" fontSize="8.0"/>
                </Word>
                <Word id="w_w1aab1b1b2c21b3ac95" language="English" custom="readingOrder {index:6;}">
                    <Coords points="1028,1399 1142,1399 1142,1429 1028,1429"/>
                    <TextEquiv>
                        <Unicode>revenir</Unicode>
                    </TextEquiv>
                    <TextStyle fontFamily="Times New Roman" fontSize="8.0"/>
                </Word>
                <Word id="w_w1aab1b1b2c21b3ad111" language="English" custom="readingOrder {index:7;}">
                    <Coords points="1159,1406 1195,1406 1195,1429 1159,1429"/>
                    <TextEquiv>
                        <Unicode>au</Unicode>
                    </TextEquiv>
                    <TextStyle fontFamily="Times New Roman" fontSize="8.0"/>
                </Word>
                <Word id="w_w1aab1b1b2c21b3ad117" language="English" custom="readingOrder {index:8;}">
                    <Coords points="1213,1399 1256,1399 1256,1429 1213,1429"/>
                    <TextEquiv>
                        <Unicode>roi</Unicode>
                    </TextEquiv>
                    <TextStyle fontFamily="Times New Roman" fontSize="8.0"/>
                </Word>
                <Word id="w_w1aab1b1b2c21b3ad125" language="English" custom="readingOrder {index:9;}">
                    <Coords points="1275,1398 1374,1398 1374,1436 1275,1436"/>
                    <TextEquiv>
                        <Unicode>(Henri</Unicode>
                    </TextEquiv>
                    <TextStyle fontFamily="Times New Roman" fontSize="8.0"/>
                </Word>
                <Word id="w_w1aab1b1b2c21b3ad139" language="English" custom="readingOrder {index:10;}">
                    <Coords points="1396,1398 1454,1398 1454,1437 1396,1437"/>
                    <TextEquiv>
                        <Unicode>IV).</Unicode>
                    </TextEquiv>
                    <TextStyle fontFamily="Times New Roman" fontSize="8.0"/>
                </Word>
                <TextEquiv>
                    <Unicode>confiscations, particulièrement en ce qui doit revenir au roi (Henri IV).</Unicode>
                </TextEquiv>
                <TextStyle fontFamily="Times New Roman" fontSize="8.0"/>
            </TextLine>
            <TextEquiv>
                <Unicode>Ordre d’envoyer dans quinze jours un état des condamnations, amendes et
confiscations, particulièrement en ce qui doit revenir au roi (Henri IV).</Unicode>
            </TextEquiv>
        </TextRegion>
        <TextRegion type="paragraph" id="r_1_12" custom="readingOrder {index:12;}">
            <Coords points="185,1450 1653,1450 1653,1499 185,1499"/>
            <TextLine id="tl_29" primaryLanguage="English" custom="readingOrder {index:0;}">
                <Coords points="186,1451 1652,1451 1652,1498 186,1498"/>
                <Baseline points="186,1487 1652,1487"/>
                <Word id="w_w1aab1b1b2c23b1ab1" language="English" custom="readingOrder {index:0;}">
                    <Coords points="186,1455 271,1455 271,1489 186,1489"/>
                    <TextEquiv>
                        <Unicode>4490</Unicode>
                    </TextEquiv>
                    <TextStyle fontFamily="Times New Roman" fontSize="11.0"/>
                </Word>
                <Word id="w_w1aab1b1b2c23b1b1b1" language="English" custom="readingOrder {index:1;}">
                    <Coords points="295,1452 452,1452 452,1498 295,1498"/>
                    <TextEquiv>
                        <Unicode>Talma</Unicode>
                    </TextEquiv>
                    <TextStyle fontFamily="Times New Roman" fontSize="10.5" bold="true"/>
                </Word>
                <Word id="w_w1aab1b1b2c23b1b2b1" language="English" custom="readingOrder {index:2;}">
                    <Coords points="470,1451 612,1451 612,1498 470,1498"/>
                    <TextEquiv>
                        <Unicode>(F.-J.),</Unicode>
                    </TextEquiv>
                    <TextStyle fontFamily="Times New Roman" fontSize="11.0"/>
                </Word>
                <Word id="w_w1aab1b1b2c23b1b2c19" language="English" custom="readingOrder {index:3;}">
                    <Coords points="634,1452 823,1452 823,1487 634,1487"/>
                    <TextEquiv>
                        <Unicode>l’illustre</Unicode>
                    </TextEquiv>
                    <TextStyle fontFamily="Times New Roman" fontSize="11.0"/>
                </Word>
                <Word id="w_w1aab1b1b2c23b1b2c41" language="English" custom="readingOrder {index:4;}">
                    <Coords points="843,1452 1067,1452 1067,1498 843,1498"/>
                    <TextEquiv>
                        <Unicode>tragédien.</Unicode>
                    </TextEquiv>
                    <TextStyle fontFamily="Times New Roman" fontSize="11.0"/>
                </Word>
                <Word id="w_w1aab1b1b2c23b1b2c63" language="English" custom="readingOrder {index:5;}">
                    <Coords points="1099,1472 1141,1472 1141,1478 1099,1478"/>
                    <TextEquiv>
                        <Unicode>—</Unicode>
                    </TextEquiv>
                    <TextStyle fontFamily="Times New Roman" fontSize="11.0"/>
                </Word>
                <Word id="w_w1aab1b1b2c23b1b2c67" language="English" custom="readingOrder {index:6;}">
                    <Coords points="1160,1452 1240,1452 1240,1488 1160,1488"/>
                    <TextEquiv>
                        <Unicode>Joli</Unicode>
                    </TextEquiv>
                    <TextStyle fontFamily="Times New Roman" fontSize="11.0"/>
                </Word>
                <Word id="w_w1aab1b1b2c23b1b2c77" language="English" custom="readingOrder {index:7;}">
                    <Coords points="1279,1452 1397,1452 1397,1487 1279,1487"/>
                    <TextEquiv>
                        <Unicode>billet</Unicode>
                    </TextEquiv>
                    <TextStyle fontFamily="Times New Roman" fontSize="11.0"/>
                </Word>
                <Word id="w_w1aab1b1b2c23b1b2c91" language="English" custom="readingOrder {index:8;}">
                    <Coords points="1411,1454 1494,1454 1494,1487 1411,1487"/>
                    <TextEquiv>
                        <Unicode>aut.</Unicode>
                    </TextEquiv>
                    <TextStyle fontFamily="Times New Roman" fontSize="11.0"/>
                </Word>
                <Word id="w_w1aab1b1b2c23b1b2d101" language="English" custom="readingOrder {index:9;}">
                    <Coords points="1533,1453 1607,1453 1607,1498 1533,1498"/>
                    <TextEquiv>
                        <Unicode>sig.</Unicode>
                    </TextEquiv>
                    <TextStyle fontFamily="Times New Roman" fontSize="11.0"/>
                </Word>
                <Word id="w_w1aab1b1b2c23b1b2d111" language="English" custom="readingOrder {index:10;}">
                    <Coords points="1630,1453 1652,1453 1652,1487 1630,1487"/>
                    <TextEquiv>
                        <Unicode>à</Unicode>
                    </TextEquiv>
                    <TextStyle fontFamily="Times New Roman" fontSize="11.0"/>
                </Word>
                <TextEquiv>
                    <Unicode>4490 Talma (F.-J.), l’illustre tragédien. — Joli billet aut. sig. à</Unicode>
                </TextEquiv>
            </TextLine>
            <TextEquiv>
                <Unicode>4490 Talma (F.-J.), l’illustre tragédien. — Joli billet aut. sig. à</Unicode>
            </TextEquiv>
        </TextRegion>
        <TextRegion type="paragraph" id="r_1_13" custom="readingOrder {index:13;}">
            <Coords points="295,1496 1649,1496 1649,1543 295,1543"/>
            <TextLine id="tl_30" primaryLanguage="English" custom="readingOrder {index:0;}">
                <Coords points="296,1497 1648,1497 1648,1542 296,1542"/>
                <Baseline points="296,1532 1648,1532"/>
                <Word id="w_w1aab1b1b2c25b1ab1" language="English" custom="readingOrder {index:0;}">
                    <Coords points="296,1498 336,1498 336,1533 296,1533"/>
                    <TextEquiv>
                        <Unicode>M</Unicode>
                    </TextEquiv>
                    <TextStyle fontFamily="Times New Roman" fontSize="11.0"/>
                </Word>
                <Word id="w_w1aab1b1b2c25b1b1b1" language="English" custom="readingOrder {index:1;}">
                    <Coords points="340,1504 378,1504 378,1519 340,1519"/>
                    <TextEquiv>
                        <Unicode>rao</Unicode>
                    </TextEquiv>
                    <TextStyle fontFamily="Times New Roman" fontSize="11.0" superscript="true"/>
                </Word>
                <Word id="w_w1aab1b1b2c25b1b2b3" language="English" custom="readingOrder {index:2;}">
                    <Coords points="397,1497 515,1497 515,1542 397,1542"/>
                    <TextEquiv>
                        <Unicode>Laya,</Unicode>
                    </TextEquiv>
                    <TextStyle fontFamily="Times New Roman" fontSize="11.0"/>
                </Word>
                <Word id="w_w1aab1b1b2c25b1b2c15" language="English" custom="readingOrder {index:3;}">
                    <Coords points="544,1499 556,1499 556,1531 544,1531"/>
                    <TextEquiv>
                        <Unicode>1</Unicode>
                    </TextEquiv>
                    <TextStyle fontFamily="Times New Roman" fontSize="11.0"/>
                </Word>
                <Word id="w_w1aab1b1b2c25b1b2c19" language="English" custom="readingOrder {index:4;}">
                    <Coords points="580,1507 616,1507 616,1542 580,1542"/>
                    <TextEquiv>
                        <Unicode>p.</Unicode>
                    </TextEquiv>
                    <TextStyle fontFamily="Times New Roman" fontSize="11.0"/>
                </Word>
                <Word id="w_w1aab1b1b2c25b1b2c25" language="English" custom="readingOrder {index:5;}">
                    <Coords points="639,1497 757,1497 757,1532 639,1532"/>
                    <TextEquiv>
                        <Unicode>in-18.</Unicode>
                    </TextEquiv>
                    <TextStyle fontFamily="Times New Roman" fontSize="11.0"/>
                </Word>
                <Word id="w_w1aab1b1b2c25b1b2c43" language="English" custom="readingOrder {index:6;}">
                    <Coords points="1563,1499 1584,1499 1584,1531 1563,1531"/>
                    <TextEquiv>
                        <Unicode>6</Unicode>
                    </TextEquiv>
                    <TextStyle fontFamily="Times New Roman" fontSize="11.0"/>
                </Word>
                <Word id="w_w1aab1b1b2c25b1b2c47" language="English" custom="readingOrder {index:7;}">
                    <Coords points="1632,1510 1648,1510 1648,1529 1632,1529"/>
                    <TextEquiv>
                        <Unicode>»</Unicode>
                    </TextEquiv>
                    <TextStyle fontFamily="Times New Roman" fontSize="11.0"/>
                </Word>
                <TextEquiv>
                    <Unicode>Mme Laya, 1 p. in-18. 6 »</Unicode>
                </TextEquiv>
            </TextLine>
            <TextEquiv>
                <Unicode>Mme Laya, 1 p. in-18. 6 »</Unicode>
            </TextEquiv>
        </TextRegion>
        <TextRegion type="paragraph" id="r_1_14" custom="readingOrder {index:14;}">
            <Coords points="185,1555 1649,1555 1649,1610 185,1610"/>
            <TextLine id="tl_31" primaryLanguage="English" custom="readingOrder {index:0;}">
                <Coords points="186,1556 1648,1556 1648,1609 186,1609"/>
                <Baseline points="186,1592 1648,1592"/>
                <Word id="w_w1aab1b1b2c27b1ab1" language="English" custom="readingOrder {index:0;}">
                    <Coords points="186,1560 267,1560 267,1593 186,1593"/>
                    <TextEquiv>
                        <Unicode>4491</Unicode>
                    </TextEquiv>
                    <TextStyle fontFamily="Times New Roman" fontSize="11.0"/>
                </Word>
                <Word id="w_w1aab1b1b2c27b1b1b1" language="English" custom="readingOrder {index:1;}">
                    <Coords points="297,1558 454,1558 454,1601 297,1601"/>
                    <TextEquiv>
                        <Unicode>Thier8</Unicode>
                    </TextEquiv>
                    <TextStyle fontFamily="Times New Roman" fontSize="10.5" bold="true"/>
                </Word>
                <Word id="w_w1aab1b1b2c27b1b2b1" language="English" custom="readingOrder {index:2;}">
                    <Coords points="474,1558 557,1558 557,1609 474,1609"/>
                    <TextEquiv>
                        <Unicode>(A.),</Unicode>
                    </TextEquiv>
                    <TextStyle fontFamily="Times New Roman" fontSize="11.0"/>
                </Word>
                <Word id="w_w1aab1b1b2c27b1b2c13" language="English" custom="readingOrder {index:3;}">
                    <Coords points="579,1557 739,1557 739,1592 579,1592"/>
                    <TextEquiv>
                        <Unicode>illustre</Unicode>
                    </TextEquiv>
                    <TextStyle fontFamily="Times New Roman" fontSize="11.0"/>
                </Word>
                <Word id="w_w1aab1b1b2c27b1b2c31" language="English" custom="readingOrder {index:4;}">
                    <Coords points="760,1556 958,1556 958,1592 760,1592"/>
                    <TextEquiv>
                        <Unicode>historien</Unicode>
                    </TextEquiv>
                    <TextStyle fontFamily="Times New Roman" fontSize="11.0"/>
                </Word>
                <Word id="w_w1aab1b1b2c27b1b2c51" language="English" custom="readingOrder {index:5;}">
                    <Coords points="990,1559 1030,1559 1030,1592 990,1592"/>
                    <TextEquiv>
                        <Unicode>et</Unicode>
                    </TextEquiv>
                    <TextStyle fontFamily="Times New Roman" fontSize="11.0"/>
                </Word>
                <Word id="w_w1aab1b1b2c27b1b2c57" language="English" custom="readingOrder {index:6;}">
                    <Coords points="1055,1557 1212,1557 1212,1592 1055,1592"/>
                    <TextEquiv>
                        <Unicode>homme</Unicode>
                    </TextEquiv>
                    <TextStyle fontFamily="Times New Roman" fontSize="11.0"/>
                </Word>
                <Word id="w_w1aab1b1b2c27b1b2c69" language="English" custom="readingOrder {index:7;}">
                    <Coords points="1233,1557 1378,1557 1378,1600 1233,1600"/>
                    <TextEquiv>
                        <Unicode>d’Etat,</Unicode>
                    </TextEquiv>
                    <TextStyle fontFamily="Times New Roman" fontSize="11.0"/>
                </Word>
                <Word id="w_w1aab1b1b2c27b1b2c85" language="English" custom="readingOrder {index:8;}">
                    <Coords points="1416,1557 1462,1557 1462,1592 1416,1592"/>
                    <TextEquiv>
                        <Unicode>de</Unicode>
                    </TextEquiv>
                    <TextStyle fontFamily="Times New Roman" fontSize="11.0"/>
                </Word>
                <Word id="w_w1aab1b1b2c27b1b2c91" language="English" custom="readingOrder {index:9;}">
                    <Coords points="1501,1557 1648,1557 1648,1593 1501,1593"/>
                    <TextEquiv>
                        <Unicode>l’Acad.</Unicode>
                    </TextEquiv>
                    <TextStyle fontFamily="Times New Roman" fontSize="11.0"/>
                </Word>
                <TextEquiv>
                    <Unicode>4491 Thiers (A.), illustre historien et homme d’Etat, de l’Acad.</Unicode>
                </TextEquiv>
            </TextLine>
            <TextEquiv>
                <Unicode>4491 Thiers (A.), illustre historien et homme d’Etat, de l’Acad.</Unicode>
            </TextEquiv>
        </TextRegion>
        <TextRegion type="paragraph" id="r_1_15" custom="readingOrder {index:15;}">
            <Coords points="296,1600 1651,1600 1651,1692 296,1692"/>
            <TextLine id="tl_32" primaryLanguage="English" custom="readingOrder {index:0;}">
                <Coords points="299,1601 1649,1601 1649,1647 299,1647"/>
                <Baseline points="299,1636 1649,1636"/>
                <Word id="w_w1aab1b1b2c29b1ab1" language="English" custom="readingOrder {index:0;}">
                    <Coords points="299,1602 439,1602 439,1644 299,1644"/>
                    <TextEquiv>
                        <Unicode>franc.,</Unicode>
                    </TextEquiv>
                    <TextStyle fontFamily="Times New Roman" fontSize="11.0"/>
                </Word>
                <Word id="w_w1aab1b1b2c29b1ac17" language="English" custom="readingOrder {index:1;}">
                    <Coords points="461,1601 509,1601 509,1636 461,1636"/>
                    <TextEquiv>
                        <Unicode>né</Unicode>
                    </TextEquiv>
                    <TextStyle fontFamily="Times New Roman" fontSize="11.0"/>
                </Word>
                <Word id="w_w1aab1b1b2c29b1ac23" language="English" custom="readingOrder {index:2;}">
                    <Coords points="529,1612 550,1612 550,1636 529,1636"/>
                    <TextEquiv>
                        <Unicode>a</Unicode>
                    </TextEquiv>
                    <TextStyle fontFamily="Times New Roman" fontSize="11.0"/>
                </Word>
                <Word id="w_w1aab1b1b2c29b1ac27" language="English" custom="readingOrder {index:3;}">
                    <Coords points="568,1601 786,1601 786,1637 568,1637"/>
                    <TextEquiv>
                        <Unicode>Marseille.</Unicode>
                    </TextEquiv>
                    <TextStyle fontFamily="Times New Roman" fontSize="11.0"/>
                </Word>
                <Word id="w_w1aab1b1b2c29b1ac49" language="English" custom="readingOrder {index:4;}">
                    <Coords points="806,1601 905,1601 905,1636 806,1636"/>
                    <TextEquiv>
                        <Unicode>—L.</Unicode>
                    </TextEquiv>
                    <TextStyle fontFamily="Times New Roman" fontSize="11.0"/>
                </Word>
                <Word id="w_w1aab1b1b2c29b1ac57" language="English" custom="readingOrder {index:5;}">
                    <Coords points="927,1612 961,1612 961,1636 927,1636"/>
                    <TextEquiv>
                        <Unicode>a.</Unicode>
                    </TextEquiv>
                    <TextStyle fontFamily="Times New Roman" fontSize="11.0"/>
                </Word>
                <Word id="w_w1aab1b1b2c29b1ac63" language="English" custom="readingOrder {index:6;}">
                    <Coords points="978,1601 1052,1601 1052,1647 978,1647"/>
                    <TextEquiv>
                        <Unicode>sig.</Unicode>
                    </TextEquiv>
                    <TextStyle fontFamily="Times New Roman" fontSize="11.0"/>
                </Word>
                <Word id="w_w1aab1b1b2c29b1b1b1" language="English" custom="readingOrder {index:7;}">
                    <Coords points="1074,1605 1118,1605 1118,1636 1074,1636"/>
                    <TextEquiv>
                        <Unicode>A.</Unicode>
                    </TextEquiv>
                    <TextStyle fontFamily="Times New Roman" fontSize="10.5" italic="true"/>
                </Word>
                <Word id="w_w1aab1b1b2c29b1b1b7" language="English" custom="readingOrder {index:8;}">
                    <Coords points="1142,1604 1266,1604 1266,1642 1142,1642"/>
                    <TextEquiv>
                        <Unicode>Thiers,</Unicode>
                    </TextEquiv>
                    <TextStyle fontFamily="Times New Roman" fontSize="10.5" italic="true"/>
                </Word>
                <Word id="w_w1aab1b1b2c29b1b1c23" language="English" custom="readingOrder {index:9;}">
                    <Coords points="1283,1603 1400,1603 1400,1646 1283,1646"/>
                    <TextEquiv>
                        <Unicode>député</Unicode>
                    </TextEquiv>
                    <TextStyle fontFamily="Times New Roman" fontSize="10.5" italic="true"/>
                </Word>
                <Word id="w_w1aab1b1b2c29b1b1c37" language="English" custom="readingOrder {index:10;}">
                    <Coords points="1417,1603 1457,1603 1457,1636 1417,1636"/>
                    <TextEquiv>
                        <Unicode>de</Unicode>
                    </TextEquiv>
                    <TextStyle fontFamily="Times New Roman" fontSize="10.5" italic="true"/>
                </Word>
                <Word id="w_w1aab1b1b2c29b1b1c43" language="English" custom="readingOrder {index:11;}">
                    <Coords points="1486,1603 1520,1603 1520,1636 1486,1636"/>
                    <TextEquiv>
                        <Unicode>la</Unicode>
                    </TextEquiv>
                    <TextStyle fontFamily="Times New Roman" fontSize="10.5" italic="true"/>
                </Word>
                <Word id="w_w1aab1b1b2c29b1b1c49" language="English" custom="readingOrder {index:12;}">
                    <Coords points="1538,1604 1636,1604 1636,1638 1538,1638"/>
                    <TextEquiv>
                        <Unicode>Seine</Unicode>
                    </TextEquiv>
                    <TextStyle fontFamily="Times New Roman" fontSize="10.5" italic="true"/>
                </Word>
                <Word id="w_w1aab1b1b2c29b1b2b1" language="English" custom="readingOrder {index:13;}">
                    <Coords points="1640,1630 1649,1630 1649,1642 1640,1642"/>
                    <TextEquiv>
                        <Unicode>,</Unicode>
                    </TextEquiv>
                    <TextStyle fontFamily="Times New Roman" fontSize="11.0"/>
                </Word>
                <TextEquiv>
                    <Unicode>franc., né a Marseille. —L. a. sig. A. Thiers, député de la Seine,</Unicode>
                </TextEquiv>
            </TextLine>
            <TextLine id="tl_33" primaryLanguage="English" custom="readingOrder {index:1;}">
                <Coords points="297,1640 1650,1640 1650,1691 297,1691"/>
                <Baseline points="297,1681 1650,1681"/>
                <Word id="w_w1aab1b1b2c29b3ab1" language="English" custom="readingOrder {index:0;}">
                    <Coords points="297,1646 332,1646 332,1690 297,1690"/>
                    <TextEquiv>
                        <Unicode>(à</Unicode>
                    </TextEquiv>
                    <TextStyle fontFamily="Times New Roman" fontSize="11.0"/>
                </Word>
                <Word id="w_w1aab1b1b2c29b3ab7" language="English" custom="readingOrder {index:1;}">
                    <Coords points="350,1646 401,1646 401,1681 350,1681"/>
                    <TextEquiv>
                        <Unicode>M.</Unicode>
                    </TextEquiv>
                    <TextStyle fontFamily="Times New Roman" fontSize="11.0"/>
                </Word>
                <Word id="w_w1aab1b1b2c29b3b1b1" language="English" custom="readingOrder {index:2;}">
                    <Coords points="398,1640 408,1640 408,1649 398,1649"/>
                    <TextEquiv>
                        <Unicode>J</Unicode>
                    </TextEquiv>
                    <TextStyle fontFamily="Times New Roman" fontSize="11.0" superscript="true"/>
                </Word>
                <Word id="w_w1aab1b1b2c29b3b2b3" language="English" custom="readingOrder {index:3;}">
                    <Coords points="422,1646 538,1646 538,1681 422,1681"/>
                    <TextEquiv>
                        <Unicode>M.-A.</Unicode>
                    </TextEquiv>
                    <TextStyle fontFamily="Times New Roman" fontSize="11.0"/>
                </Word>
                <Word id="w_w1aab1b1b2c29b3b2c15" language="English" custom="readingOrder {index:4;}">
                    <Coords points="555,1646 770,1646 770,1690 555,1690"/>
                    <TextEquiv>
                        <Unicode>Gromier);</Unicode>
                    </TextEquiv>
                    <TextStyle fontFamily="Times New Roman" fontSize="11.0"/>
                </Word>
                <Word id="w_w1aab1b1b2c29b3b2c35" language="English" custom="readingOrder {index:5;}">
                    <Coords points="792,1645 919,1645 919,1688 792,1688"/>
                    <TextEquiv>
                        <Unicode>Paris,</Unicode>
                    </TextEquiv>
                    <TextStyle fontFamily="Times New Roman" fontSize="11.0"/>
                </Word>
                <Word id="w_w1aab1b1b2c29b3b2c49" language="English" custom="readingOrder {index:6;}">
                    <Coords points="940,1648 978,1648 978,1681 940,1681"/>
                    <TextEquiv>
                        <Unicode>31</Unicode>
                    </TextEquiv>
                    <TextStyle fontFamily="Times New Roman" fontSize="11.0"/>
                </Word>
                <Word id="w_w1aab1b1b2c29b3b2c55" language="English" custom="readingOrder {index:7;}">
                    <Coords points="998,1656 1102,1656 1102,1681 998,1681"/>
                    <TextEquiv>
                        <Unicode>mars</Unicode>
                    </TextEquiv>
                    <TextStyle fontFamily="Times New Roman" fontSize="11.0"/>
                </Word>
                <Word id="w_w1aab1b1b2c29b3b2c65" language="English" custom="readingOrder {index:8;}">
                    <Coords points="1126,1648 1221,1648 1221,1689 1126,1689"/>
                    <TextEquiv>
                        <Unicode>1868,</Unicode>
                    </TextEquiv>
                    <TextStyle fontFamily="Times New Roman" fontSize="11.0"/>
                </Word>
                <Word id="w_w1aab1b1b2c29b3b2c77" language="English" custom="readingOrder {index:9;}">
                    <Coords points="1237,1649 1258,1649 1258,1682 1237,1682"/>
                    <TextEquiv>
                        <Unicode>4</Unicode>
                    </TextEquiv>
                    <TextStyle fontFamily="Times New Roman" fontSize="11.0"/>
                </Word>
                <Word id="w_w1aab1b1b2c29b3b2c81" language="English" custom="readingOrder {index:10;}">
                    <Coords points="1272,1656 1307,1656 1307,1691 1272,1691"/>
                    <TextEquiv>
                        <Unicode>p.</Unicode>
                    </TextEquiv>
                    <TextStyle fontFamily="Times New Roman" fontSize="11.0"/>
                </Word>
                <Word id="w_w1aab1b1b2c29b3b2c87" language="English" custom="readingOrder {index:11;}">
                    <Coords points="1330,1646 1381,1646 1381,1691 1330,1691"/>
                    <TextEquiv>
                        <Unicode>pi.</Unicode>
                    </TextEquiv>
                    <TextStyle fontFamily="Times New Roman" fontSize="11.0"/>
                </Word>
                <Word id="w_w1aab1b1b2c29b3b2c95" language="English" custom="readingOrder {index:12;}">
                    <Coords points="1400,1645 1493,1645 1493,1681 1400,1681"/>
                    <TextEquiv>
                        <Unicode>in-8.</Unicode>
                    </TextEquiv>
                    <TextStyle fontFamily="Times New Roman" fontSize="11.0"/>
                </Word>
                <Word id="w_w1aab1b1b2c29b3b2d107" language="English" custom="readingOrder {index:13;}">
                    <Coords points="1546,1649 1585,1649 1585,1681 1546,1681"/>
                    <TextEquiv>
                        <Unicode>10</Unicode>
                    </TextEquiv>
                    <TextStyle fontFamily="Times New Roman" fontSize="11.0"/>
                </Word>
                <Word id="w_w1aab1b1b2c29b3b2d113" language="English" custom="readingOrder {index:14;}">
                    <Coords points="1634,1660 1650,1660 1650,1678 1634,1678"/>
                    <TextEquiv>
                        <Unicode>»</Unicode>
                    </TextEquiv>
                    <TextStyle fontFamily="Times New Roman" fontSize="11.0"/>
                </Word>
                <TextEquiv>
                    <Unicode>(à M.J M.-A. Gromier); Paris, 31 mars 1868, 4 p. pi. in-8. 10 »</Unicode>
                </TextEquiv>
            </TextLine>
            <TextEquiv>
                <Unicode>franc., né a Marseille. —L. a. sig. A. Thiers, député de la Seine,
(à M.J M.-A. Gromier); Paris, 31 mars 1868, 4 p. pi. in-8. 10 »</Unicode>
            </TextEquiv>
        </TextRegion>
        <TextRegion type="paragraph" id="r_1_16" custom="readingOrder {index:16;}">
            <Coords points="284,1695 1654,1695 1654,2046 284,2046"/>
            <TextLine id="tl_34" primaryLanguage="English" custom="readingOrder {index:0;}">
                <Coords points="346,1696 1652,1696 1652,1734 346,1734"/>
                <Baseline points="346,1726 1652,1726"/>
                <Word id="w_w1aab1b1b2c31b1ab1" language="English" custom="readingOrder {index:0;}">
                    <Coords points="346,1696 444,1696 444,1734 346,1734"/>
                    <TextEquiv>
                        <Unicode>Epître</Unicode>
                    </TextEquiv>
                    <TextStyle fontFamily="Times New Roman" fontSize="8.0"/>
                </Word>
                <Word id="w_w1aab1b1b2c31b1ac15" language="English" custom="readingOrder {index:1;}">
                    <Coords points="460,1696 732,1696 732,1727 460,1727"/>
                    <TextEquiv>
                        <Unicode>très-intéressante</Unicode>
                    </TextEquiv>
                    <TextStyle fontFamily="Times New Roman" fontSize="8.0"/>
                </Word>
                <Word id="w_w1aab1b1b2c31b1ac51" language="English" custom="readingOrder {index:2;}">
                    <Coords points="749,1704 800,1704 800,1726 749,1726"/>
                    <TextEquiv>
                        <Unicode>sur</Unicode>
                    </TextEquiv>
                    <TextStyle fontFamily="Times New Roman" fontSize="8.0"/>
                </Word>
                <Word id="w_w1aab1b1b2c31b1ac59" language="English" custom="readingOrder {index:3;}">
                    <Coords points="815,1696 859,1696 859,1726 815,1726"/>
                    <TextEquiv>
                        <Unicode>les</Unicode>
                    </TextEquiv>
                    <TextStyle fontFamily="Times New Roman" fontSize="8.0"/>
                </Word>
                <Word id="w_w1aab1b1b2c31b1ac67" language="English" custom="readingOrder {index:4;}">
                    <Coords points="877,1697 1012,1697 1012,1726 877,1726"/>
                    <TextEquiv>
                        <Unicode>élections</Unicode>
                    </TextEquiv>
                    <TextStyle fontFamily="Times New Roman" fontSize="8.0"/>
                </Word>
                <Word id="w_w1aab1b1b2c31b1ac87" language="English" custom="readingOrder {index:5;}">
                    <Coords points="1030,1697 1066,1697 1066,1726 1030,1726"/>
                    <TextEquiv>
                        <Unicode>de</Unicode>
                    </TextEquiv>
                    <TextStyle fontFamily="Times New Roman" fontSize="8.0"/>
                </Word>
                <Word id="w_w1aab1b1b2c31b1ac93" language="English" custom="readingOrder {index:6;}">
                    <Coords points="1087,1696 1172,1696 1172,1727 1087,1727"/>
                    <TextEquiv>
                        <Unicode>1869.</Unicode>
                    </TextEquiv>
                    <TextStyle fontFamily="Times New Roman" fontSize="8.0"/>
                </Word>
                <Word id="w_w1aab1b1b2c31b1ad105" language="English" custom="readingOrder {index:7;}">
                    <Coords points="1192,1697 1248,1697 1248,1727 1192,1727"/>
                    <TextEquiv>
                        <Unicode>Des</Unicode>
                    </TextEquiv>
                    <TextStyle fontFamily="Times New Roman" fontSize="8.0"/>
                </Word>
                <Word id="w_w1aab1b1b2c31b1ad113" language="English" custom="readingOrder {index:8;}">
                    <Coords points="1269,1697 1409,1697 1409,1727 1269,1727"/>
                    <TextEquiv>
                        <Unicode>électeurs</Unicode>
                    </TextEquiv>
                    <TextStyle fontFamily="Times New Roman" fontSize="8.0"/>
                </Word>
                <Word id="w_w1aab1b1b2c31b1ad133" language="English" custom="readingOrder {index:9;}">
                    <Coords points="1425,1696 1460,1696 1460,1726 1425,1726"/>
                    <TextEquiv>
                        <Unicode>de</Unicode>
                    </TextEquiv>
                    <TextStyle fontFamily="Times New Roman" fontSize="8.0"/>
                </Word>
                <Word id="w_w1aab1b1b2c31b1ad139" language="English" custom="readingOrder {index:10;}">
                    <Coords points="1478,1696 1566,1696 1566,1733 1478,1733"/>
                    <TextEquiv>
                        <Unicode>l’Ain,</Unicode>
                    </TextEquiv>
                    <TextStyle fontFamily="Times New Roman" fontSize="8.0"/>
                </Word>
                <Word id="w_w1aab1b1b2c31b1ad153" language="English" custom="readingOrder {index:11;}">
                    <Coords points="1583,1697 1652,1697 1652,1727 1583,1727"/>
                    <TextEquiv>
                        <Unicode>dont</Unicode>
                    </TextEquiv>
                    <TextStyle fontFamily="Times New Roman" fontSize="8.0"/>
                </Word>
                <TextEquiv>
                    <Unicode>Epître très-intéressante sur les élections de 1869. Des électeurs de l’Ain, dont</Unicode>
                </TextEquiv>
                <TextStyle fontFamily="Times New Roman" fontSize="8.0"/>
            </TextLine>
            <TextLine id="tl_35" primaryLanguage="English" custom="readingOrder {index:1;}">
                <Coords points="286,1735 1650,1735 1650,1773 286,1773"/>
                <Baseline points="286,1765 1650,1765"/>
                <Word id="w_w1aab1b1b2c31b3ab1" language="English" custom="readingOrder {index:0;}">
                    <Coords points="286,1735 303,1735 303,1765 286,1765"/>
                    <TextEquiv>
                        <Unicode>il</Unicode>
                    </TextEquiv>
                    <TextStyle fontFamily="Times New Roman" fontSize="8.0"/>
                </Word>
                <Word id="w_w1aab1b1b2c31b3ab7" language="English" custom="readingOrder {index:1;}">
                    <Coords points="317,1735 371,1735 371,1765 317,1765"/>
                    <TextEquiv>
                        <Unicode>cite</Unicode>
                    </TextEquiv>
                    <TextStyle fontFamily="Times New Roman" fontSize="8.0"/>
                </Word>
                <Word id="w_w1aab1b1b2c31b3ac17" language="English" custom="readingOrder {index:2;}">
                    <Coords points="389,1735 431,1735 431,1765 389,1765"/>
                    <TextEquiv>
                        <Unicode>les</Unicode>
                    </TextEquiv>
                    <TextStyle fontFamily="Times New Roman" fontSize="8.0"/>
                </Word>
                <Word id="w_w1aab1b1b2c31b3ac25" language="English" custom="readingOrder {index:3;}">
                    <Coords points="449,1743 544,1743 544,1772 449,1772"/>
                    <TextEquiv>
                        <Unicode>noms,</Unicode>
                    </TextEquiv>
                    <TextStyle fontFamily="Times New Roman" fontSize="8.0"/>
                </Word>
                <Word id="w_w1aab1b1b2c31b3ac37" language="English" custom="readingOrder {index:4;}">
                    <Coords points="562,1735 602,1735 602,1765 562,1765"/>
                    <TextEquiv>
                        <Unicode>lui</Unicode>
                    </TextEquiv>
                    <TextStyle fontFamily="Times New Roman" fontSize="8.0"/>
                </Word>
                <Word id="w_w1aab1b1b2c31b3ac45" language="English" custom="readingOrder {index:5;}">
                    <Coords points="624,1739 674,1739 674,1766 624,1766"/>
                    <TextEquiv>
                        <Unicode>ont</Unicode>
                    </TextEquiv>
                    <TextStyle fontFamily="Times New Roman" fontSize="8.0"/>
                </Word>
                <Word id="w_w1aab1b1b2c31b3ac53" language="English" custom="readingOrder {index:6;}">
                    <Coords points="701,1735 785,1735 785,1766 701,1766"/>
                    <TextEquiv>
                        <Unicode>offert</Unicode>
                    </TextEquiv>
                    <TextStyle fontFamily="Times New Roman" fontSize="8.0"/>
                </Word>
                <Word id="w_w1aab1b1b2c31b3ac67" language="English" custom="readingOrder {index:7;}">
                    <Coords points="802,1735 830,1735 830,1764 802,1764"/>
                    <TextEquiv>
                        <Unicode>la</Unicode>
                    </TextEquiv>
                    <TextStyle fontFamily="Times New Roman" fontSize="8.0"/>
                </Word>
                <Word id="w_w1aab1b1b2c31b3ac73" language="English" custom="readingOrder {index:8;}">
                    <Coords points="848,1735 1037,1735 1037,1765 848,1765"/>
                    <TextEquiv>
                        <Unicode>candidature</Unicode>
                    </TextEquiv>
                    <TextStyle fontFamily="Times New Roman" fontSize="8.0"/>
                </Word>
                <Word id="w_w1aab1b1b2c31b3ac97" language="English" custom="readingOrder {index:9;}">
                    <Coords points="1066,1735 1139,1735 1139,1765 1066,1765"/>
                    <TextEquiv>
                        <Unicode>dans</Unicode>
                    </TextEquiv>
                    <TextStyle fontFamily="Times New Roman" fontSize="8.0"/>
                </Word>
                <Word id="w_w1aab1b1b2c31b3ad107" language="English" custom="readingOrder {index:10;}">
                    <Coords points="1162,1743 1194,1743 1194,1765 1162,1765"/>
                    <TextEquiv>
                        <Unicode>ce</Unicode>
                    </TextEquiv>
                    <TextStyle fontFamily="Times New Roman" fontSize="8.0"/>
                </Word>
                <Word id="w_w1aab1b1b2c31b3ad113" language="English" custom="readingOrder {index:11;}">
                    <Coords points="1225,1736 1437,1736 1437,1773 1225,1773"/>
                    <TextEquiv>
                        <Unicode>département.</Unicode>
                    </TextEquiv>
                    <TextStyle fontFamily="Times New Roman" fontSize="8.0"/>
                </Word>
                <Word id="w_w1aab1b1b2c31b3ad139" language="English" custom="readingOrder {index:12;}">
                    <Coords points="1468,1735 1488,1735 1488,1764 1468,1764"/>
                    <TextEquiv>
                        <Unicode>Il</Unicode>
                    </TextEquiv>
                    <TextStyle fontFamily="Times New Roman" fontSize="8.0"/>
                </Word>
                <Word id="w_w1aab1b1b2c31b3ad145" language="English" custom="readingOrder {index:13;}">
                    <Coords points="1521,1738 1650,1738 1650,1773 1521,1773"/>
                    <TextEquiv>
                        <Unicode>accepte,</Unicode>
                    </TextEquiv>
                    <TextStyle fontFamily="Times New Roman" fontSize="8.0"/>
                </Word>
                <TextEquiv>
                    <Unicode>il cite les noms, lui ont offert la candidature dans ce département. Il accepte,</Unicode>
                </TextEquiv>
                <TextStyle fontFamily="Times New Roman" fontSize="8.0"/>
            </TextLine>
            <TextLine id="tl_36" primaryLanguage="English" custom="readingOrder {index:2;}">
                <Coords points="286,1774 1651,1774 1651,1812 286,1812"/>
                <Baseline points="286,1804 1651,1804"/>
                <Word id="w_w1aab1b1b2c31b5ab1" language="English" custom="readingOrder {index:0;}">
                    <Coords points="286,1774 359,1774 359,1804 286,1804"/>
                    <TextEquiv>
                        <Unicode>mais</Unicode>
                    </TextEquiv>
                    <TextStyle fontFamily="Times New Roman" fontSize="8.0"/>
                </Word>
                <Word id="w_w1aab1b1b2c31b5ac11" language="English" custom="readingOrder {index:1;}">
                    <Coords points="374,1782 408,1782 408,1804 374,1804"/>
                    <TextEquiv>
                        <Unicode>en</Unicode>
                    </TextEquiv>
                    <TextStyle fontFamily="Times New Roman" fontSize="8.0"/>
                </Word>
                <Word id="w_w1aab1b1b2c31b5ac17" language="English" custom="readingOrder {index:2;}">
                    <Coords points="421,1782 453,1782 453,1804 421,1804"/>
                    <TextEquiv>
                        <Unicode>se</Unicode>
                    </TextEquiv>
                    <TextStyle fontFamily="Times New Roman" fontSize="8.0"/>
                </Word>
                <Word id="w_w1aab1b1b2c31b5ac23" language="English" custom="readingOrder {index:3;}">
                    <Coords points="475,1774 628,1774 628,1805 475,1805"/>
                    <TextEquiv>
                        <Unicode>réservant</Unicode>
                    </TextEquiv>
                    <TextStyle fontFamily="Times New Roman" fontSize="8.0"/>
                </Word>
                <Word id="w_w1aab1b1b2c31b5ac43" language="English" custom="readingOrder {index:4;}">
                    <Coords points="644,1782 678,1782 678,1804 644,1804"/>
                    <TextEquiv>
                        <Unicode>sa</Unicode>
                    </TextEquiv>
                    <TextStyle fontFamily="Times New Roman" fontSize="8.0"/>
                </Word>
                <Word id="w_w1aab1b1b2c31b5ac49" language="English" custom="readingOrder {index:5;}">
                    <Coords points="695,1774 797,1774 797,1804 695,1804"/>
                    <TextEquiv>
                        <Unicode>liberté</Unicode>
                    </TextEquiv>
                    <TextStyle fontFamily="Times New Roman" fontSize="8.0"/>
                </Word>
                <Word id="w_w1aab1b1b2c31b5ac65" language="English" custom="readingOrder {index:6;}">
                    <Coords points="815,1774 943,1774 943,1811 815,1811"/>
                    <TextEquiv>
                        <Unicode>d’option</Unicode>
                    </TextEquiv>
                    <TextStyle fontFamily="Times New Roman" fontSize="8.0"/>
                </Word>
                <Word id="w_w1aab1b1b2c31b5ac83" language="English" custom="readingOrder {index:7;}">
                    <Coords points="964,1782 998,1782 998,1804 964,1804"/>
                    <TextEquiv>
                        <Unicode>en</Unicode>
                    </TextEquiv>
                    <TextStyle fontFamily="Times New Roman" fontSize="8.0"/>
                </Word>
                <Word id="w_w1aab1b1b2c31b5ac89" language="English" custom="readingOrder {index:8;}">
                    <Coords points="1012,1782 1061,1782 1061,1803 1012,1803"/>
                    <TextEquiv>
                        <Unicode>cas</Unicode>
                    </TextEquiv>
                    <TextStyle fontFamily="Times New Roman" fontSize="8.0"/>
                </Word>
                <Word id="w_w1aab1b1b2c31b5ac97" language="English" custom="readingOrder {index:9;}">
                    <Coords points="1077,1774 1244,1774 1244,1805 1077,1805"/>
                    <TextEquiv>
                        <Unicode>d’élections</Unicode>
                    </TextEquiv>
                    <TextStyle fontFamily="Times New Roman" fontSize="8.0"/>
                </Word>
                <Word id="w_w1aab1b1b2c31b5ad121" language="English" custom="readingOrder {index:10;}">
                    <Coords points="1268,1774 1424,1774 1424,1812 1268,1812"/>
                    <TextEquiv>
                        <Unicode>multiples.</Unicode>
                    </TextEquiv>
                    <TextStyle fontFamily="Times New Roman" fontSize="8.0"/>
                </Word>
                <Word id="w_w1aab1b1b2c31b5ad143" language="English" custom="readingOrder {index:11;}">
                    <Coords points="1445,1784 1457,1784 1457,1799 1445,1799"/>
                    <TextEquiv>
                        <Unicode>«</Unicode>
                    </TextEquiv>
                    <TextStyle fontFamily="Times New Roman" fontSize="8.0"/>
                </Word>
                <Word id="w_w1aab1b1b2c31b5ad147" language="English" custom="readingOrder {index:12;}">
                    <Coords points="1478,1774 1557,1774 1557,1804 1478,1804"/>
                    <TextEquiv>
                        <Unicode>C’est</Unicode>
                    </TextEquiv>
                    <TextStyle fontFamily="Times New Roman" fontSize="8.0"/>
                </Word>
                <Word id="w_w1aab1b1b2c31b5ad159" language="English" custom="readingOrder {index:13;}">
                    <Coords points="1581,1782 1651,1782 1651,1805 1581,1805"/>
                    <TextEquiv>
                        <Unicode>avec</Unicode>
                    </TextEquiv>
                    <TextStyle fontFamily="Times New Roman" fontSize="8.0"/>
                </Word>
                <TextEquiv>
                    <Unicode>mais en se réservant sa liberté d’option en cas d’élections multiples. « C’est avec</Unicode>
                </TextEquiv>
                <TextStyle fontFamily="Times New Roman" fontSize="8.0"/>
            </TextLine>
            <TextLine id="tl_37" primaryLanguage="English" custom="readingOrder {index:3;}">
                <Coords points="287,1813 1648,1813 1648,1851 287,1851"/>
                <Baseline points="287,1843 1648,1843"/>
                <Word id="w_w1aab1b1b2c31b7ab1" language="English" custom="readingOrder {index:0;}">
                    <Coords points="287,1816 393,1816 393,1850 287,1850"/>
                    <TextEquiv>
                        <Unicode>regret,</Unicode>
                    </TextEquiv>
                    <TextStyle fontFamily="Times New Roman" fontSize="8.0"/>
                </Word>
                <Word id="w_w1aab1b1b2c31b7ac17" language="English" custom="readingOrder {index:1;}">
                    <Coords points="412,1813 580,1813 580,1851 412,1851"/>
                    <TextEquiv>
                        <Unicode>ajoute-t-il,</Unicode>
                    </TextEquiv>
                    <TextStyle fontFamily="Times New Roman" fontSize="8.0"/>
                </Word>
                <Word id="w_w1aab1b1b2c31b7ac43" language="English" custom="readingOrder {index:2;}">
                    <Coords points="599,1820 654,1820 654,1849 599,1849"/>
                    <TextEquiv>
                        <Unicode>que</Unicode>
                    </TextEquiv>
                    <TextStyle fontFamily="Times New Roman" fontSize="8.0"/>
                </Word>
                <Word id="w_w1aab1b1b2c31b7ac51" language="English" custom="readingOrder {index:3;}">
                    <Coords points="667,1813 696,1813 696,1851 667,1851"/>
                    <TextEquiv>
                        <Unicode>je</Unicode>
                    </TextEquiv>
                    <TextStyle fontFamily="Times New Roman" fontSize="8.0"/>
                </Word>
                <Word id="w_w1aab1b1b2c31b7ac57" language="English" custom="readingOrder {index:4;}">
                    <Coords points="715,1814 776,1814 776,1843 715,1843"/>
                    <TextEquiv>
                        <Unicode>suis</Unicode>
                    </TextEquiv>
                    <TextStyle fontFamily="Times New Roman" fontSize="8.0"/>
                </Word>
                <Word id="w_w1aab1b1b2c31b7ac67" language="English" custom="readingOrder {index:5;}">
                    <Coords points="795,1814 905,1814 905,1846 795,1846"/>
                    <TextEquiv>
                        <Unicode>rentré,</Unicode>
                    </TextEquiv>
                    <TextStyle fontFamily="Times New Roman" fontSize="8.0"/>
                </Word>
                <Word id="w_w1aab1b1b2c31b7ac83" language="English" custom="readingOrder {index:6;}">
                    <Coords points="927,1815 942,1815 942,1842 927,1842"/>
                    <TextEquiv>
                        <Unicode>à</Unicode>
                    </TextEquiv>
                    <TextStyle fontFamily="Times New Roman" fontSize="8.0"/>
                </Word>
                <Word id="w_w1aab1b1b2c31b7ac87" language="English" custom="readingOrder {index:7;}">
                    <Coords points="972,1820 1039,1820 1039,1842 972,1842"/>
                    <TextEquiv>
                        <Unicode>mon</Unicode>
                    </TextEquiv>
                    <TextStyle fontFamily="Times New Roman" fontSize="8.0"/>
                </Word>
                <Word id="w_w1aab1b1b2c31b7ac95" language="English" custom="readingOrder {index:8;}">
                    <Coords points="1061,1813 1125,1813 1125,1851 1061,1851"/>
                    <TextEquiv>
                        <Unicode>âge,</Unicode>
                    </TextEquiv>
                    <TextStyle fontFamily="Times New Roman" fontSize="8.0"/>
                </Word>
                <Word id="w_w1aab1b1b2c31b7ad105" language="English" custom="readingOrder {index:9;}">
                    <Coords points="1148,1813 1220,1813 1220,1844 1148,1844"/>
                    <TextEquiv>
                        <Unicode>dans</Unicode>
                    </TextEquiv>
                    <TextStyle fontFamily="Times New Roman" fontSize="8.0"/>
                </Word>
                <Word id="w_w1aab1b1b2c31b7ad115" language="English" custom="readingOrder {index:10;}">
                    <Coords points="1239,1814 1266,1814 1266,1843 1239,1843"/>
                    <TextEquiv>
                        <Unicode>la</Unicode>
                    </TextEquiv>
                    <TextStyle fontFamily="Times New Roman" fontSize="8.0"/>
                </Word>
                <Word id="w_w1aab1b1b2c31b7ad121" language="English" custom="readingOrder {index:11;}">
                    <Coords points="1284,1813 1330,1813 1330,1845 1284,1845"/>
                    <TextEquiv>
                        <Unicode>vie</Unicode>
                    </TextEquiv>
                    <TextStyle fontFamily="Times New Roman" fontSize="8.0"/>
                </Word>
                <Word id="w_w1aab1b1b2c31b7ad129" language="English" custom="readingOrder {index:12;}">
                    <Coords points="1346,1814 1484,1814 1484,1851 1346,1851"/>
                    <TextEquiv>
                        <Unicode>publique</Unicode>
                    </TextEquiv>
                    <TextStyle fontFamily="Times New Roman" fontSize="8.0"/>
                </Word>
                <Word id="w_w1aab1b1b2c31b7ad147" language="English" custom="readingOrder {index:13;}">
                    <Coords points="1496,1822 1504,1822 1504,1849 1496,1849"/>
                    <TextEquiv>
                        <Unicode>;</Unicode>
                    </TextEquiv>
                    <TextStyle fontFamily="Times New Roman" fontSize="8.0"/>
                </Word>
                <Word id="w_w1aab1b1b2c31b7ad151" language="English" custom="readingOrder {index:14;}">
                    <Coords points="1540,1813 1611,1813 1611,1843 1540,1843"/>
                    <TextEquiv>
                        <Unicode>c'est</Unicode>
                    </TextEquiv>
                    <TextStyle fontFamily="Times New Roman" fontSize="8.0"/>
                </Word>
                <Word id="w_w1aab1b1b2c31b7ad163" language="English" custom="readingOrder {index:15;}">
                    <Coords points="1633,1815 1648,1815 1648,1844 1633,1844"/>
                    <TextEquiv>
                        <Unicode>à</Unicode>
                    </TextEquiv>
                    <TextStyle fontFamily="Times New Roman" fontSize="8.0"/>
                </Word>
                <TextEquiv>
                    <Unicode>regret, ajoute-t-il, que je suis rentré, à mon âge, dans la vie publique ; c'est à</Unicode>
                </TextEquiv>
                <TextStyle fontFamily="Times New Roman" fontSize="8.0"/>
            </TextLine>
            <TextLine id="tl_38" primaryLanguage="English" custom="readingOrder {index:4;}">
                <Coords points="286,1851 1651,1851 1651,1890 286,1890"/>
                <Baseline points="286,1882 1651,1882"/>
                <Word id="w_w1aab1b1b2c31b9ab1" language="English" custom="readingOrder {index:0;}">
                    <Coords points="286,1859 353,1859 353,1882 286,1882"/>
                    <TextEquiv>
                        <Unicode>mon</Unicode>
                    </TextEquiv>
                    <TextStyle fontFamily="Times New Roman" fontSize="8.0"/>
                </Word>
                <Word id="w_w1aab1b1b2c31b9ab9" language="English" custom="readingOrder {index:1;}">
                    <Coords points="371,1859 458,1859 458,1889 371,1889"/>
                    <TextEquiv>
                        <Unicode>corps</Unicode>
                    </TextEquiv>
                    <TextStyle fontFamily="Times New Roman" fontSize="8.0"/>
                </Word>
                <Word id="w_w1aab1b1b2c31b9ac21" language="English" custom="readingOrder {index:2;}">
                    <Coords points="476,1852 631,1852 631,1882 476,1882"/>
                    <TextEquiv>
                        <Unicode>défendant</Unicode>
                    </TextEquiv>
                    <TextStyle fontFamily="Times New Roman" fontSize="8.0"/>
                </Word>
                <Word id="w_w1aab1b1b2c31b9ac41" language="English" custom="readingOrder {index:3;}">
                    <Coords points="646,1860 700,1860 700,1889 646,1889"/>
                    <TextEquiv>
                        <Unicode>que</Unicode>
                    </TextEquiv>
                    <TextStyle fontFamily="Times New Roman" fontSize="8.0"/>
                </Word>
                <Word id="w_w1aab1b1b2c31b9ac49" language="English" custom="readingOrder {index:4;}">
                    <Coords points="716,1852 755,1852 755,1890 716,1890"/>
                    <TextEquiv>
                        <Unicode>j'y</Unicode>
                    </TextEquiv>
                    <TextStyle fontFamily="Times New Roman" fontSize="8.0"/>
                </Word>
                <Word id="w_w1aab1b1b2c31b9ac57" language="English" custom="readingOrder {index:5;}">
                    <Coords points="776,1854 852,1854 852,1882 776,1882"/>
                    <TextEquiv>
                        <Unicode>reste</Unicode>
                    </TextEquiv>
                    <TextStyle fontFamily="Times New Roman" fontSize="8.0"/>
                </Word>
                <Word id="w_w1aab1b1b2c31b9ac69" language="English" custom="readingOrder {index:6;}">
                    <Coords points="864,1861 873,1861 873,1888 864,1888"/>
                    <TextEquiv>
                        <Unicode>;</Unicode>
                    </TextEquiv>
                    <TextStyle fontFamily="Times New Roman" fontSize="8.0"/>
                </Word>
                <Word id="w_w1aab1b1b2c31b9ac73" language="English" custom="readingOrder {index:7;}">
                    <Coords points="902,1854 931,1854 931,1881 902,1881"/>
                    <TextEquiv>
                        <Unicode>et</Unicode>
                    </TextEquiv>
                    <TextStyle fontFamily="Times New Roman" fontSize="8.0"/>
                </Word>
                <Word id="w_w1aab1b1b2c31b9ac79" language="English" custom="readingOrder {index:8;}">
                    <Coords points="947,1851 970,1851 970,1882 947,1882"/>
                    <TextEquiv>
                        <Unicode>si</Unicode>
                    </TextEquiv>
                    <TextStyle fontFamily="Times New Roman" fontSize="8.0"/>
                </Word>
                <Word id="w_w1aab1b1b2c31b9ac85" language="English" custom="readingOrder {index:9;}">
                    <Coords points="990,1852 1032,1852 1032,1882 990,1882"/>
                    <TextEquiv>
                        <Unicode>les</Unicode>
                    </TextEquiv>
                    <TextStyle fontFamily="Times New Roman" fontSize="8.0"/>
                </Word>
                <Word id="w_w1aab1b1b2c31b9ac93" language="English" custom="readingOrder {index:10;}">
                    <Coords points="1050,1852 1190,1852 1190,1883 1050,1883"/>
                    <TextEquiv>
                        <Unicode>électeurs</Unicode>
                    </TextEquiv>
                    <TextStyle fontFamily="Times New Roman" fontSize="8.0"/>
                </Word>
                <Word id="w_w1aab1b1b2c31b9ad113" language="English" custom="readingOrder {index:11;}">
                    <Coords points="1208,1853 1243,1853 1243,1883 1208,1883"/>
                    <TextEquiv>
                        <Unicode>de</Unicode>
                    </TextEquiv>
                    <TextStyle fontFamily="Times New Roman" fontSize="8.0"/>
                </Word>
                <Word id="w_w1aab1b1b2c31b9ad119" language="English" custom="readingOrder {index:12;}">
                    <Coords points="1269,1852 1351,1852 1351,1882 1269,1882"/>
                    <TextEquiv>
                        <Unicode>Paris</Unicode>
                    </TextEquiv>
                    <TextStyle fontFamily="Times New Roman" fontSize="8.0"/>
                </Word>
                <Word id="w_w1aab1b1b2c31b9ad131" language="English" custom="readingOrder {index:13;}">
                    <Coords points="1375,1860 1412,1860 1412,1882 1375,1882"/>
                    <TextEquiv>
                        <Unicode>ou</Unicode>
                    </TextEquiv>
                    <TextStyle fontFamily="Times New Roman" fontSize="8.0"/>
                </Word>
                <Word id="w_w1aab1b1b2c31b9ad137" language="English" custom="readingOrder {index:14;}">
                    <Coords points="1441,1852 1590,1852 1590,1882 1441,1882"/>
                    <TextEquiv>
                        <Unicode>d’ailleurs</Unicode>
                    </TextEquiv>
                    <TextStyle fontFamily="Times New Roman" fontSize="8.0"/>
                </Word>
                <Word id="w_w1aab1b1b2c31b9ad159" language="English" custom="readingOrder {index:15;}">
                    <Coords points="1606,1860 1651,1860 1651,1883 1606,1883"/>
                    <TextEquiv>
                        <Unicode>me</Unicode>
                    </TextEquiv>
                    <TextStyle fontFamily="Times New Roman" fontSize="8.0"/>
                </Word>
                <TextEquiv>
                    <Unicode>mon corps défendant que j'y reste ; et si les électeurs de Paris ou d’ailleurs me</Unicode>
                </TextEquiv>
                <TextStyle fontFamily="Times New Roman" fontSize="8.0"/>
            </TextLine>
            <TextLine id="tl_39" primaryLanguage="English" custom="readingOrder {index:5;}">
                <Coords points="286,1890 1652,1890 1652,1928 286,1928"/>
                <Baseline points="286,1921 1652,1921"/>
                <Word id="w_w1aab1b1b2c31c11ab1" language="English" custom="readingOrder {index:0;}">
                    <Coords points="286,1890 437,1890 437,1921 286,1921"/>
                    <TextEquiv>
                        <Unicode>rendaient</Unicode>
                    </TextEquiv>
                    <TextStyle fontFamily="Times New Roman" fontSize="8.0"/>
                </Word>
                <Word id="w_w1aab1b1b2c31c11ac21" language="English" custom="readingOrder {index:1;}">
                    <Coords points="454,1899 488,1899 488,1920 454,1920"/>
                    <TextEquiv>
                        <Unicode>au</Unicode>
                    </TextEquiv>
                    <TextStyle fontFamily="Times New Roman" fontSize="8.0"/>
                </Word>
                <Word id="w_w1aab1b1b2c31c11ac27" language="English" custom="readingOrder {index:2;}">
                    <Coords points="508,1899 606,1899 606,1928 508,1928"/>
                    <TextEquiv>
                        <Unicode>repos,</Unicode>
                    </TextEquiv>
                    <TextStyle fontFamily="Times New Roman" fontSize="8.0"/>
                </Word>
                <Word id="w_w1aab1b1b2c31c11ac41" language="English" custom="readingOrder {index:3;}">
                    <Coords points="624,1891 660,1891 660,1920 624,1920"/>
                    <TextEquiv>
                        <Unicode>ils</Unicode>
                    </TextEquiv>
                    <TextStyle fontFamily="Times New Roman" fontSize="8.0"/>
                </Word>
                <Word id="w_w1aab1b1b2c31c11ac49" language="English" custom="readingOrder {index:4;}">
                    <Coords points="673,1898 718,1898 718,1920 673,1920"/>
                    <TextEquiv>
                        <Unicode>me</Unicode>
                    </TextEquiv>
                    <TextStyle fontFamily="Times New Roman" fontSize="8.0"/>
                </Word>
                <Word id="w_w1aab1b1b2c31c11ac55" language="English" custom="readingOrder {index:5;}">
                    <Coords points="735,1891 919,1891 919,1921 735,1921"/>
                    <TextEquiv>
                        <Unicode>causeraient</Unicode>
                    </TextEquiv>
                    <TextStyle fontFamily="Times New Roman" fontSize="8.0"/>
                </Word>
                <Word id="w_w1aab1b1b2c31c11ac79" language="English" custom="readingOrder {index:6;}">
                    <Coords points="930,1899 967,1899 967,1921 930,1921"/>
                    <TextEquiv>
                        <Unicode>un</Unicode>
                    </TextEquiv>
                    <TextStyle fontFamily="Times New Roman" fontSize="8.0"/>
                </Word>
                <Word id="w_w1aab1b1b2c31c11ac85" language="English" custom="readingOrder {index:7;}">
                    <Coords points="979,1890 1040,1890 1040,1920 979,1920"/>
                    <TextEquiv>
                        <Unicode>vrai</Unicode>
                    </TextEquiv>
                    <TextStyle fontFamily="Times New Roman" fontSize="8.0"/>
                </Word>
                <Word id="w_w1aab1b1b2c31c11ac95" language="English" custom="readingOrder {index:8;}">
                    <Coords points="1052,1891 1250,1891 1250,1928 1052,1928"/>
                    <TextEquiv>
                        <Unicode>soulagement</Unicode>
                    </TextEquiv>
                    <TextStyle fontFamily="Times New Roman" fontSize="8.0"/>
                </Word>
                <Word id="w_w1aab1b1b2c31c11ad119" language="English" custom="readingOrder {index:9;}">
                    <Coords points="1266,1894 1295,1894 1295,1921 1266,1921"/>
                    <TextEquiv>
                        <Unicode>et</Unicode>
                    </TextEquiv>
                    <TextStyle fontFamily="Times New Roman" fontSize="8.0"/>
                </Word>
                <Word id="w_w1aab1b1b2c31c11ad125" language="English" custom="readingOrder {index:10;}">
                    <Coords points="1307,1899 1353,1899 1353,1922 1307,1922"/>
                    <TextEquiv>
                        <Unicode>me</Unicode>
                    </TextEquiv>
                    <TextStyle fontFamily="Times New Roman" fontSize="8.0"/>
                </Word>
                <Word id="w_w1aab1b1b2c31c11ad131" language="English" custom="readingOrder {index:11;}">
                    <Coords points="1369,1891 1551,1891 1551,1922 1369,1922"/>
                    <TextEquiv>
                        <Unicode>laisseraient</Unicode>
                    </TextEquiv>
                    <TextStyle fontFamily="Times New Roman" fontSize="8.0"/>
                </Word>
                <Word id="w_w1aab1b1b2c31c11ad157" language="English" custom="readingOrder {index:12;}">
                    <Coords points="1569,1893 1583,1893 1583,1921 1569,1921"/>
                    <TextEquiv>
                        <Unicode>à</Unicode>
                    </TextEquiv>
                    <TextStyle fontFamily="Times New Roman" fontSize="8.0"/>
                </Word>
                <Word id="w_w1aab1b1b2c31c11ad161" language="English" custom="readingOrder {index:13;}">
                    <Coords points="1600,1892 1652,1892 1652,1923 1600,1923"/>
                    <TextEquiv>
                        <Unicode>des</Unicode>
                    </TextEquiv>
                    <TextStyle fontFamily="Times New Roman" fontSize="8.0"/>
                </Word>
                <TextEquiv>
                    <Unicode>rendaient au repos, ils me causeraient un vrai soulagement et me laisseraient à des</Unicode>
                </TextEquiv>
                <TextStyle fontFamily="Times New Roman" fontSize="8.0"/>
            </TextLine>
            <TextLine id="tl_40" primaryLanguage="English" custom="readingOrder {index:6;}">
                <Coords points="285,1929 1650,1929 1650,1968 285,1968"/>
                <Baseline points="285,1960 1650,1960"/>
                <Word id="w_w1aab1b1b2c31c13ab1" language="English" custom="readingOrder {index:0;}">
                    <Coords points="285,1932 410,1932 410,1960 285,1960"/>
                    <TextEquiv>
                        <Unicode>travaux</Unicode>
                    </TextEquiv>
                    <TextStyle fontFamily="Times New Roman" fontSize="8.0"/>
                </Word>
                <Word id="w_w1aab1b1b2c31c13ac17" language="English" custom="readingOrder {index:1;}">
                    <Coords points="426,1930 621,1930 621,1967 426,1967"/>
                    <TextEquiv>
                        <Unicode>scientifiques</Unicode>
                    </TextEquiv>
                    <TextStyle fontFamily="Times New Roman" fontSize="8.0"/>
                </Word>
                <Word id="w_w1aab1b1b2c31c13ac45" language="English" custom="readingOrder {index:2;}">
                    <Coords points="641,1937 697,1937 697,1967 641,1967"/>
                    <TextEquiv>
                        <Unicode>que</Unicode>
                    </TextEquiv>
                    <TextStyle fontFamily="Times New Roman" fontSize="8.0"/>
                </Word>
                <Word id="w_w1aab1b1b2c31c13ac53" language="English" custom="readingOrder {index:3;}">
                    <Coords points="712,1929 740,1929 740,1966 712,1966"/>
                    <TextEquiv>
                        <Unicode>je</Unicode>
                    </TextEquiv>
                    <TextStyle fontFamily="Times New Roman" fontSize="8.0"/>
                </Word>
                <Word id="w_w1aab1b1b2c31c13ac59" language="English" custom="readingOrder {index:4;}">
                    <Coords points="758,1929 871,1929 871,1967 758,1967"/>
                    <TextEquiv>
                        <Unicode>préfère</Unicode>
                    </TextEquiv>
                    <TextStyle fontFamily="Times New Roman" fontSize="8.0"/>
                </Word>
                <Word id="w_w1aab1b1b2c31c13ac75" language="English" custom="readingOrder {index:5;}">
                    <Coords points="888,1937 945,1937 945,1959 888,1959"/>
                    <TextEquiv>
                        <Unicode>aux</Unicode>
                    </TextEquiv>
                    <TextStyle fontFamily="Times New Roman" fontSize="8.0"/>
                </Word>
                <Word id="w_w1aab1b1b2c31c13ac83" language="English" custom="readingOrder {index:6;}">
                    <Coords points="963,1931 1086,1931 1086,1960 963,1960"/>
                    <TextEquiv>
                        <Unicode>travaux</Unicode>
                    </TextEquiv>
                    <TextStyle fontFamily="Times New Roman" fontSize="8.0"/>
                </Word>
                <Word id="w_w1aab1b1b2c31c13ac99" language="English" custom="readingOrder {index:7;}">
                    <Coords points="1116,1930 1279,1930 1279,1968 1116,1968"/>
                    <TextEquiv>
                        <Unicode>politiques.</Unicode>
                    </TextEquiv>
                    <TextStyle fontFamily="Times New Roman" fontSize="8.0"/>
                </Word>
                <Word id="w_w1aab1b1b2c31c13ad123" language="English" custom="readingOrder {index:8;}">
                    <Coords points="1316,1931 1349,1931 1349,1960 1316,1960"/>
                    <TextEquiv>
                        <Unicode>Je</Unicode>
                    </TextEquiv>
                    <TextStyle fontFamily="Times New Roman" fontSize="8.0"/>
                </Word>
                <Word id="w_w1aab1b1b2c31c13ad129" language="English" custom="readingOrder {index:9;}">
                    <Coords points="1369,1938 1405,1938 1405,1960 1369,1960"/>
                    <TextEquiv>
                        <Unicode>ne</Unicode>
                    </TextEquiv>
                    <TextStyle fontFamily="Times New Roman" fontSize="8.0"/>
                </Word>
                <Word id="w_w1aab1b1b2c31c13ad135" language="English" custom="readingOrder {index:10;}">
                    <Coords points="1434,1930 1495,1930 1495,1960 1434,1960"/>
                    <TextEquiv>
                        <Unicode>suis</Unicode>
                    </TextEquiv>
                    <TextStyle fontFamily="Times New Roman" fontSize="8.0"/>
                </Word>
                <Word id="w_w1aab1b1b2c31c13ad145" language="English" custom="readingOrder {index:11;}">
                    <Coords points="1524,1934 1650,1934 1650,1961 1524,1961"/>
                    <TextEquiv>
                        <Unicode>soutenu</Unicode>
                    </TextEquiv>
                    <TextStyle fontFamily="Times New Roman" fontSize="8.0"/>
                </Word>
                <TextEquiv>
                    <Unicode>travaux scientifiques que je préfère aux travaux politiques. Je ne suis soutenu</Unicode>
                </TextEquiv>
                <TextStyle fontFamily="Times New Roman" fontSize="8.0"/>
            </TextLine>
            <TextLine id="tl_41" primaryLanguage="English" custom="readingOrder {index:7;}">
                <Coords points="288,1967 1653,1967 1653,2008 288,2008"/>
                <Baseline points="288,1999 1653,1999"/>
                <Word id="w_w1aab1b1b2c31c15ab1" language="English" custom="readingOrder {index:0;}">
                    <Coords points="288,1976 342,1976 342,2006 288,2006"/>
                    <TextEquiv>
                        <Unicode>que</Unicode>
                    </TextEquiv>
                    <TextStyle fontFamily="Times New Roman" fontSize="8.0"/>
                </Word>
                <Word id="w_w1aab1b1b2c31c15ab9" language="English" custom="readingOrder {index:1;}">
                    <Coords points="359,1976 412,1976 412,2006 359,2006"/>
                    <TextEquiv>
                        <Unicode>par</Unicode>
                    </TextEquiv>
                    <TextStyle fontFamily="Times New Roman" fontSize="8.0"/>
                </Word>
                <Word id="w_w1aab1b1b2c31c15ac17" language="English" custom="readingOrder {index:2;}">
                    <Coords points="430,1968 554,1968 554,1998 430,1998"/>
                    <TextEquiv>
                        <Unicode>l’amour</Unicode>
                    </TextEquiv>
                    <TextStyle fontFamily="Times New Roman" fontSize="8.0"/>
                </Word>
                <Word id="w_w1aab1b1b2c31c15ac33" language="English" custom="readingOrder {index:3;}">
                    <Coords points="571,1967 622,1967 622,1999 571,1999"/>
                    <TextEquiv>
                        <Unicode>des</Unicode>
                    </TextEquiv>
                    <TextStyle fontFamily="Times New Roman" fontSize="8.0"/>
                </Word>
                <Word id="w_w1aab1b1b2c31c15b1b1" language="English" custom="readingOrder {index:4;}">
                    <Coords points="643,1967 767,1967 767,1999 643,1999"/>
                    <TextEquiv>
                        <Unicode>libertés</Unicode>
                    </TextEquiv>
                    <TextStyle fontFamily="Times New Roman" fontSize="9.0" italic="true"/>
                </Word>
                <Word id="w_w1aab1b1b2c31c15b1c19" language="English" custom="readingOrder {index:5;}">
                    <Coords points="790,1968 997,1968 997,2005 790,2005"/>
                    <TextEquiv>
                        <Unicode>nécessaires,</Unicode>
                    </TextEquiv>
                    <TextStyle fontFamily="Times New Roman" fontSize="9.0" italic="true"/>
                </Word>
                <Word id="w_w1aab1b1b2c31c15b2b3" language="English" custom="readingOrder {index:6;}">
                    <Coords points="1019,1976 1073,1976 1073,2007 1019,2007"/>
                    <TextEquiv>
                        <Unicode>que</Unicode>
                    </TextEquiv>
                    <TextStyle fontFamily="Times New Roman" fontSize="8.0"/>
                </Word>
                <Word id="w_w1aab1b1b2c31c15b2c11" language="English" custom="readingOrder {index:7;}">
                    <Coords points="1104,1969 1132,1969 1132,2007 1104,2007"/>
                    <TextEquiv>
                        <Unicode>je</Unicode>
                    </TextEquiv>
                    <TextStyle fontFamily="Times New Roman" fontSize="8.0"/>
                </Word>
                <Word id="w_w1aab1b1b2c31c15b2c17" language="English" custom="readingOrder {index:8;}">
                    <Coords points="1162,1970 1282,1970 1282,2000 1162,2000"/>
                    <TextEquiv>
                        <Unicode>défends</Unicode>
                    </TextEquiv>
                    <TextStyle fontFamily="Times New Roman" fontSize="8.0"/>
                </Word>
                <Word id="w_w1aab1b1b2c31c15b2c33" language="English" custom="readingOrder {index:9;}">
                    <Coords points="1312,1969 1586,1969 1586,2008 1312,2008"/>
                    <TextEquiv>
                        <Unicode>indépendamment</Unicode>
                    </TextEquiv>
                    <TextStyle fontFamily="Times New Roman" fontSize="8.0"/>
                </Word>
                <Word id="w_w1aab1b1b2c31c15b2c63" language="English" custom="readingOrder {index:10;}">
                    <Coords points="1616,1970 1653,1970 1653,2000 1616,2000"/>
                    <TextEquiv>
                        <Unicode>de</Unicode>
                    </TextEquiv>
                    <TextStyle fontFamily="Times New Roman" fontSize="8.0"/>
                </Word>
                <TextEquiv>
                    <Unicode>que par l’amour des libertés nécessaires, que je défends indépendamment de</Unicode>
                </TextEquiv>
            </TextLine>
            <TextLine id="tl_42" primaryLanguage="English" custom="readingOrder {index:8;}">
                <Coords points="287,2007 708,2007 708,2045 287,2045"/>
                <Baseline points="287,2037 708,2037"/>
                <Word id="w_w1aab1b1b2c31c17ab1" language="English" custom="readingOrder {index:0;}">
                    <Coords points="287,2009 350,2009 350,2037 287,2037"/>
                    <TextEquiv>
                        <Unicode>tout</Unicode>
                    </TextEquiv>
                    <TextStyle fontFamily="Times New Roman" fontSize="8.0"/>
                </Word>
                <Word id="w_w1aab1b1b2c31c17ac11" language="English" custom="readingOrder {index:1;}">
                    <Coords points="368,2007 469,2007 469,2037 368,2037"/>
                    <TextEquiv>
                        <Unicode>intérêt</Unicode>
                    </TextEquiv>
                    <TextStyle fontFamily="Times New Roman" fontSize="8.0"/>
                </Word>
                <Word id="w_w1aab1b1b2c31c17ac27" language="English" custom="readingOrder {index:2;}">
                    <Coords points="491,2007 526,2007 526,2045 491,2045"/>
                    <TextEquiv>
                        <Unicode>de</Unicode>
                    </TextEquiv>
                    <TextStyle fontFamily="Times New Roman" fontSize="8.0"/>
                </Word>
                <Word id="w_w1aab1b1b2c31c17b1b1" language="English" custom="readingOrder {index:3;}">
                    <Coords points="541,2008 708,2008 708,2045 541,2045"/>
                    <TextEquiv>
                        <Unicode>parti...»</Unicode>
                    </TextEquiv>
                    <TextStyle fontFamily="Times New Roman" fontSize="8.0"/>
                </Word>
                <TextEquiv>
                    <Unicode>tout intérêt de parti...»</Unicode>
                </TextEquiv>
            </TextLine>
            <TextEquiv>
                <Unicode>Epître très-intéressante sur les élections de 1869. Des électeurs de l’Ain, dont
il cite les noms, lui ont offert la candidature dans ce département. Il accepte,
mais en se réservant sa liberté d’option en cas d’élections multiples. « C’est avec
regret, ajoute-t-il, que je suis rentré, à mon âge, dans la vie publique ; c'est à
mon corps défendant que j'y reste ; et si les électeurs de Paris ou d’ailleurs me
rendaient au repos, ils me causeraient un vrai soulagement et me laisseraient à des
travaux scientifiques que je préfère aux travaux politiques. Je ne suis soutenu
que par l’amour des libertés nécessaires, que je défends indépendamment de
tout intérêt de parti...»</Unicode>
            </TextEquiv>
        </TextRegion>
        <TextRegion type="paragraph" id="r_1_17" custom="readingOrder {index:17;}">
            <Coords points="189,2060 1653,2060 1653,2107 189,2107"/>
            <TextLine id="tl_43" primaryLanguage="English" custom="readingOrder {index:0;}">
                <Coords points="190,2061 1652,2061 1652,2106 190,2106"/>
                <Baseline points="190,2096 1652,2096"/>
                <Word id="w_w1aab1b1b2c33b1ab1" language="English" custom="readingOrder {index:0;}">
                    <Coords points="190,2063 277,2063 277,2097 190,2097"/>
                    <TextEquiv>
                        <Unicode>4492</Unicode>
                    </TextEquiv>
                    <TextStyle fontFamily="Times New Roman" fontSize="11.0"/>
                </Word>
                <Word id="w_w1aab1b1b2c33b1b1b1" language="English" custom="readingOrder {index:1;}">
                    <Coords points="300,2062 628,2062 628,2106 300,2106"/>
                    <TextEquiv>
                        <Unicode>Thorwaldsen</Unicode>
                    </TextEquiv>
                    <TextStyle fontFamily="Times New Roman" fontSize="10.5" bold="true"/>
                </Word>
                <Word id="w_w1aab1b1b2c33b1b2b1" language="English" custom="readingOrder {index:2;}">
                    <Coords points="647,2061 843,2061 843,2106 647,2106"/>
                    <TextEquiv>
                        <Unicode>(Albert),</Unicode>
                    </TextEquiv>
                    <TextStyle fontFamily="Times New Roman" fontSize="11.0"/>
                </Word>
                <Word id="w_w1aab1b1b2c33b1b2c21" language="English" custom="readingOrder {index:3;}">
                    <Coords points="865,2061 901,2061 901,2095 865,2095"/>
                    <TextEquiv>
                        <Unicode>le</Unicode>
                    </TextEquiv>
                    <TextStyle fontFamily="Times New Roman" fontSize="11.0"/>
                </Word>
                <Word id="w_w1aab1b1b2c33b1b2c27" language="English" custom="readingOrder {index:4;}">
                    <Coords points="923,2061 1048,2061 1048,2106 923,2106"/>
                    <TextEquiv>
                        <Unicode>grand</Unicode>
                    </TextEquiv>
                    <TextStyle fontFamily="Times New Roman" fontSize="11.0"/>
                </Word>
                <Word id="w_w1aab1b1b2c33b1b2c39" language="English" custom="readingOrder {index:5;}">
                    <Coords points="1073,2062 1279,2062 1279,2106 1073,2106"/>
                    <TextEquiv>
                        <Unicode>sculpteur</Unicode>
                    </TextEquiv>
                    <TextStyle fontFamily="Times New Roman" fontSize="11.0"/>
                </Word>
                <Word id="w_w1aab1b1b2c33b1b2c59" language="English" custom="readingOrder {index:6;}">
                    <Coords points="1298,2062 1450,2062 1450,2098 1298,2098"/>
                    <TextEquiv>
                        <Unicode>danois.</Unicode>
                    </TextEquiv>
                    <TextStyle fontFamily="Times New Roman" fontSize="11.0"/>
                </Word>
                <Word id="w_w1aab1b1b2c33b1b2c75" language="English" custom="readingOrder {index:7;}">
                    <Coords points="1471,2083 1514,2083 1514,2088 1471,2088"/>
                    <TextEquiv>
                        <Unicode>—</Unicode>
                    </TextEquiv>
                    <TextStyle fontFamily="Times New Roman" fontSize="11.0"/>
                </Word>
                <Word id="w_w1aab1b1b2c33b1b2c79" language="English" custom="readingOrder {index:8;}">
                    <Coords points="1532,2062 1576,2062 1576,2097 1532,2097"/>
                    <TextEquiv>
                        <Unicode>L.</Unicode>
                    </TextEquiv>
                    <TextStyle fontFamily="Times New Roman" fontSize="11.0"/>
                </Word>
                <Word id="w_w1aab1b1b2c33b1b2c85" language="English" custom="readingOrder {index:9;}">
                    <Coords points="1606,2074 1652,2074 1652,2106 1606,2106"/>
                    <TextEquiv>
                        <Unicode>s.,</Unicode>
                    </TextEquiv>
                    <TextStyle fontFamily="Times New Roman" fontSize="11.0"/>
                </Word>
                <TextEquiv>
                    <Unicode>4492 Thorwaldsen (Albert), le grand sculpteur danois. — L. s.,</Unicode>
                </TextEquiv>
            </TextLine>
            <TextEquiv>
                <Unicode>4492 Thorwaldsen (Albert), le grand sculpteur danois. — L. s.,</Unicode>
            </TextEquiv>
        </TextRegion>
        <TextRegion type="paragraph" id="r_1_18" custom="readingOrder {index:18;}">
            <Coords points="300,2104 1650,2104 1650,2152 300,2152"/>
            <TextLine id="tl_44" primaryLanguage="English" custom="readingOrder {index:0;}">
                <Coords points="301,2105 1649,2105 1649,2151 301,2151"/>
                <Baseline points="301,2140 1649,2140"/>
                <Word id="w_w1aab1b1b2c35b1ab1" language="English" custom="readingOrder {index:0;}">
                    <Coords points="301,2116 350,2116 350,2140 301,2140"/>
                    <TextEquiv>
                        <Unicode>en</Unicode>
                    </TextEquiv>
                    <TextStyle fontFamily="Times New Roman" fontSize="11.0"/>
                </Word>
                <Word id="w_w1aab1b1b2c35b1ab7" language="English" custom="readingOrder {index:1;}">
                    <Coords points="372,2105 532,2105 532,2150 372,2150"/>
                    <TextEquiv>
                        <Unicode>italien;</Unicode>
                    </TextEquiv>
                    <TextStyle fontFamily="Times New Roman" fontSize="11.0"/>
                </Word>
                <Word id="w_w1aab1b1b2c35b1ac25" language="English" custom="readingOrder {index:2;}">
                    <Coords points="553,2106 693,2106 693,2148 553,2148"/>
                    <TextEquiv>
                        <Unicode>Rome,</Unicode>
                    </TextEquiv>
                    <TextStyle fontFamily="Times New Roman" fontSize="11.0"/>
                </Word>
                <Word id="w_w1aab1b1b2c35b1ac37" language="English" custom="readingOrder {index:3;}">
                    <Coords points="712,2105 860,2105 860,2150 712,2150"/>
                    <TextEquiv>
                        <Unicode>3janv.</Unicode>
                    </TextEquiv>
                    <TextStyle fontFamily="Times New Roman" fontSize="11.0"/>
                </Word>
                <Word id="w_w1aab1b1b2c35b1ac51" language="English" custom="readingOrder {index:4;}">
                    <Coords points="884,2107 986,2107 986,2147 884,2147"/>
                    <TextEquiv>
                        <Unicode>1835,</Unicode>
                    </TextEquiv>
                    <TextStyle fontFamily="Times New Roman" fontSize="11.0"/>
                </Word>
                <Word id="w_w1aab1b1b2c35b1ac63" language="English" custom="readingOrder {index:5;}">
                    <Coords points="1009,2108 1021,2108 1021,2140 1009,2140"/>
                    <TextEquiv>
                        <Unicode>1</Unicode>
                    </TextEquiv>
                    <TextStyle fontFamily="Times New Roman" fontSize="11.0"/>
                </Word>
                <Word id="w_w1aab1b1b2c35b1ac67" language="English" custom="readingOrder {index:6;}">
                    <Coords points="1046,2116 1081,2116 1081,2151 1046,2151"/>
                    <TextEquiv>
                        <Unicode>p.</Unicode>
                    </TextEquiv>
                    <TextStyle fontFamily="Times New Roman" fontSize="11.0"/>
                </Word>
                <Word id="w_w1aab1b1b2c35b1ac73" language="English" custom="readingOrder {index:7;}">
                    <Coords points="1103,2106 1190,2106 1190,2142 1103,2142"/>
                    <TextEquiv>
                        <Unicode>in-f.</Unicode>
                    </TextEquiv>
                    <TextStyle fontFamily="Times New Roman" fontSize="11.0"/>
                </Word>
                <Word id="w_w1aab1b1b2c35b1ac85" language="English" custom="readingOrder {index:8;}">
                    <Coords points="1546,2109 1585,2109 1585,2142 1546,2142"/>
                    <TextEquiv>
                        <Unicode>12</Unicode>
                    </TextEquiv>
                    <TextStyle fontFamily="Times New Roman" fontSize="11.0"/>
                </Word>
                <Word id="w_w1aab1b1b2c35b1ac91" language="English" custom="readingOrder {index:9;}">
                    <Coords points="1633,2120 1649,2120 1649,2140 1633,2140"/>
                    <TextEquiv>
                        <Unicode>»</Unicode>
                    </TextEquiv>
                    <TextStyle fontFamily="Times New Roman" fontSize="11.0"/>
                </Word>
                <TextEquiv>
                    <Unicode>en italien; Rome, 3 janv. 1835, 1 p. in-f. 12 »</Unicode>
                </TextEquiv>
                <TextStyle fontFamily="Times New Roman" fontSize="11.0"/>
            </TextLine>
            <TextEquiv>
                <Unicode>en italien; Rome, 3 janv. 1835, 1 p. in-f. 12 »</Unicode>
            </TextEquiv>
        </TextRegion>
        <TextRegion type="paragraph" id="r_1_19" custom="readingOrder {index:19;}">
            <Coords points="308,2149 1652,2149 1652,2222 308,2222"/>
            <TextLine id="tl_45" primaryLanguage="English" custom="readingOrder {index:0;}">
                <Coords points="348,2150 1651,2150 1651,2190 348,2190"/>
                <Baseline points="348,2181 1651,2181"/>
                <Word id="w_w1aab1b1b2c37b1ab1" language="English" custom="readingOrder {index:0;}">
                    <Coords points="348,2151 422,2151 422,2181 348,2181"/>
                    <TextEquiv>
                        <Unicode>Belle</Unicode>
                    </TextEquiv>
                    <TextStyle fontFamily="Times New Roman" fontSize="8.0"/>
                </Word>
                <Word id="w_w1aab1b1b2c37b1ac13" language="English" custom="readingOrder {index:1;}">
                    <Coords points="438,2152 517,2152 517,2188 438,2188"/>
                    <TextEquiv>
                        <Unicode>pièce</Unicode>
                    </TextEquiv>
                    <TextStyle fontFamily="Times New Roman" fontSize="8.0"/>
                </Word>
                <Word id="w_w1aab1b1b2c37b1ac25" language="English" custom="readingOrder {index:2;}">
                    <Coords points="533,2151 651,2151 651,2181 533,2181"/>
                    <TextEquiv>
                        <Unicode>relative</Unicode>
                    </TextEquiv>
                    <TextStyle fontFamily="Times New Roman" fontSize="8.0"/>
                </Word>
                <Word id="w_w1aab1b1b2c37b1ac43" language="English" custom="readingOrder {index:3;}">
                    <Coords points="669,2151 686,2151 686,2181 669,2181"/>
                    <TextEquiv>
                        <Unicode>à</Unicode>
                    </TextEquiv>
                    <TextStyle fontFamily="Times New Roman" fontSize="8.0"/>
                </Word>
                <Word id="w_w1aab1b1b2c37b1ac47" language="English" custom="readingOrder {index:4;}">
                    <Coords points="703,2158 755,2158 755,2181 703,2181"/>
                    <TextEquiv>
                        <Unicode>son</Unicode>
                    </TextEquiv>
                    <TextStyle fontFamily="Times New Roman" fontSize="8.0"/>
                </Word>
                <Word id="w_w1aab1b1b2c37b1ac55" language="English" custom="readingOrder {index:5;}">
                    <Coords points="775,2150 934,2150 934,2181 775,2181"/>
                    <TextEquiv>
                        <Unicode>admission</Unicode>
                    </TextEquiv>
                    <TextStyle fontFamily="Times New Roman" fontSize="8.0"/>
                </Word>
                <Word id="w_w1aab1b1b2c37b1ac75" language="English" custom="readingOrder {index:6;}">
                    <Coords points="952,2158 1064,2158 1064,2181 952,2181"/>
                    <TextEquiv>
                        <Unicode>comme</Unicode>
                    </TextEquiv>
                    <TextStyle fontFamily="Times New Roman" fontSize="8.0"/>
                </Word>
                <Word id="w_w1aab1b1b2c37b1ac87" language="English" custom="readingOrder {index:7;}">
                    <Coords points="1089,2152 1200,2152 1200,2182 1089,2182"/>
                    <TextEquiv>
                        <Unicode>associé</Unicode>
                    </TextEquiv>
                    <TextStyle fontFamily="Times New Roman" fontSize="8.0"/>
                </Word>
                <Word id="w_w1aab1b1b2c37b1ad103" language="English" custom="readingOrder {index:8;}">
                    <Coords points="1217,2152 1448,2152 1448,2190 1217,2190"/>
                    <TextEquiv>
                        <Unicode>correspondant</Unicode>
                    </TextEquiv>
                    <TextStyle fontFamily="Times New Roman" fontSize="8.0"/>
                </Word>
                <Word id="w_w1aab1b1b2c37b1ad131" language="English" custom="readingOrder {index:9;}">
                    <Coords points="1471,2152 1558,2152 1558,2182 1471,2182"/>
                    <TextEquiv>
                        <Unicode>d’une</Unicode>
                    </TextEquiv>
                    <TextStyle fontFamily="Times New Roman" fontSize="8.0"/>
                </Word>
                <Word id="w_w1aab1b1b2c37b1ad143" language="English" custom="readingOrder {index:10;}">
                    <Coords points="1585,2160 1651,2160 1651,2182 1585,2182"/>
                    <TextEquiv>
                        <Unicode>aca¬</Unicode>
                    </TextEquiv>
                    <TextStyle fontFamily="Times New Roman" fontSize="8.0"/>
                </Word>
                <TextEquiv>
                    <Unicode>Belle pièce relative à son admission comme associé correspondant d’une aca¬</Unicode>
                </TextEquiv>
                <TextStyle fontFamily="Times New Roman" fontSize="8.0"/>
            </TextLine>
            <TextLine id="tl_46" primaryLanguage="English" custom="readingOrder {index:1;}">
                <Coords points="309,2189 539,2189 539,2221 309,2221"/>
                <Baseline points="309,2218 539,2218"/>
                <Word id="w_w1aab1b1b2c37b3ab1" language="English" custom="readingOrder {index:0;}">
                    <Coords points="309,2189 402,2189 402,2219 309,2219"/>
                    <TextEquiv>
                        <Unicode>démie</Unicode>
                    </TextEquiv>
                    <TextStyle fontFamily="Times New Roman" fontSize="8.0"/>
                </Word>
                <Word id="w_w1aab1b1b2c37b3ac13" language="English" custom="readingOrder {index:1;}">
                    <Coords points="416,2189 539,2189 539,2221 416,2221"/>
                    <TextEquiv>
                        <Unicode>d’Italie.</Unicode>
                    </TextEquiv>
                    <TextStyle fontFamily="Times New Roman" fontSize="8.0"/>
                </Word>
                <TextEquiv>
                    <Unicode>démie d’Italie.</Unicode>
                </TextEquiv>
                <TextStyle fontFamily="Times New Roman" fontSize="8.0"/>
            </TextLine>
            <TextEquiv>
                <Unicode>Belle pièce relative à son admission comme associé correspondant d’une aca¬
démie d’Italie.</Unicode>
            </TextEquiv>
        </TextRegion>
        <TextRegion type="paragraph" id="r_1_20" custom="readingOrder {index:20;}">
            <Coords points="191,2241 1656,2241 1656,2290 191,2290"/>
            <TextLine id="tl_47" primaryLanguage="English" custom="readingOrder {index:0;}">
                <Coords points="192,2242 1655,2242 1655,2289 192,2289"/>
                <Baseline points="192,2278 1655,2278"/>
                <Word id="w_w1aab1b1b2c39b1ab1" language="English" custom="readingOrder {index:0;}">
                    <Coords points="192,2244 279,2244 279,2279 192,2279"/>
                    <TextEquiv>
                        <Unicode>4493</Unicode>
                    </TextEquiv>
                    <TextStyle fontFamily="Times New Roman" fontSize="11.0"/>
                </Word>
                <Word id="w_w1aab1b1b2c39b1b1b1" language="English" custom="readingOrder {index:1;}">
                    <Coords points="303,2244 491,2244 491,2286 303,2286"/>
                    <TextEquiv>
                        <Unicode>Traviès</Unicode>
                    </TextEquiv>
                    <TextStyle fontFamily="Times New Roman" fontSize="10.5" bold="true"/>
                </Word>
                <Word id="w_w1aab1b1b2c39b1b2b1" language="English" custom="readingOrder {index:2;}">
                    <Coords points="511,2242 677,2242 677,2287 511,2287"/>
                    <TextEquiv>
                        <Unicode>(C.-J.),</Unicode>
                    </TextEquiv>
                    <TextStyle fontFamily="Times New Roman" fontSize="11.0"/>
                </Word>
                <Word id="w_w1aab1b1b2c39b1b2c19" language="English" custom="readingOrder {index:3;}">
                    <Coords points="698,2243 855,2243 855,2288 698,2288"/>
                    <TextEquiv>
                        <Unicode>peintre</Unicode>
                    </TextEquiv>
                    <TextStyle fontFamily="Times New Roman" fontSize="11.0"/>
                </Word>
                <Word id="w_w1aab1b1b2c39b1b2c35" language="English" custom="readingOrder {index:4;}">
                    <Coords points="876,2244 916,2244 916,2278 876,2278"/>
                    <TextEquiv>
                        <Unicode>et</Unicode>
                    </TextEquiv>
                    <TextStyle fontFamily="Times New Roman" fontSize="11.0"/>
                </Word>
                <Word id="w_w1aab1b1b2c39b1b2c41" language="English" custom="readingOrder {index:5;}">
                    <Coords points="935,2243 1214,2243 1214,2279 935,2279"/>
                    <TextEquiv>
                        <Unicode>caricaturiste</Unicode>
                    </TextEquiv>
                    <TextStyle fontFamily="Times New Roman" fontSize="11.0"/>
                </Word>
                <Word id="w_w1aab1b1b2c39b1b2c69" language="English" custom="readingOrder {index:6;}">
                    <Coords points="1246,2243 1443,2243 1443,2289 1246,2289"/>
                    <TextEquiv>
                        <Unicode>original,</Unicode>
                    </TextEquiv>
                    <TextStyle fontFamily="Times New Roman" fontSize="11.0"/>
                </Word>
                <Word id="w_w1aab1b1b2c39b1b2c89" language="English" custom="readingOrder {index:7;}">
                    <Coords points="1470,2245 1655,2245 1655,2278 1470,2278"/>
                    <TextEquiv>
                        <Unicode>créateur</Unicode>
                    </TextEquiv>
                    <TextStyle fontFamily="Times New Roman" fontSize="11.0"/>
                </Word>
                <TextEquiv>
                    <Unicode>4493 Traviès (C.-J.), peintre et caricaturiste original, créateur</Unicode>
                </TextEquiv>
            </TextLine>
            <TextEquiv>
                <Unicode>4493 Traviès (C.-J.), peintre et caricaturiste original, créateur</Unicode>
            </TextEquiv>
        </TextRegion>
        <TextRegion type="paragraph" id="r_1_21" custom="readingOrder {index:21;}">
            <Coords points="303,2285 1652,2285 1652,2338 303,2338"/>
            <TextLine id="tl_48" primaryLanguage="English" custom="readingOrder {index:0;}">
                <Coords points="304,2286 1651,2286 1651,2337 304,2337"/>
                <Baseline points="304,2322 1651,2322"/>
                <Word id="w_w1aab1b1b2c41b1ab1" language="English" custom="readingOrder {index:0;}">
                    <Coords points="304,2287 355,2287 355,2322 304,2322"/>
                    <TextEquiv>
                        <Unicode>du</Unicode>
                    </TextEquiv>
                    <TextStyle fontFamily="Times New Roman" fontSize="11.0"/>
                </Word>
                <Word id="w_w1aab1b1b2c41b1ab7" language="English" custom="readingOrder {index:1;}">
                    <Coords points="374,2290 466,2290 466,2337 374,2337"/>
                    <TextEquiv>
                        <Unicode>type</Unicode>
                    </TextEquiv>
                    <TextStyle fontFamily="Times New Roman" fontSize="11.0"/>
                </Word>
                <Word id="w_w1aab1b1b2c41b1ac17" language="English" custom="readingOrder {index:2;}">
                    <Coords points="487,2286 533,2286 533,2322 487,2322"/>
                    <TextEquiv>
                        <Unicode>de</Unicode>
                    </TextEquiv>
                    <TextStyle fontFamily="Times New Roman" fontSize="11.0"/>
                </Word>
                <Word id="w_w1aab1b1b2c41b1b1b1" language="English" custom="readingOrder {index:3;}">
                    <Coords points="552,2289 708,2289 708,2330 552,2330"/>
                    <TextEquiv>
                        <Unicode>Mayeux.</Unicode>
                    </TextEquiv>
                    <TextStyle fontFamily="Times New Roman" fontSize="10.5" italic="true"/>
                </Word>
                <Word id="w_w1aab1b1b2c41b1b2b3" language="English" custom="readingOrder {index:4;}">
                    <Coords points="729,2306 772,2306 772,2312 729,2312"/>
                    <TextEquiv>
                        <Unicode>—</Unicode>
                    </TextEquiv>
                    <TextStyle fontFamily="Times New Roman" fontSize="11.0"/>
                </Word>
                <Word id="w_w1aab1b1b2c41b1b2b7" language="English" custom="readingOrder {index:5;}">
                    <Coords points="790,2287 832,2287 832,2322 790,2322"/>
                    <TextEquiv>
                        <Unicode>L.</Unicode>
                    </TextEquiv>
                    <TextStyle fontFamily="Times New Roman" fontSize="11.0"/>
                </Word>
                <Word id="w_w1aab1b1b2c41b1b2c13" language="English" custom="readingOrder {index:6;}">
                    <Coords points="855,2297 888,2297 888,2322 855,2322"/>
                    <TextEquiv>
                        <Unicode>a.</Unicode>
                    </TextEquiv>
                    <TextStyle fontFamily="Times New Roman" fontSize="11.0"/>
                </Word>
                <Word id="w_w1aab1b1b2c41b1b2c19" language="English" custom="readingOrder {index:7;}">
                    <Coords points="910,2297 940,2297 940,2322 910,2322"/>
                    <TextEquiv>
                        <Unicode>s.</Unicode>
                    </TextEquiv>
                    <TextStyle fontFamily="Times New Roman" fontSize="11.0"/>
                </Word>
                <Word id="w_w1aab1b1b2c41b1b2c25" language="English" custom="readingOrder {index:8;}">
                    <Coords points="962,2288 984,2288 984,2322 962,2322"/>
                    <TextEquiv>
                        <Unicode>à</Unicode>
                    </TextEquiv>
                    <TextStyle fontFamily="Times New Roman" fontSize="11.0"/>
                </Word>
                <Word id="w_w1aab1b1b2c41b1b2c29" language="English" custom="readingOrder {index:9;}">
                    <Coords points="1002,2288 1097,2288 1097,2323 1002,2323"/>
                    <TextEquiv>
                        <Unicode>Ach.</Unicode>
                    </TextEquiv>
                    <TextStyle fontFamily="Times New Roman" fontSize="11.0"/>
                </Word>
                <Word id="w_w1aab1b1b2c41b1b2c39" language="English" custom="readingOrder {index:10;}">
                    <Coords points="1119,2288 1269,2288 1269,2330 1119,2330"/>
                    <TextEquiv>
                        <Unicode>Comte,</Unicode>
                    </TextEquiv>
                    <TextStyle fontFamily="Times New Roman" fontSize="11.0"/>
                </Word>
                <Word id="w_w1aab1b1b2c41b1b2c53" language="English" custom="readingOrder {index:11;}">
                    <Coords points="1293,2291 1304,2291 1304,2322 1293,2322"/>
                    <TextEquiv>
                        <Unicode>1</Unicode>
                    </TextEquiv>
                    <TextStyle fontFamily="Times New Roman" fontSize="11.0"/>
                </Word>
                <Word id="w_w1aab1b1b2c41b1b2c57" language="English" custom="readingOrder {index:12;}">
                    <Coords points="1329,2298 1366,2298 1366,2333 1329,2333"/>
                    <TextEquiv>
                        <Unicode>p.</Unicode>
                    </TextEquiv>
                    <TextStyle fontFamily="Times New Roman" fontSize="11.0"/>
                </Word>
                <Word id="w_w1aab1b1b2c41b1b2c63" language="English" custom="readingOrder {index:13;}">
                    <Coords points="1387,2287 1479,2287 1479,2322 1387,2322"/>
                    <TextEquiv>
                        <Unicode>in-8.</Unicode>
                    </TextEquiv>
                    <TextStyle fontFamily="Times New Roman" fontSize="11.0"/>
                </Word>
                <Word id="w_w1aab1b1b2c41b1b2c75" language="English" custom="readingOrder {index:14;}">
                    <Coords points="1566,2290 1586,2290 1586,2323 1566,2323"/>
                    <TextEquiv>
                        <Unicode>3</Unicode>
                    </TextEquiv>
                    <TextStyle fontFamily="Times New Roman" fontSize="11.0"/>
                </Word>
                <Word id="w_w1aab1b1b2c41b1b2c79" language="English" custom="readingOrder {index:15;}">
                    <Coords points="1637,2301 1651,2301 1651,2320 1637,2320"/>
                    <TextEquiv>
                        <Unicode>»</Unicode>
                    </TextEquiv>
                    <TextStyle fontFamily="Times New Roman" fontSize="11.0"/>
                </Word>
                <TextEquiv>
                    <Unicode>du type de Mayeux. — L. a. s. à Ach. Comte, 1 p. in-8. 3 »</Unicode>
                </TextEquiv>
            </TextLine>
            <TextEquiv>
                <Unicode>du type de Mayeux. — L. a. s. à Ach. Comte, 1 p. in-8. 3 »</Unicode>
            </TextEquiv>
        </TextRegion>
        <TextRegion type="paragraph" id="r_1_22" custom="readingOrder {index:22;}">
            <Coords points="310,2332 1653,2332 1653,2403 310,2403"/>
            <TextLine id="tl_49" primaryLanguage="English" custom="readingOrder {index:0;}">
                <Coords points="350,2333 1652,2333 1652,2364 350,2364"/>
                <Baseline points="350,2363 1652,2363"/>
                <Word id="w_w1aab1b1b2c43b1ab1" language="English" custom="readingOrder {index:0;}">
                    <Coords points="350,2333 502,2333 502,2363 350,2363"/>
                    <TextEquiv>
                        <Unicode>Invitation</Unicode>
                    </TextEquiv>
                    <TextStyle fontFamily="Times New Roman" fontSize="8.0"/>
                </Word>
                <Word id="w_w1aab1b1b2c43b1ac23" language="English" custom="readingOrder {index:1;}">
                    <Coords points="516,2333 532,2333 532,2362 516,2362"/>
                    <TextEquiv>
                        <Unicode>'a</Unicode>
                    </TextEquiv>
                    <TextStyle fontFamily="Times New Roman" fontSize="8.0"/>
                </Word>
                <Word id="w_w1aab1b1b2c43b1ac29" language="English" custom="readingOrder {index:2;}">
                    <Coords points="549,2333 668,2333 668,2363 549,2363"/>
                    <TextEquiv>
                        <Unicode>assister</Unicode>
                    </TextEquiv>
                    <TextStyle fontFamily="Times New Roman" fontSize="8.0"/>
                </Word>
                <Word id="w_w1aab1b1b2c43b1ac47" language="English" custom="readingOrder {index:3;}">
                    <Coords points="686,2333 754,2333 754,2362 686,2362"/>
                    <TextEquiv>
                        <Unicode>chez</Unicode>
                    </TextEquiv>
                    <TextStyle fontFamily="Times New Roman" fontSize="8.0"/>
                </Word>
                <Word id="w_w1aab1b1b2c43b1ac57" language="English" custom="readingOrder {index:4;}">
                    <Coords points="773,2333 810,2333 810,2362 773,2362"/>
                    <TextEquiv>
                        <Unicode>lui</Unicode>
                    </TextEquiv>
                    <TextStyle fontFamily="Times New Roman" fontSize="8.0"/>
                </Word>
                <Word id="w_w1aab1b1b2c43b1ac65" language="English" custom="readingOrder {index:5;}">
                    <Coords points="827,2334 843,2334 843,2362 827,2362"/>
                    <TextEquiv>
                        <Unicode>à</Unicode>
                    </TextEquiv>
                    <TextStyle fontFamily="Times New Roman" fontSize="8.0"/>
                </Word>
                <Word id="w_w1aab1b1b2c43b1ac69" language="English" custom="readingOrder {index:6;}">
                    <Coords points="865,2340 920,2340 920,2363 865,2363"/>
                    <TextEquiv>
                        <Unicode>une</Unicode>
                    </TextEquiv>
                    <TextStyle fontFamily="Times New Roman" fontSize="8.0"/>
                </Word>
                <Word id="w_w1aab1b1b2c43b1ac77" language="English" custom="readingOrder {index:7;}">
                    <Coords points="935,2333 1039,2333 1039,2364 935,2364"/>
                    <TextEquiv>
                        <Unicode>séance</Unicode>
                    </TextEquiv>
                    <TextStyle fontFamily="Times New Roman" fontSize="8.0"/>
                </Word>
                <Word id="w_w1aab1b1b2c43b1ac91" language="English" custom="readingOrder {index:8;}">
                    <Coords points="1057,2334 1093,2334 1093,2364 1057,2364"/>
                    <TextEquiv>
                        <Unicode>de</Unicode>
                    </TextEquiv>
                    <TextStyle fontFamily="Times New Roman" fontSize="8.0"/>
                </Word>
                <Word id="w_w1aab1b1b2c43b1ac97" language="English" custom="readingOrder {index:9;}">
                    <Coords points="1111,2334 1136,2334 1136,2363 1111,2363"/>
                    <TextEquiv>
                        <Unicode>.1.</Unicode>
                    </TextEquiv>
                    <TextStyle fontFamily="Times New Roman" fontSize="8.0"/>
                </Word>
                <Word id="w_w1aab1b1b2c43b1ad105" language="English" custom="readingOrder {index:10;}">
                    <Coords points="1155,2334 1277,2334 1277,2364 1155,2364"/>
                    <TextEquiv>
                        <Unicode>Journet</Unicode>
                    </TextEquiv>
                    <TextStyle fontFamily="Times New Roman" fontSize="8.0"/>
                </Word>
                <Word id="w_w1aab1b1b2c43b1ad121" language="English" custom="readingOrder {index:11;}">
                    <Coords points="1300,2342 1351,2342 1351,2363 1300,2363"/>
                    <TextEquiv>
                        <Unicode>sur</Unicode>
                    </TextEquiv>
                    <TextStyle fontFamily="Times New Roman" fontSize="8.0"/>
                </Word>
                <Word id="w_w1aab1b1b2c43b1ad129" language="English" custom="readingOrder {index:12;}">
                    <Coords points="1377,2334 1403,2334 1403,2363 1377,2363"/>
                    <TextEquiv>
                        <Unicode>la</Unicode>
                    </TextEquiv>
                    <TextStyle fontFamily="Times New Roman" fontSize="8.0"/>
                </Word>
                <Word id="w_w1aab1b1b2c43b1ad135" language="English" custom="readingOrder {index:13;}">
                    <Coords points="1427,2333 1536,2333 1536,2364 1427,2364"/>
                    <TextEquiv>
                        <Unicode>théorie</Unicode>
                    </TextEquiv>
                    <TextStyle fontFamily="Times New Roman" fontSize="8.0"/>
                </Word>
                <Word id="w_w1aab1b1b2c43b1ad151" language="English" custom="readingOrder {index:14;}">
                    <Coords points="1559,2333 1652,2333 1652,2363 1559,2363"/>
                    <TextEquiv>
                        <Unicode>socié¬</Unicode>
                    </TextEquiv>
                    <TextStyle fontFamily="Times New Roman" fontSize="8.0"/>
                </Word>
                <TextEquiv>
                    <Unicode>Invitation à assister chez lui à une séance de J. Journet sur la théorie socié¬</Unicode>
                </TextEquiv>
                <TextStyle fontFamily="Times New Roman" fontSize="8.0"/>
            </TextLine>
            <TextLine id="tl_50" primaryLanguage="English" custom="readingOrder {index:1;}">
                <Coords points="311,2371 397,2371 397,2402 311,2402"/>
                <Baseline points="311,2402 397,2402"/>
                <Word id="w_w1aab1b1b2c43b3ab1" language="English" custom="readingOrder {index:0;}">
                    <Coords points="311,2371 397,2371 397,2402 311,2402"/>
                    <TextEquiv>
                        <Unicode>taire.</Unicode>
                    </TextEquiv>
                    <TextStyle fontFamily="Times New Roman" fontSize="8.0"/>
                </Word>
                <TextEquiv>
                    <Unicode>taire.</Unicode>
                </TextEquiv>
                <TextStyle fontFamily="Times New Roman" fontSize="8.0"/>
            </TextLine>
            <TextEquiv>
                <Unicode>Invitation à assister chez lui à une séance de J. Journet sur la théorie socié¬
taire.</Unicode>
            </TextEquiv>
        </TextRegion>
        <TextRegion type="paragraph" id="r_1_23" custom="readingOrder {index:23;}">
            <Coords points="192,2424 1656,2424 1656,2472 192,2472"/>
            <TextLine id="tl_51" primaryLanguage="English" custom="readingOrder {index:0;}">
                <Coords points="193,2425 1655,2425 1655,2471 193,2471"/>
                <Baseline points="193,2460 1655,2460"/>
                <Word id="w_w1aab1b1b2c45b1ab1" language="English" custom="readingOrder {index:0;}">
                    <Coords points="193,2426 280,2426 280,2460 193,2460"/>
                    <TextEquiv>
                        <Unicode>4494</Unicode>
                    </TextEquiv>
                    <TextStyle fontFamily="Times New Roman" fontSize="11.0"/>
                </Word>
                <Word id="w_w1aab1b1b2c45b1b1b1" language="English" custom="readingOrder {index:1;}">
                    <Coords points="303,2425 478,2425 478,2469 303,2469"/>
                    <TextEquiv>
                        <Unicode>Volney</Unicode>
                    </TextEquiv>
                    <TextStyle fontFamily="Times New Roman" fontSize="10.5" bold="true"/>
                </Word>
                <Word id="w_w1aab1b1b2c45b1b2b1" language="English" custom="readingOrder {index:2;}">
                    <Coords points="502,2425 560,2425 560,2469 502,2469"/>
                    <TextEquiv>
                        <Unicode>(le</Unicode>
                    </TextEquiv>
                    <TextStyle fontFamily="Times New Roman" fontSize="11.0"/>
                </Word>
                <Word id="w_w1aab1b1b2c45b1b2b9" language="English" custom="readingOrder {index:3;}">
                    <Coords points="591,2426 718,2426 718,2460 591,2460"/>
                    <TextEquiv>
                        <Unicode>comte</Unicode>
                    </TextEquiv>
                    <TextStyle fontFamily="Times New Roman" fontSize="11.0"/>
                </Word>
                <Word id="w_w1aab1b1b2c45b1b2c21" language="English" custom="readingOrder {index:4;}">
                    <Coords points="750,2425 836,2425 836,2469 750,2469"/>
                    <TextEquiv>
                        <Unicode>de),</Unicode>
                    </TextEquiv>
                    <TextStyle fontFamily="Times New Roman" fontSize="11.0"/>
                </Word>
                <Word id="w_w1aab1b1b2c45b1b2c31" language="English" custom="readingOrder {index:5;}">
                    <Coords points="866,2425 1022,2425 1022,2460 866,2460"/>
                    <TextEquiv>
                        <Unicode>célèbre</Unicode>
                    </TextEquiv>
                    <TextStyle fontFamily="Times New Roman" fontSize="11.0"/>
                </Word>
                <Word id="w_w1aab1b1b2c45b1b2c47" language="English" custom="readingOrder {index:6;}">
                    <Coords points="1053,2426 1226,2426 1226,2461 1053,2461"/>
                    <TextEquiv>
                        <Unicode>écrivain</Unicode>
                    </TextEquiv>
                    <TextStyle fontFamily="Times New Roman" fontSize="11.0"/>
                </Word>
                <Word id="w_w1aab1b1b2c45b1b2c65" language="English" custom="readingOrder {index:7;}">
                    <Coords points="1262,2426 1519,2426 1519,2471 1262,2471"/>
                    <TextEquiv>
                        <Unicode>philosophe,</Unicode>
                    </TextEquiv>
                    <TextStyle fontFamily="Times New Roman" fontSize="11.0"/>
                </Word>
                <Word id="w_w1aab1b1b2c45b1b2c89" language="English" custom="readingOrder {index:8;}">
                    <Coords points="1553,2427 1600,2427 1600,2460 1553,2460"/>
                    <TextEquiv>
                        <Unicode>né</Unicode>
                    </TextEquiv>
                    <TextStyle fontFamily="Times New Roman" fontSize="11.0"/>
                </Word>
                <Word id="w_w1aab1b1b2c45b1b2c95" language="English" custom="readingOrder {index:9;}">
                    <Coords points="1632,2426 1655,2426 1655,2460 1632,2460"/>
                    <TextEquiv>
                        <Unicode>à</Unicode>
                    </TextEquiv>
                    <TextStyle fontFamily="Times New Roman" fontSize="11.0"/>
                </Word>
                <TextEquiv>
                    <Unicode>4494 Volney (le comte de), célèbre écrivain philosophe, né à</Unicode>
                </TextEquiv>
            </TextLine>
            <TextEquiv>
                <Unicode>4494 Volney (le comte de), célèbre écrivain philosophe, né à</Unicode>
            </TextEquiv>
        </TextRegion>
        <TextRegion type="paragraph" id="r_1_24" custom="readingOrder {index:24;}">
            <Coords points="303,2467 1654,2467 1654,2559 303,2559"/>
            <TextLine id="tl_52" primaryLanguage="English" custom="readingOrder {index:0;}">
                <Coords points="304,2468 1652,2468 1652,2515 304,2515"/>
                <Baseline points="304,2504 1652,2504"/>
                <Word id="w_w1aab1b1b2c47b1ab1" language="English" custom="readingOrder {index:0;}">
                    <Coords points="304,2469 444,2469 444,2504 304,2504"/>
                    <TextEquiv>
                        <Unicode>Craon.</Unicode>
                    </TextEquiv>
                    <TextStyle fontFamily="Times New Roman" fontSize="11.0"/>
                </Word>
                <Word id="w_w1aab1b1b2c47b1ac15" language="English" custom="readingOrder {index:1;}">
                    <Coords points="465,2488 507,2488 507,2493 465,2493"/>
                    <TextEquiv>
                        <Unicode>—</Unicode>
                    </TextEquiv>
                    <TextStyle fontFamily="Times New Roman" fontSize="11.0"/>
                </Word>
                <Word id="w_w1aab1b1b2c47b1ac19" language="English" custom="readingOrder {index:2;}">
                    <Coords points="526,2469 568,2469 568,2503 526,2503"/>
                    <TextEquiv>
                        <Unicode>L.</Unicode>
                    </TextEquiv>
                    <TextStyle fontFamily="Times New Roman" fontSize="11.0"/>
                </Word>
                <Word id="w_w1aab1b1b2c47b1ac25" language="English" custom="readingOrder {index:3;}">
                    <Coords points="591,2479 625,2479 625,2504 591,2504"/>
                    <TextEquiv>
                        <Unicode>a.</Unicode>
                    </TextEquiv>
                    <TextStyle fontFamily="Times New Roman" fontSize="11.0"/>
                </Word>
                <Word id="w_w1aab1b1b2c47b1ac31" language="English" custom="readingOrder {index:4;}">
                    <Coords points="646,2480 675,2480 675,2504 646,2504"/>
                    <TextEquiv>
                        <Unicode>s.</Unicode>
                    </TextEquiv>
                    <TextStyle fontFamily="Times New Roman" fontSize="11.0"/>
                </Word>
                <Word id="w_w1aab1b1b2c47b1ac37" language="English" custom="readingOrder {index:5;}">
                    <Coords points="697,2479 747,2479 747,2504 697,2504"/>
                    <TextEquiv>
                        <Unicode>au</Unicode>
                    </TextEquiv>
                    <TextStyle fontFamily="Times New Roman" fontSize="11.0"/>
                </Word>
                <Word id="w_w1aab1b1b2c47b1ac43" language="English" custom="readingOrder {index:6;}">
                    <Coords points="767,2468 934,2468 934,2504 767,2504"/>
                    <TextEquiv>
                        <Unicode>docteur</Unicode>
                    </TextEquiv>
                    <TextStyle fontFamily="Times New Roman" fontSize="11.0"/>
                </Word>
                <Word id="w_w1aab1b1b2c47b1ac59" language="English" custom="readingOrder {index:7;}">
                    <Coords points="952,2470 1156,2470 1156,2514 952,2514"/>
                    <TextEquiv>
                        <Unicode>Haworth,</Unicode>
                    </TextEquiv>
                    <TextStyle fontFamily="Times New Roman" fontSize="11.0"/>
                </Word>
                <Word id="w_w1aab1b1b2c47b1ac77" language="English" custom="readingOrder {index:8;}">
                    <Coords points="1177,2470 1198,2470 1198,2504 1177,2504"/>
                    <TextEquiv>
                        <Unicode>à</Unicode>
                    </TextEquiv>
                    <TextStyle fontFamily="Times New Roman" fontSize="11.0"/>
                </Word>
                <Word id="w_w1aab1b1b2c47b1ac81" language="English" custom="readingOrder {index:9;}">
                    <Coords points="1218,2470 1516,2470 1516,2515 1218,2515"/>
                    <TextEquiv>
                        <Unicode>Philadelphie;</Unicode>
                    </TextEquiv>
                    <TextStyle fontFamily="Times New Roman" fontSize="11.0"/>
                </Word>
                <Word id="w_w1aab1b1b2c47b1ad109" language="English" custom="readingOrder {index:10;}">
                    <Coords points="1536,2470 1652,2470 1652,2506 1536,2506"/>
                    <TextEquiv>
                        <Unicode>New-</Unicode>
                    </TextEquiv>
                    <TextStyle fontFamily="Times New Roman" fontSize="11.0"/>
                </Word>
                <TextEquiv>
                    <Unicode>Craon. — L. a. s. au docteur Haworth, à Philadelphie; New-</Unicode>
                </TextEquiv>
                <TextStyle fontFamily="Times New Roman" fontSize="11.0"/>
            </TextLine>
            <TextLine id="tl_53" primaryLanguage="English" custom="readingOrder {index:1;}">
                <Coords points="305,2512 1653,2512 1653,2558 305,2558"/>
                <Baseline points="305,2547 1653,2547"/>
                <Word id="w_w1aab1b1b2c47b3ab1" language="English" custom="readingOrder {index:0;}">
                    <Coords points="305,2513 429,2513 429,2555 305,2555"/>
                    <TextEquiv>
                        <Unicode>York,</Unicode>
                    </TextEquiv>
                    <TextStyle fontFamily="Times New Roman" fontSize="11.0"/>
                </Word>
                <Word id="w_w1aab1b1b2c47b3ac13" language="English" custom="readingOrder {index:1;}">
                    <Coords points="450,2516 471,2516 471,2548 450,2548"/>
                    <TextEquiv>
                        <Unicode>3</Unicode>
                    </TextEquiv>
                    <TextStyle fontFamily="Times New Roman" fontSize="11.0"/>
                </Word>
                <Word id="w_w1aab1b1b2c47b3ac17" language="English" custom="readingOrder {index:2;}">
                    <Coords points="491,2512 573,2512 573,2548 491,2548"/>
                    <TextEquiv>
                        <Unicode>déc.</Unicode>
                    </TextEquiv>
                    <TextStyle fontFamily="Times New Roman" fontSize="11.0"/>
                </Word>
                <Word id="w_w1aab1b1b2c47b3ac27" language="English" custom="readingOrder {index:3;}">
                    <Coords points="597,2515 693,2515 693,2556 597,2556"/>
                    <TextEquiv>
                        <Unicode>1796,</Unicode>
                    </TextEquiv>
                    <TextStyle fontFamily="Times New Roman" fontSize="11.0"/>
                </Word>
                <Word id="w_w1aab1b1b2c47b3ac39" language="English" custom="readingOrder {index:4;}">
                    <Coords points="716,2515 728,2515 728,2547 716,2547"/>
                    <TextEquiv>
                        <Unicode>1</Unicode>
                    </TextEquiv>
                    <TextStyle fontFamily="Times New Roman" fontSize="11.0"/>
                </Word>
                <Word id="w_w1aab1b1b2c47b3ac43" language="English" custom="readingOrder {index:5;}">
                    <Coords points="753,2523 789,2523 789,2558 753,2558"/>
                    <TextEquiv>
                        <Unicode>p.</Unicode>
                    </TextEquiv>
                    <TextStyle fontFamily="Times New Roman" fontSize="11.0"/>
                </Word>
                <Word id="w_w1aab1b1b2c47b3ac49" language="English" custom="readingOrder {index:6;}">
                    <Coords points="810,2513 903,2513 903,2548 810,2548"/>
                    <TextEquiv>
                        <Unicode>in-4.</Unicode>
                    </TextEquiv>
                    <TextStyle fontFamily="Times New Roman" fontSize="11.0"/>
                </Word>
                <Word id="w_w1aab1b1b2c47b3ac61" language="English" custom="readingOrder {index:7;}">
                    <Coords points="1568,2517 1590,2517 1590,2548 1568,2548"/>
                    <TextEquiv>
                        <Unicode>6</Unicode>
                    </TextEquiv>
                    <TextStyle fontFamily="Times New Roman" fontSize="11.0"/>
                </Word>
                <Word id="w_w1aab1b1b2c47b3ac65" language="English" custom="readingOrder {index:8;}">
                    <Coords points="1637,2526 1653,2526 1653,2546 1637,2546"/>
                    <TextEquiv>
                        <Unicode>»</Unicode>
                    </TextEquiv>
                    <TextStyle fontFamily="Times New Roman" fontSize="11.0"/>
                </Word>
                <TextEquiv>
                    <Unicode>York, 3 déc. 1796, 1 p. in-4. 6 »</Unicode>
                </TextEquiv>
                <TextStyle fontFamily="Times New Roman" fontSize="11.0"/>
            </TextLine>
            <TextEquiv>
                <Unicode>Craon. — L. a. s. au docteur Haworth, à Philadelphie; New-
York, 3 déc. 1796, 1 p. in-4. 6 »</Unicode>
            </TextEquiv>
        </TextRegion>
        <TextRegion type="paragraph" id="r_1_25" custom="readingOrder {index:25;}">
            <Coords points="348,2557 1515,2557 1515,2597 348,2597"/>
            <TextLine id="tl_54" primaryLanguage="English" custom="readingOrder {index:0;}">
                <Coords points="349,2558 1514,2558 1514,2596 349,2596"/>
                <Baseline points="349,2588 1514,2588"/>
                <Word id="w_w1aab1b1b2c49b1ab1" language="English" custom="readingOrder {index:0;}">
                    <Coords points="349,2558 489,2558 489,2589 349,2589"/>
                    <TextEquiv>
                        <Unicode>Curieuse</Unicode>
                    </TextEquiv>
                    <TextStyle fontFamily="Times New Roman" fontSize="8.0"/>
                </Word>
                <Word id="w_w1aab1b1b2c49b1ac19" language="English" custom="readingOrder {index:1;}">
                    <Coords points="503,2558 596,2558 596,2596 503,2596"/>
                    <TextEquiv>
                        <Unicode>épître</Unicode>
                    </TextEquiv>
                    <TextStyle fontFamily="Times New Roman" fontSize="8.0"/>
                </Word>
                <Word id="w_w1aab1b1b2c49b1ac33" language="English" custom="readingOrder {index:2;}">
                    <Coords points="609,2558 727,2558 727,2588 609,2588"/>
                    <TextEquiv>
                        <Unicode>relative</Unicode>
                    </TextEquiv>
                    <TextStyle fontFamily="Times New Roman" fontSize="8.0"/>
                </Word>
                <Word id="w_w1aab1b1b2c49b1ac51" language="English" custom="readingOrder {index:3;}">
                    <Coords points="744,2558 759,2558 759,2588 744,2588"/>
                    <TextEquiv>
                        <Unicode>à</Unicode>
                    </TextEquiv>
                    <TextStyle fontFamily="Times New Roman" fontSize="8.0"/>
                </Word>
                <Word id="w_w1aab1b1b2c49b1ac55" language="English" custom="readingOrder {index:4;}">
                    <Coords points="776,2559 801,2559 801,2588 776,2588"/>
                    <TextEquiv>
                        <Unicode>la</Unicode>
                    </TextEquiv>
                    <TextStyle fontFamily="Times New Roman" fontSize="8.0"/>
                </Word>
                <Word id="w_w1aab1b1b2c49b1ac61" language="English" custom="readingOrder {index:5;}">
                    <Coords points="822,2558 994,2558 994,2596 822,2596"/>
                    <TextEquiv>
                        <Unicode>publication</Unicode>
                    </TextEquiv>
                    <TextStyle fontFamily="Times New Roman" fontSize="8.0"/>
                </Word>
                <Word id="w_w1aab1b1b2c49b1ac85" language="English" custom="readingOrder {index:6;}">
                    <Coords points="1013,2558 1047,2558 1047,2589 1013,2589"/>
                    <TextEquiv>
                        <Unicode>de</Unicode>
                    </TextEquiv>
                    <TextStyle fontFamily="Times New Roman" fontSize="8.0"/>
                </Word>
                <Word id="w_w1aab1b1b2c49b1ac91" language="English" custom="readingOrder {index:7;}">
                    <Coords points="1062,2559 1110,2559 1110,2589 1062,2589"/>
                    <TextEquiv>
                        <Unicode>ses</Unicode>
                    </TextEquiv>
                    <TextStyle fontFamily="Times New Roman" fontSize="8.0"/>
                </Word>
                <Word id="w_w1aab1b1b2c49b1b1b1" language="English" custom="readingOrder {index:8;}">
                    <Coords points="1127,2558 1241,2558 1241,2589 1127,2589"/>
                    <TextEquiv>
                        <Unicode>Ruines</Unicode>
                    </TextEquiv>
                    <TextStyle fontFamily="Times New Roman" fontSize="9.0" italic="true"/>
                </Word>
                <Word id="w_w1aab1b1b2c49b1b2b3" language="English" custom="readingOrder {index:9;}">
                    <Coords points="1258,2566 1314,2566 1314,2589 1258,2589"/>
                    <TextEquiv>
                        <Unicode>aux</Unicode>
                    </TextEquiv>
                    <TextStyle fontFamily="Times New Roman" fontSize="8.0"/>
                </Word>
                <Word id="w_w1aab1b1b2c49b1b2c11" language="English" custom="readingOrder {index:10;}">
                    <Coords points="1334,2559 1514,2559 1514,2590 1334,2590"/>
                    <TextEquiv>
                        <Unicode>Etats-Unis.</Unicode>
                    </TextEquiv>
                    <TextStyle fontFamily="Times New Roman" fontSize="8.0"/>
                </Word>
                <TextEquiv>
                    <Unicode>Curieuse épître relative à la publication de ses Ruines aux Etats-Unis.</Unicode>
                </TextEquiv>
            </TextLine>
            <TextEquiv>
                <Unicode>Curieuse épître relative à la publication de ses Ruines aux Etats-Unis.</Unicode>
            </TextEquiv>
        </TextRegion>
        <SeparatorRegion id="r_2" custom="readingOrder {index:26;}">
            <Coords points="1791,0 1824,0 1824,2971 1791,2971"/>
        </SeparatorRegion>
    </Page>
</PcGts>
