1793 3007
794 166 842 204 —
868 166 910 204 21
944 187 987 195 -

162 260 249 294 4266
272 259 499 309 Napoléon
527 261 560 295 P
564 266 576 282 r
579 286 588 303 ,
609 271 818 307 empereur
842 263 909 299 des
939 264 1139 304 Français.
1176 284 1213 292 —
1248 264 1290 300 L.
1327 265 1402 310 sig.
1434 267 1601 310 Napoléon
1607 295 1616 310 ,

273 303 406 347 (écrite
426 314 517 339 sous
536 314 578 339 sa
596 304 722 342 dictée
742 317 813 352 par
831 307 867 343 le
888 308 1010 343 baron
1029 301 1154 353 F'ain),
1175 319 1224 344 au
1245 312 1371 345 comte
1392 310 1439 345 de
1457 310 1615 356 Cessac;

271 347 398 390 Paris,
422 349 460 382 18
480 348 627 384 février
648 352 742 394 1811,
767 353 829 395 1/2
847 362 883 397 p.
905 352 996 388 in-4.
1526 358 1547 390 8
1595 368 1611 389 »

320 394 430 423 Ordres
454 393 633 431 d'organiser
670 404 708 426 un
738 398 853 427 service
883 398 1069 436 d'équipages
1103 398 1129 428 le
1159 398 1224 437 plus
1253 405 1360 437 propre
1384 406 1458 438 pour
1486 399 1561 431 faire
1590 401 1616 432 la

278 440 382 469 guerre
400 440 435 462 en
453 433 587 471 Pologne.
608 445 620 460 »
647 434 667 465 Il
687 435 748 466 faut
766 443 822 473 que
839 436 899 467 cela
915 437 971 467 soit
990 438 1040 467 fait
1054 445 1124 468 avec
1137 437 1293 468 discrétion
1313 440 1341 469 et
1359 438 1384 469 le
1406 439 1471 477 plus
1489 440 1618 471 secrète¬

282 474 360 501 ment
376 471 513 509 possible.
538 485 550 500 »

164 521 250 555 4267
274 521 502 565 Napoléon
520 521 677 567 (Louis),
709 523 845 568 prince
875 524 1068 568 impérial,
1089 525 1151 560 fils
1187 525 1234 560 de
1262 525 1464 571 Napoléon
1489 526 1558 562 III.
1580 548 1616 555 —

272 564 411 599 Dessin
432 574 480 600 au
501 576 659 611 crayon,
680 566 726 601 de
748 567 786 602 la
800 567 906 603 main
926 579 978 603 au
998 569 1147 614 prince,
1173 579 1267 604 avec
1283 580 1326 605 sa
1344 570 1553 616 signature
1576 573 1618 607 et

271 609 310 643 la
327 608 417 644 date
438 611 460 644 à
473 610 512 645 la
531 610 681 655 plume;
705 613 740 646 11
764 611 912 647 février
933 615 1028 656 1864,
1050 613 1141 656 in-4,
1164 613 1324 659 oblong.
1527 618 1571 651 25
1599 628 1615 648 »

317 654 358 684 Ce
376 655 487 691 dessin,
504 656 707 693 très-curieux,
726 656 894 694 représente
912 658 1048 696 l'attaque
1065 659 1151 689 d’uue
1167 659 1297 690 redoute.

159 704 245 738 4268
270 703 459 748 Orléans
478 704 577 748 (Ph.,
614 704 689 739 duc
720 704 780 750 d’),
817 706 970 751 régent.
1008 726 1044 732 —
1081 707 1198 742 Pièce
1235 707 1324 752 sig.,
1366 709 1463 750 1718,
1497 710 1559 751 1/2
1579 719 1615 754 p.

272 747 360 782 in-f.
1530 754 1541 787 1
1569 755 1615 788 25

158 798 246 832 4269
268 798 527 842 Parthenay
547 798 770 842 (Catherine
801 799 874 844 de),
900 800 1011 835 dame
1042 800 1088 836 de
1117 800 1271 843 Rohan,
1303 801 1467 836 ardente
1497 802 1618 837 calvi¬

268 840 387 880 niste,
408 841 561 876 célèbre
582 852 652 887 par
670 853 739 878 son
759 843 953 879 héroïsme
990 844 1085 880 dans
1116 845 1155 879 la
1185 844 1342 880 défense
1380 845 1426 880 de
1461 846 1499 880 la
1536 846 1614 882 Ro¬

271 885 397 920 chelle
418 888 554 921 contre
574 886 631 922 les
650 888 812 933 troupes
832 887 878 922 de
903 888 1023 923 Louis
1041 889 1147 924 XIII.
1180 908 1218 914 —
1244 889 1353 924 Belle
1379 890 1488 934 pièce
1513 891 1589 935 sig.
1606 903 1615 934 ;

270 930 458 974 Fresney,
483 933 579 973 1603,
603 933 615 966 1
639 942 674 976 p.
696 932 787 967 in-f.
809 932 992 967 Relative
1013 934 1035 968 à
1047 943 1089 968 sa
1102 935 1209 968 terre
1224 933 1270 968 de
1290 934 1479 978 Fresney.
1531 937 1571 970 10
1596 947 1613 967 »

159 980 246 1014 4270
268 980 422 1024 Payen
447 980 668 1026 (Anselme),
690 981 843 1016 célèbre
867 981 1063 1017 chimiste.
1083 1004 1120 1009 —
1134 982 1178 1018 L.
1195 993 1230 1017 a.
1251 993 1295 1026 s.,
1319 984 1331 1017 1
1354 993 1390 1028 p.
1412 983 1504 1018 in-8.
1534 986 1546 1018 1
1573 986 1617 1019 25

159 1036 242 1069 4271
270 1035 423 1079 Périer
447 1035 650 1080 (Casimir),
670 1036 829 1072 illustre
850 1036 1004 1072 homme
1025 1037 1169 1073 d’Etat.
1188 1055 1226 1062 —
1256 1037 1298 1072 L.
1320 1049 1355 1073 a.
1375 1048 1406 1073 s.
1439 1039 1461 1073 à
1495 1038 1548 1074 M.
1578 1039 1615 1075 J.

270 1078 408 1122 David,
428 1078 450 1113 à
467 1079 660 1124 Londres;
682 1080 904 1125 Bordeaux,
928 1084 1055 1124 1813,1
1080 1091 1115 1126 p.
1138 1081 1235 1116 in-4.
1526 1085 1547 1118 3
1596 1096 1612 1115 »

158 1131 245 1166 4272
267 1131 474 1176 Perrault
492 1131 600 1177 (Ch.),
631 1132 804 1168 l’auteur
823 1133 890 1169 des
916 1135 1042 1169 Contes.
1070 1133 1194 1170 Billet
1224 1135 1305 1170 aut.
1334 1134 1432 1180 sig.,
1469 1137 1490 1169 9
1521 1134 1616 1170 août

274 1177 336 1218 1/2
359 1185 395 1220 p.
417 1175 513 1210 in-8.
1525 1181 1547 1213 6
1596 1192 1612 1212 »

159 1226 246 1260 4273
268 1225 387 1268 Petit
404 1225 451 1268 (le
472 1225 631 1270 général
650 1226 797 1271 baron),
818 1226 1077 1263 immortalisé
1099 1238 1170 1273 par
1189 1228 1246 1263 les
1267 1227 1413 1263 adieux
1440 1228 1486 1263 de
1516 1227 1617 1263 Fon¬

270 1268 512 1304 tainebleau.
533 1291 568 1298 —
587 1270 630 1305 L.
652 1281 686 1306 a.
706 1281 752 1314 s.,
775 1273 871 1314 1842,
891 1275 912 1307 2
932 1282 968 1317 p.
987 1271 1084 1307 in-8.
1528 1275 1550 1307 2
1598 1286 1614 1304 »

158 1325 246 1360 4274
267 1325 342 1359 Pie
359 1324 420 1370 VI
439 1324 677 1372 (Jean-Ange
696 1328 833 1361 Braschi
836 1327 859 1372 ),
880 1336 976 1373 pape
1008 1326 1174 1371 célèbre,
1207 1328 1312 1362 mort
1337 1326 1564 1373 prisonnier
1592 1328 1614 1362 à

267 1369 439 1405 Valence
460 1380 508 1404 en
523 1372 617 1406 1799.
638 1390 675 1395 —
686 1371 784 1406 Bref
799 1372 889 1417 sig.,
905 1382 953 1406 en
968 1371 1087 1416 latin;
1105 1373 1276 1407 couvent
1289 1371 1356 1407 des
1376 1372 1613 1416 Chartreux,

271 1414 360 1459 près
379 1414 425 1449 de
445 1414 651 1456 Florence,
675 1417 714 1450 10
723 1414 816 1461 juin
838 1418 933 1459 1798,
962 1418 975 1451 1
998 1426 1033 1461 p.
1054 1415 1142 1451 in-f.
1162 1418 1251 1451 Belle
1264 1419 1368 1461 pièce.
1527 1418 1548 1451 8
1596 1429 1612 1448 »

315 1460 497 1489 Nomination
524 1460 591 1490 d’un
610 1460 771 1500 évéqneùi
790 1460 950 1500 partibus.
984 1462 1023 1491 Le
1043 1461 1099 1491 lieu
1128 1461 1194 1492 d’où
1209 1469 1241 1492 ce
1261 1462 1328 1492 bref
1355 1464 1399 1492 est
1427 1461 1492 1492 daté
1515 1464 1560 1491 est
1589 1462 1615 1492 le

277 1499 393 1529 dernier
415 1498 563 1535 qu’habita
579 1499 628 1529 Pie
647 1499 683 1529 VI
703 1500 790 1538 après
807 1508 859 1531 son
878 1500 1028 1538 expulsion
1045 1500 1080 1531 de
1097 1501 1188 1531 Rome
1208 1508 1260 1538 par
1277 1501 1320 1531 les
1338 1501 1475 1538 Français
1490 1503 1518 1531 et
1528 1504 1615 1531 avant

277 1545 330 1568 son
351 1538 541 1568 internement
555 1539 572 1567 à
588 1538 721 1570 Valence.

158 1587 245 1622 4275
267 1587 502 1631 Potemkin
532 1587 810 1637 (Grég.-Alex.,
832 1586 993 1632 prince),
1015 1587 1050 1622 le
1072 1588 1196 1633 grand
1223 1588 1350 1623 favori
1388 1588 1435 1623 de
1472 1589 1613 1624 Cathe¬

268 1630 355 1666 rine
376 1630 424 1666 IL
447 1652 482 1657 —
503 1631 547 1666 L.
567 1642 590 1666 a
614 1632 689 1676 sig.
716 1632 745 1665 le
764 1633 880 1676 prince
897 1634 1060 1666 Potemkin
1081 1635 1223 1667 Taurica
1225 1659 1234 1675 ,
1264 1642 1313 1668 en
1345 1632 1531 1681 français,
1562 1644 1612 1668 au

267 1675 448 1720 prince...
464 1677 485 1710 3
504 1685 539 1720 p.
561 1674 652 1711 in-4.
673 1675 784 1710 Belle
804 1675 927 1721 pièce.
951 1678 1134 1712 Très-rare.
1521 1679 1569 1713 45
1595 1690 1611 1710 »

313 1721 335 1751 F
340 1721 412 1758 pitre
431 1720 654 1758 très-hautaine,
684 1720 772 1752 écrite
789 1721 1007 1759 probablement
1025 1722 1041 1751 k
1057 1729 1094 1752 un
1109 1721 1241 1752 ministre
1270 1721 1318 1759 qui
1335 1720 1406 1752 s’est
1423 1721 1504 1752 avisé
1521 1722 1556 1753 de
1574 1723 1612 1753 lui

274 1759 347 1790 faire
362 1761 413 1790 des
431 1760 641 1790 observations.
679 1771 691 1785 «
713 1760 756 1790 On
776 1759 857 1798 parle
872 1760 1021 1799 beaucoup
1039 1760 1074 1791 de
1090 1762 1158 1795 moi,
1186 1760 1271 1798 dit-il,
1304 1760 1378 1790 mais
1390 1760 1419 1799 je
1437 1761 1523 1792 la'sse
1538 1761 1611 1792 dire.

273 1800 312 1829 La
332 1798 514 1829 distribution
537 1799 588 1829 des
605 1799 704 1837 épées,
733 1799 804 1830 c'est
819 1807 885 1830 mon
901 1799 1009 1834 affaire,
1038 1802 1066 1831 et
1080 1800 1109 1838 je
1127 1800 1203 1837 sçais
1231 1800 1256 1830 le
1285 1802 1359 1830 teins
1390 1802 1418 1830 et
1435 1800 1476 1831 les
1492 1808 1613 1840 moyens

272 1840 417 1869 comment
435 1839 476 1868 les
493 1838 686 1870 distribuer...
712 1849 724 1864 »

154 1887 242 1921 4276
265 1887 453 1931 Pouillet
470 1886 625 1931 (F.-M.),
646 1886 799 1922 célèbre
814 1886 1010 1930 chimiste,
1031 1887 1078 1922 de
1099 1887 1223 1923 l’Inst.
1243 1909 1280 1914 —
1299 1888 1342 1923 L.
1369 1898 1403 1922 a.
1425 1897 1455 1922 s.
1477 1888 1499 1922 à
1518 1887 1614 1923 Che-

266 1930 395 1973 vreul,
419 1933 515 1974 1848,
539 1934 551 1966 1
569 1941 604 1976 p.
621 1931 713 1966 in-8.
1530 1934 1542 1966 1
1570 1935 1614 1967 25

155 1987 239 2021 4277
263 1986 449 2030 Pradier
467 1985 596 2030 (J.-J.),
629 1985 781 2021 célèbre
813 1986 1020 2029 statuaire,
1053 1986 1099 2021 de
1128 1986 1335 2022 l’Institut.
1368 2008 1404 2013 —
1423 1986 1466 2022 L.
1498 1997 1533 2021 a.
1565 1997 1609 2027 s.,

270 2032 282 2064 1
307 2040 342 2075 p.
363 2030 478 2065 in-12.
1529 2032 1541 2065 1
1570 2034 1613 2066 50

154 2087 241 2121 4278
264 2086 429 2130 Prusse
448 2085 635 2130 (Charles,
656 2085 790 2130 prince
812 2084 884 2128 de),
907 2084 1010 2120 frère
1030 2084 1081 2119 du
1102 2084 1162 2119 roi
1177 2084 1405 2119 Guillaume
1429 2086 1441 2119 1
1448 2090 1476 2106 er
1480 2111 1489 2119 .
1509 2105 1547 2111 —
1565 2085 1610 2119 L.

266 2141 300 2165 a.
321 2140 365 2171 s.,
391 2140 440 2164 en
466 2129 649 2177 français,
681 2129 703 2163 à
721 2129 832 2164 Alex.
855 2131 1080 2165 Vattemare
1094 2141 1102 2173 ;
1124 2129 1274 2171 Berlin,
1294 2131 1315 2163 4
1335 2128 1483 2163 février
1513 2131 1609 2171 1834,

264 2177 286 2210 2
304 2184 340 2219 p.
362 2173 454 2216 in-8,
476 2174 612 2208 cachet
631 2174 653 2208 à
669 2183 730 2208 ses
749 2183 892 2208 armes.
1500 2175 1521 2208 3
1566 2175 1610 2207 50

314 2220 361 2249 Bel
379 2219 460 2257 éloge
477 2219 515 2249 du
532 2219 621 2249 talent
637 2218 672 2248 de
683 2217 861 2248 Vattemare.
890 2218 911 2247 U
926 2218 965 2248 lui
982 2221 1094 2257 promet
1108 2218 1144 2248 de
1161 2218 1187 2248 le
1206 2218 1423 2248 recommander
1450 2219 1465 2247 à
1482 2226 1516 2248 sa
1532 2225 1612 2248 sœur

271 2258 475 2296 l'impératrice
493 2259 528 2289 de
548 2258 664 2294 Russie,
683 2259 711 2287 et
730 2265 765 2287 ne
783 2257 870 2288 doute
886 2265 939 2295 pas
960 2257 1028 2294 qu’il
1047 2256 1210 2288 n’obtienne
1229 2265 1245 2287 a
1265 2257 1459 2294 Pétersbourg
1475 2258 1501 2288 le
1516 2257 1611 2288 môme

271 2298 371 2328 succès
387 2296 454 2335 qu'à
469 2296 572 2327 Berlin.

153 2347 240 2382 4279
263 2346 387 2390 Pujol
407 2345 515 2390 (Abel
535 2345 607 2390 de),
630 2344 782 2379 célèbre
802 2344 958 2389 peintre
979 2344 1198 2387 d’histoire,
1226 2344 1272 2379 de
1288 2344 1494 2380 l’Institut.
1514 2365 1552 2371 —
1565 2344 1608 2379 L.

264 2401 298 2426 a.
319 2400 349 2425 s.
370 2401 420 2425 au
442 2390 644 2425 directeur
661 2388 707 2424 de
728 2390 881 2424 l’Artiste
885 2416 894 2432 ,
917 2391 1013 2432 1843,
1036 2391 1049 2424 1
1072 2399 1108 2434 p.
1130 2388 1228 2424 in-8.
1526 2390 1538 2422 1
1567 2391 1610 2423 50

154 2446 241 2480 4280
266 2445 469 2490 Quetelet
481 2444 685 2490 (L.-A.-J.),
702 2444 855 2483 célèbre
876 2446 1099 2479 astronome
1120 2443 1248 2488 belge,
1264 2445 1446 2479 créateur
1459 2443 1505 2477 de
1518 2442 1611 2477 l’ob¬

265 2489 483 2524 servatoire
503 2489 549 2524 de
569 2488 791 2523 Bruxelles.
807 2511 842 2515 —
859 2487 903 2523 L.
925 2499 958 2523 a.
974 2499 1018 2530 s.,
1039 2486 1260 2527 Bruxelles,
1276 2491 1298 2523 2
1315 2498 1351 2533 p.
1373 2488 1464 2522 in-8.
1527 2489 1538 2520 I
1566 2490 1610 2522 50

153 2545 235 2579 4281
263 2545 412 2589 Rancé
432 2543 609 2589 (Arm.-J.
629 2544 847 2578 Lebouthiller
851 2569 860 2585 ,
881 2542 976 2578 abbé
997 2543 1071 2587 de),
1097 2543 1134 2577 le
1163 2543 1316 2577 célèbre
1344 2542 1610 2578 réformateur

264 2589 311 2623 de
330 2588 369 2623 la
387 2589 553 2633 Trappe,
574 2587 670 2622 dont
688 2586 1008 2623 Chateaubriand
1024 2598 1046 2621 a
1064 2587 1165 2622 écrit
1184 2588 1222 2622 la
1239 2587 1315 2622 vie.
1328 2605 1365 2612 —
1383 2586 1426 2621 L.
1447 2596 1493 2628 s.,
1514 2596 1608 2620 avec

264 2633 303 2667 la
326 2632 416 2668 date
443 2634 593 2677 autog.,
621 2632 643 2666 à
669 2632 724 2666 M,
743 2632 918 2673 Finette,
939 2632 961 2666 à
985 2631 1245 2666 l’institution
1268 2631 1315 2665 de
1342 2629 1565 2672 l’Oratoire,
1587 2630 1609 2664 à
