1793 3007
729 141 916 193 - 21 -
215 244 337 275 chances
352 244 387 275 de
417 245 487 275 faire
508 246 595 276 sortir
624 247 705 277 votre
723 246 923 284 département
938 248 973 279 de
994 247 1020 278 la
1037 247 1150 278 routine
1168 248 1197 276 et
1211 245 1246 275 de
1264 244 1400 276 l'ornière
1420 253 1457 276 ou
1477 246 1493 275 il
1512 248 1556 276 est

215 283 311 313 tombé
326 283 428 322 depuis
444 284 575 323 dix-sept
591 293 653 315 ans.
676 287 714 316 Le
732 287 858 325 premier
874 288 953 324 point
967 287 1061 325 gagné
1087 288 1114 316 et
1129 284 1287 315 l’habitude
1302 285 1407 315 servile
1426 292 1482 314 une
1500 285 1556 315 fois

212 323 318 359 brisée,
336 326 395 353 tout
417 323 570 354 deviendra
599 324 732 356 facile...
758 327 851 363 Après
869 329 940 361 tout,
957 327 982 357 le
1005 327 1068 364 plus
1084 326 1187 363 urgent
1210 327 1251 355 est
1284 323 1316 354 do
1336 331 1489 353 renverser
1516 323 1559 353 les

219 361 390 393 officiels...
411 374 423 390 »

99 413 187 447 4475
209 411 376 455 Rachel
395 411 446 455 (M
449 411 484 433 lle
487 411 510 455 ),
531 410 570 446 la
589 412 736 456 grande
756 413 1123 458 tragédienne.—L.
1140 423 1174 448 a.
1196 423 1227 447 s.
1248 412 1300 447 M.
1321 411 1555 456 Desnoyers,

216 458 228 490 1
251 465 288 501 p.
307 455 404 490 in-8.
1472 458 1494 490 4
1540 468 1557 488 »

255 502 297 531 On
317 501 353 531 lui
382 507 510 531 annonce
532 500 559 530 la
589 501 672 531 visite
702 501 771 531 d’un
792 501 933 533 médecin.
954 503 992 532 M.
1012 503 1101 533 Buloz
1119 504 1163 533 est
1192 509 1266 532 venu
1281 501 1308 531 la
1325 501 1401 537 voir,
1436 501 1509 531 mais
1527 508 1559 530 sa

217 541 299 569 santé
314 548 348 570 ne
364 540 402 569 lui
423 542 579 577 permettra
598 547 651 577 pas
670 539 822 570 d’assister
840 541 856 570 k
874 541 900 570 la
921 540 1084 578 répétition.
1122 552 1134 567 «
1154 541 1186 571 Je
1206 549 1242 570 ne
1256 540 1320 571 vois
1348 547 1414 579 pas,
1439 539 1558 575 dit-elle,

214 577 339 610 l’intérêt
353 579 389 609 de
406 579 433 609 la
451 577 587 609 Comédie
600 580 617 608 à
635 585 681 608 me
698 579 856 609 demander
872 581 938 617 plus
954 587 1010 617 que
1023 580 1051 618 je
1066 587 1102 609 ne
1118 579 1184 617 puis
1200 580 1281 610 faire.

99 636 186 669 4476
210 633 375 677 Racine
394 632 551 677 (Louis),
568 632 722 667 célèbre
743 633 872 677 poète,
892 635 1038 668 auteur
1052 633 1104 668 du
1119 634 1254 678 poème
1276 633 1322 668 de
1342 634 1376 667 la
1394 634 1558 676 Religion,

210 697 252 703 —
266 678 380 712 Pièce
402 677 476 722 sig.
488 690 496 721 ;
519 676 713 720 Soissons,
737 680 775 712 17
796 679 872 712 oct.
898 680 994 721 1735,
1012 680 1033 713 2
1050 688 1085 723 p.
1110 679 1172 721 1/2
1191 676 1284 712 in-f.
1456 679 1496 712 12
1543 690 1559 709 »

99 735 186 768 4477
210 734 381 777 Ramey
400 732 605 777 (Etienne),
628 731 760 767 habile
792 732 1001 776 statuaire,
1033 732 1080 767 de
1094 732 1305 768 l’Institut.
1342 752 1384 757 —
1408 732 1452 767 L.
1474 743 1507 767 a.
1529 742 1560 767 s.

214 777 249 822 (à
266 777 361 814 Ach.
384 777 544 821 Comte).
568 778 664 820 1846,
688 779 701 811 1
725 787 760 821 p.
776 776 872 812 in-8.
1474 779 1496 812 2
1543 789 1559 809 »

100 840 186 874 4478
210 839 433 882 Réaumur
451 837 574 882 (R.-A.
596 836 669 880 de),
692 847 744 872 un
765 836 832 872 des
854 838 943 881 plus
965 838 1110 883 grands
1131 837 1393 873 naturalistes
1413 839 1454 873 et
1473 837 1563 882 phy¬

212 882 355 918 siciens
375 882 427 916 du
447 891 545 916 xvm
548 888 560 903 e
580 881 715 924 siècle,
735 882 782 916 né
804 882 826 916 à
847 882 900 916 La
919 882 1123 918 Rochelle.
1143 903 1185 908 —
1214 883 1257 917 L.
1279 893 1312 917 a.
1346 892 1375 917 s.
1409 882 1431 916 à
1450 882 1561 917 Bois-

213 927 293 962 sier
327 926 374 961 de
411 926 625 971 Sauvages,
656 926 678 960 à
714 926 993 972 Montpellier;
1039 927 1258 970 Réaumur,
1302 926 1559 968 Bas-Poitou,

213 974 254 1007 27
275 973 398 1007 octoc.
423 973 517 1013 1755,
543 973 554 1005 1
577 980 613 1015 p.
636 972 698 1013 1/2
718 970 810 1013 in-4,
832 970 1005 1006 cacheta
1024 981 1084 1006 ses
1104 981 1245 1006 armes.
1458 973 1497 1005 18
1544 982 1560 1002 »

260 1016 390 1047 Relative
406 1016 422 1046 à
440 1023 494 1046 uue
505 1017 604 1046 faveur
617 1022 673 1052 que
692 1016 840 1054 Sauvages
856 1016 951 1046 désire
964 1015 1075 1047 obtenir
1094 1017 1131 1047 du
1152 1015 1446 1046 ministreTrudaine.

105 1072 193 1106 4479
217 1072 337 1105 René
356 1069 556 1113 d’Anjou,
577 1069 636 1104 dit
655 1070 684 1104 le
697 1071 757 1104 bon
776 1072 826 1104 roi
844 1072 942 1105 Réné.
979 1089 1021 1096 —
1048 1070 1165 1105 Pièce
1196 1070 1286 1115 sig.;
1324 1069 1491 1105 château
1515 1070 1562 1105 de

215 1114 363 1160 Baugé,
383 1117 425 1150 28
444 1124 503 1149 av.
530 1115 624 1157 1469,
644 1115 704 1157 1/2
723 1125 759 1160 p.
775 1114 866 1149 in-4.
889 1114 951 1150 Un
971 1116 1155 1160 grattage
1171 1116 1212 1150 et
1232 1124 1308 1150 une
1329 1114 1453 1159 petite
1474 1125 1565 1149 cou¬

215 1169 311 1204 pure
332 1159 427 1194 dans
452 1158 488 1193 le
508 1157 637 1192 blanc.
1459 1161 1499 1194 12
1545 1172 1562 1192 »

261 1206 282 1235 11
300 1205 421 1235 accorde
438 1204 455 1233 à
476 1203 564 1234 Jehan
582 1204 620 1234 Le
634 1203 710 1241 Goy,
722 1206 839 1242 sergent
855 1204 890 1234 de
902 1211 936 1234 sa
955 1204 1028 1235 forêt
1046 1204 1081 1235 de
1099 1203 1300 1241 Belle-Poulie,
1319 1211 1375 1235 une
1393 1205 1474 1242 place
1492 1204 1564 1235 dans

221 1244 279 1274 l'île
295 1244 346 1274 des
361 1242 581 1273 Ponts-de-Scé.

104 1300 191 1334 4480
214 1298 440 1340 Richelieu
459 1297 507 1340 (le
527 1296 705 1331 cardinal
732 1296 804 1341 de),
826 1296 1015 1332 l’illustre
1035 1296 1218 1332 ministre
1239 1297 1285 1331 de
1304 1297 1426 1332 Louis
1456 1298 1564 1332 XIII.

215 1362 257 1369 —
276 1343 318 1378 L.
339 1352 368 1378 s.
391 1342 437 1377 de
457 1343 554 1376 Louis
573 1343 664 1384 XIII,
688 1342 728 1376 et
748 1341 1027 1387 contresignée
1048 1344 1118 1387 par
1135 1343 1303 1377 Richelieu
1307 1369 1316 1384 ,
1337 1341 1405 1387 qui
1426 1342 1566 1378 n’était

216 1398 282 1432 pas
307 1397 450 1422 encore
472 1385 664 1429 cardinal,
681 1386 702 1420 à
716 1386 767 1421 M.
789 1385 835 1420 de
855 1386 1140 1429 Blérancourt,
1162 1397 1418 1431 gouverneur
1429 1387 1475 1422 de
1496 1387 1566 1422 Pé-

215 1442 338 1466 ronne
358 1433 399 1466 et
416 1430 663 1466 Montdidier
678 1442 687 1474 ;
707 1430 836 1473 Paris,
860 1432 900 1465 13
914 1430 992 1466 fév.
1015 1432 1112 1474 1617,
1136 1433 1197 1474 1/2
1212 1441 1247 1476 p.
1264 1430 1351 1466 in-f.
1455 1433 1500 1466 25
1547 1443 1563 1462 »

258 1488 351 1518 Ordre
368 1487 404 1518 de
419 1486 491 1517 faire
522 1488 637 1517 monter
659 1486 701 1516 les
730 1486 871 1524 quelques
888 1486 984 1524 pièces
1016 1487 1051 1517 de
1066 1494 1157 1517 canon
1177 1489 1226 1525 qui
1251 1489 1317 1517 sont
1334 1495 1370 1517 au
1390 1487 1509 1518 château
1532 1487 1567 1517 de

225 1528 363 1561 Péronne,
383 1527 409 1557 le
426 1527 491 1564 plus
508 1526 723 1564 promptement
741 1525 878 1564 possible.
897 1525 982 1564 (C’est
1004 1527 1080 1556 deux
1100 1526 1173 1556 mois
1189 1526 1276 1564 après
1295 1534 1351 1564 que
1373 1526 1400 1556 le
1421 1526 1567 1557 maréchal

223 1567 359 1601 d’Ancre,
374 1573 556 1603 gouverneur
571 1564 733 1601 d’Amiens,
753 1565 796 1594 fut
808 1564 978 1603 assassiné.)

107 1617 189 1652 4481
216 1614 442 1658 Richelieu
477 1614 524 1658 (le
557 1614 633 1648 duc
653 1613 726 1657 de),
765 1612 922 1649 célèbre
960 1613 1145 1649 ministre
1182 1613 1229 1648 de
1265 1614 1386 1648 Louis
1422 1613 1566 1656 XVIII,

216 1659 391 1695 membre
411 1657 618 1694 del’Acad.
641 1658 825 1692 franc.—
844 1657 887 1692 L.
909 1667 944 1692 a.
960 1660 1005 1701 s.,
1030 1659 1139 1703 l/2p.
1161 1658 1253 1693 in-4.
1264 1659 1348 1692 Jolie
1355 1660 1456 1702 pièce.
1482 1660 1503 1693 3
1550 1670 1566 1689 »

106 1718 193 1752 4482
216 1716 510 1758 Robespierre
528 1712 816 1758 \Maximilien).
851 1732 893 1738 —
919 1712 1037 1748 Pièce
1057 1713 1132 1758 sig.
1154 1713 1201 1748 de
1222 1713 1281 1748 lui
1302 1715 1342 1748 et
1361 1713 1408 1749 de
1429 1715 1567 1757 Carnot;

219 1762 240 1795 4
259 1759 339 1794 niv.
362 1769 410 1794 an
430 1758 479 1801 II,
502 1760 514 1793 1
537 1768 572 1803 p.
602 1757 694 1792 in-f.
1460 1759 1504 1792 40
1551 1770 1567 1789 »

264 1815 368 1846 Arrêté
385 1815 422 1845 du
441 1814 553 1844 Comité
569 1813 605 1844 de
621 1813 697 1843 salut
715 1812 810 1851 public
828 1814 944 1850 portant
961 1821 1016 1850 que
1036 1812 1064 1843 la
1083 1812 1207 1851 réponse
1224 1813 1259 1843 de
1272 1813 1299 1842 la
1318 1813 1497 1844 Convention
1514 1820 1569 1842 aux

224 1855 282 1886 rois
302 1854 422 1885 coalisés
440 1854 469 1884 et
487 1853 512 1883 le
529 1854 649 1891 rapport
676 1853 713 1882 du
733 1852 845 1883 Comité
864 1853 929 1890 (par
948 1851 1164 1891 Robespierre),
1209 1859 1260 1882 sur
1278 1852 1304 1881 la
1339 1852 1473 1883 situation
1499 1852 1570 1890 poli¬

224 1894 302 1932 tique
320 1894 355 1924 de
371 1894 398 1923 la
416 1892 596 1930 République
614 1894 716 1922 seront
730 1891 857 1929 envoyés
873 1899 931 1922 aux
951 1891 1174 1930 représentants
1192 1898 1249 1921 aux
1271 1892 1396 1926 armées,
1418 1898 1493 1929 pour
1510 1891 1571 1921 être

225 1931 407 1971 réimprimés
421 1939 475 1970 par
492 1932 570 1961 leurs
589 1931 702 1962 ordres.

108 1986 195 2018 4483
218 1981 481 2025 RossinifGr.),
497 1980 533 2014 le
548 1979 958 2025 grandcompositeur.
970 1979 1012 2014 L.
1024 1989 1057 2014 a.
1068 1989 1112 2021 s.,
1123 1989 1170 2013 en
1184 1978 1367 2020 français,
1379 1977 1459 2012 àM.
1470 1978 1572 2013 Mar¬

221 2025 298 2062 tini
313 2039 322 2069 ;
342 2025 533 2070 Bologne,
557 2027 595 2060 13
614 2025 712 2068 sept.
738 2026 834 2067 1846,
858 2024 919 2066 1/2
932 2033 968 2068 p.
983 2023 1075 2058 in-4.
1096 2023 1246 2068 Légère
1267 2022 1480 2058 déchirure
1500 2032 1572 2067 par

220 2071 259 2106 la
277 2071 444 2115 rupture
471 2068 522 2103 du
543 2068 694 2103 cachet.
1465 2068 1506 2101 14
1553 2078 1570 2098 »

108 2132 196 2167 4484
219 2129 569 2175 Royer-Collard
606 2128 814 2173 (P.-Paul),
857 2127 1014 2162 célèbre
1058 2126 1291 2172 philosophe
1329 2128 1369 2161 et
1415 2126 1571 2161 homme

220 2175 363 2217 d’Etat,
390 2173 482 2209 chef
497 2173 564 2208 des
584 2174 771 2215 éclectiques
790 2175 820 2206 et
838 2173 893 2206 des
912 2173 1147 2213 doctrinaires,
1170 2170 1218 2205 né
1244 2171 1341 2205 dans
1360 2170 1399 2205 la
1418 2170 1571 2205 Marne.

221 2239 263 2245 —
282 2219 325 2254 L.
346 2230 380 2254 a.
406 2229 435 2253 s.
457 2228 535 2253 aux
556 2217 804 2262 inspecteurs
826 2217 914 2260 gén.
953 2215 999 2250 de
1031 2214 1307 2257 l’Université,
1351 2216 1447 2257 1818,
1478 2217 1500 2250 2
1536 2224 1572 2259 p.

223 2265 320 2299 in-4.
1485 2261 1506 2293 4
1553 2271 1570 2291 »

266 2314 395 2345 Relative
410 2314 426 2343 à
446 2312 620 2343 l’Académie
634 2311 669 2342 de
686 2311 818 2348 Limoges
840 2312 868 2340 et
883 2311 899 2340 k
914 2309 1021 2340 l’Ecole
1035 2309 1070 2340 dck
1087 2309 1164 2340 droit
1176 2309 1211 2339 de
1229 2309 1382 2340 Grenoble.

110 2377 198 2410 4485
221 2376 346 2409 Scott
358 2374 367 2417 (
382 2372 537 2408 Walter
550 2372 572 2415 ),
599 2371 635 2406 le
674 2369 797 2416 grand
835 2368 1060 2403 romancier
1078 2368 1260 2404 écossais.
1298 2387 1339 2393 —
1374 2367 1416 2401 L.
1444 2377 1478 2401 a.
1500 2377 1530 2402 s.
1552 2367 1574 2401 à

222 2419 274 2454 M.
295 2417 487 2459 Landlau,
507 2415 765 2459 Edimbourg,
785 2416 828 2449 23
848 2413 925 2448 fév.
949 2415 1045 2455 1820,
1086 2414 1147 2455 1/2
1178 2423 1214 2458 p.
1239 2412 1331 2447 in-4.
1353 2411 1572 2446 Très-belle

222 2463 342 2498 lettre
363 2471 455 2496 avec
475 2470 545 2495 son
565 2459 702 2494 cachet
721 2457 972 2503 symbolique
993 2457 1277 2502 représentant
1293 2456 1329 2491 le
1356 2455 1485 2497 soleil,
1507 2465 1574 2490 au¬

221 2510 315 2542 tour
341 2505 490 2551 duquel
510 2505 570 2539 est
590 2514 666 2539 une
687 2502 822 2537 devise
844 2513 892 2537 en
914 2501 1070 2537 italien.
1464 2501 1508 2534 20
1555 2511 1571 2530 »

113 2573 200 2608 4486
222 2572 424 2616 Scudéry
444 2570 679 2613 (Madeleine
699 2569 773 2612 de),
794 2568 948 2603 célèbre
975 2566 1222 2603 romancière
1245 2566 1296 2601 du
1316 2571 1413 2600 xvn®
1439 2565 1573 2609 siècle,
