1793 3007
752 181 919 241 - 5 -
106 291 340 343 Addington;
368 294 497 334 Nelson
522 296 700 346 (Horace),
721 295 854 335 recueil
874 295 920 333 de
941 295 963 333 8
986 294 1045 334 let.
1070 300 1147 334 aut.
1171 295 1240 345 sig.
1265 301 1302 335 et
1320 297 1343 334 2
1359 296 1563 335 seulement

106 340 195 390 sig.;
216 342 238 381 3
261 343 310 382 let
345 345 391 383 de
414 345 496 396 lady
513 344 716 391 Ham
740 357 781 384 sa
796 345 1000 392 maîtresse,
1021 350 1056 383 et
1087 356 1160 383 une
1176 345 1282 384 lettre
1300 345 1347 384 de
1362 345 1564 391 Charlotte,

108 391 211 431 reine
242 393 287 431 de
317 394 465 444 Naples.
501 394 614 443 3,750
646 395 707 440 fr.,
730 395 939 444 Addington
958 407 966 441 ;
995 393 1328 433 Northumberland
1365 396 1564 446 (Algernon

110 441 238 493 Percy,
259 444 332 481 earl
360 444 421 494 of),
458 444 529 484 338
565 445 607 483 fr.
640 446 699 488 78.
736 444 944 493 Halloway;
966 444 1089 482 Peters
1117 444 1267 496 (Hugh),
1301 445 1373 483 262
1404 445 1445 483 fr
1486 445 1561 493 50;

110 491 213 529 Prior
232 492 388 543 (Malh.),
412 494 483 532 288
499 495 558 538 fr.,
585 494 794 544 Addington
815 507 822 540 ;
855 492 1008 542 Raleigh
1029 493 1211 544 (Walter),
1233 493 1306 533 386
1337 494 1380 532 fr.
1404 495 1464 539 28.
1486 494 1564 532 Ad¬

108 540 263 590 dington
283 555 290 589 ;
328 543 510 592 Reynolds
544 544 724 594 (Joshua),
759 543 831 581 328
855 543 924 587 fr.,
965 542 1152 596 Halloway
1172 556 1179 590 ;
1216 544 1354 594 Sharpe
1400 544 1561 596 (James),

107 591 181 629 218
199 590 243 629 fr.
265 592 325 640 78,
349 592 570 644 Addington;
585 594 731 643 Shelley
746 593 899 648 (Percay
919 592 1085 643 Bysshe),
1105 592 1176 631 262
1195 594 1238 632 fr.
1264 594 1324 641 80,
1346 594 1535 644 Halloway
1553 607 1561 640 ;

109 640 290 680 Sheridan
315 642 326 691 (R
328 643 438 681 K
444 644 470 692 ),
496 644 556 681 let.
584 643 641 692 sig
673 642 719 681 de
736 654 793 681 ses
812 642 985 686 initiales,
1007 642 1080 681 326
1099 643 1176 690 fr.,;
1198 642 1366 682 Smollett
1388 643 1561 694 (Tobias),

109 689 182 727 328
206 690 236 728 fr
258 703 266 738 ;
289 691 497 741 Addington
516 705 525 739 ;
549 692 725 731 Strafford
758 691 867 742 (Th.),
895 692 1025 730 recueil
1055 694 1224 741 composé
1242 692 1352 730 d’une
1372 694 1491 737 lettre,
1516 692 1564 731 de

109 740 300 785 ortraits,
343 748 525 791 estampes
559 748 595 780 et
625 742 838 780 documents
876 741 998 780 divers
1021 772 1027 784 .
1069 742 1182 787 2,050
1216 742 1276 790 fr.,
1317 742 1529 792 Addington
1554 757 1562 789 ;

110 787 359 841 wedenborg
379 822 386 837 ,
417 792 637 836 l’illuminé,
677 792 750 830 262
784 791 827 830 fr.
851 790 910 833 50,
942 791 1149 842 Halloway;
1170 791 1377 841 Thompson
1401 792 1560 846 (James),

112 841 231 889 poète,
254 840 326 879 400
346 841 407 887 fr.,
436 841 658 890 Addington;
691 840 850 880 Thurloe
879 840 1017 891 (John),
1038 841 1111 880 450
1132 842 1192 887 fr.,
1215 842 1448 891 Addington;
1477 842 1566 880 Vol¬

111 889 218 938 taire,
239 900 312 929 une
347 891 455 930 lettre
485 893 507 929 à
536 891 645 941 Pope,
669 891 688 929 1
712 903 746 946 p.
773 891 870 936 in-4,
899 902 944 929 eu
970 891 1126 941 anglais,
1158 891 1229 929 478
1248 891 1308 935 fr.,
1331 891 1563 941 Addington;

111 938 256 978 Waller
292 939 465 991 (Edm.),
503 943 608 992 poète
646 946 682 979 et
713 939 860 979 homme
894 940 1029 983 d’Etat,
1061 941 1133 979 512
1166 941 1209 979 fr.
1232 940 1291 984 50,
1327 941 1563 990 Addington;

110 987 364 1039 Washington
388 990 459 1029 (G.
475 991 500 1041 ),
545 991 606 1029 let.
645 990 690 1028 de
728 990 751 1028 5
786 1002 819 1039 p.
857 990 949 1033 in-4,
992 990 1248 1035 intéressante,
1289 991 1380 1030 mais
1413 991 1563 1041 frippée,

112 1038 226 1083 2,550
248 1038 309 1081 fr.,
331 1039 558 1089 Adaington;
585 1039 802 1079 Whilefield
826 1039 1005 1089 (George),
1025 1040 1098 1079 476
1120 1041 1178 1083 fr.,
1201 1039 1429 1089 Addington;
1448 1047 1517 1079 etc.

163 1087 261 1127 Nous
291 1090 433 1128 serions
458 1090 607 1128 curieux
640 1090 684 1128 de
715 1089 793 1128 voir
827 1100 990 1146 repasser
1024 1101 1085 1129 ces
1120 1090 1255 1129 mêmes
1305 1092 1423 1140 pièces
1473 1091 1567 1129 dans

114 1149 185 1176 une
205 1144 311 1177 autre
333 1145 453 1187 vente,
485 1140 582 1178 alors
601 1151 672 1188 que
692 1138 765 1178 l’on
795 1140 906 1178 serait
931 1151 979 1177 un
997 1152 1069 1189 peu
1091 1139 1246 1189 dégrisé,
1275 1146 1311 1179 et
1340 1152 1427 1179 avec
1458 1140 1569 1179 l’abs¬

115 1188 256 1226 tention
291 1188 355 1228 des
383 1189 477 1229 deux
512 1189 773 1239 compétiteurs
802 1189 866 1239 qui
896 1195 961 1228 ont
990 1196 1075 1228 tenu
1100 1193 1122 1229 à
1152 1201 1220 1229 eux
1254 1191 1353 1229 seuls
1384 1191 1415 1229 le
1447 1190 1561 1240 tapis.

663 1375 1024 1432 NÉCROLOGIE.

168 1486 233 1525 Les
251 1491 433 1525 amateurs
454 1486 735 1537 d’autographes
760 1487 1010 1537 apprendront
1030 1498 1119 1525 avec
1141 1486 1174 1526 le
1193 1487 1274 1537 plus
1302 1485 1357 1525 vif
1382 1492 1504 1537 regret
1539 1487 1573 1525 la

116 1542 217 1596 perte
240 1536 329 1575 d’un
348 1536 393 1574 de
413 1537 509 1575 leurs
529 1536 682 1588 doyens,
705 1537 751 1575 M.
773 1536 818 1576 de
834 1538 966 1588 Loyac,
988 1537 1051 1587 qui
1076 1542 1132 1576 est
1164 1542 1258 1575 mort
1288 1537 1319 1575 le
1349 1536 1397 1575 26
1435 1537 1518 1578 mai,
1552 1541 1573 1575 à

115 1586 208 1636 l'âge
227 1586 270 1625 de
292 1587 336 1625 81
358 1598 442 1630 ans,
465 1587 556 1625 dans
586 1599 652 1625 son
675 1585 827 1626 château
858 1587 903 1626 de
935 1587 1174 1626 Vendoeuvre.
1206 1587 1334 1625 C’était
1355 1599 1404 1624 un
1429 1587 1573 1625 homme

115 1638 188 1675 très
207 1636 376 1682 aimable,
399 1649 448 1675 un
467 1636 633 1675 vieillard
655 1640 728 1676 très
747 1638 820 1687 gai,
843 1637 930 1676 dont
952 1638 985 1676 la
1001 1638 1259 1676 conversation
1277 1636 1367 1676 était
1387 1636 1509 1686 pleine
1528 1637 1574 1676 de

117 1686 278 1725 charme.

166 1735 948 1784 Jean-Baptiste-Marie-Charles-Antoine,
972 1737 1132 1787 marquis
1147 1735 1193 1775 de
1213 1736 1343 1787 Loyac,
1362 1736 1453 1775 était
1472 1737 1517 1774 né
1529 1748 1577 1775 au

117 1786 270 1825 château
291 1787 336 1825 de
355 1786 528 1831 Couderc,
549 1798 595 1825 en
617 1786 820 1830 Limousin,
844 1787 876 1825 le
894 1787 941 1825 16
961 1787 1030 1825 mai
1052 1787 1162 1829 1788.
1182 1786 1231 1824 du
1249 1792 1365 1825 comte
1384 1786 1429 1825 de
1458 1786 1578 1836 Loyac

118 1842 154 1874 et
170 1836 399 1875 d’Henriette
419 1837 464 1875 Le
484 1836 615 1887 Vover,
635 1836 746 1875 d’une
764 1836 899 1876 famille
915 1836 1115 1885 originaire
1133 1836 1179 1874 du
1198 1836 1332 1874 Maine.
1358 1836 1472 1875 Entré
1484 1836 1577 1875 dans

121 1885 453 1926 l’Administration
467 1886 512 1925 de
531 1879 677 1925 l'armée
696 1898 742 1925 en
764 1886 876 1934 1809,
899 1887 921 1925 il
946 1886 985 1925 fit
1003 1887 1054 1925 les
1076 1897 1295 1937 campagnes
1310 1886 1517 1936 d’Espagne
1533 1898 1579 1924 en

121 1936 214 1974 1811
240 1943 277 1974 et
295 1936 404 1979 1823,
427 1943 463 1975 et
482 1936 534 1975 fut
552 1935 709 1979 attaché,
735 1936 897 1987 pendant
912 1942 1006 1975 cette
1022 1936 1203 1981 dernière,
1223 1948 1267 1974 au
1285 1938 1581 1986 quartier-géné¬

122 1987 174 2025 ral
197 1986 245 2024 du
273 1986 344 2024 duc
368 1986 642 2036 d’Angoulême,
672 1998 812 2025 comme
837 1986 1142 2026 sous-intendant
1172 1986 1358 2025 militaire.
1392 1985 1421 2024 11
1448 1986 1519 2036 prit
1542 1997 1583 2025 sa

122 2036 273 2074 retraite
291 2047 336 2074 en
356 2036 466 2077 1833,
493 2048 584 2086 pour
616 2035 706 2075 aller
738 2036 896 2085 habiter,
934 2036 1026 2075 dans
1061 2037 1093 2074 le
1123 2036 1268 2079 Maine,
1304 2046 1375 2074 une
1411 2040 1507 2075 terre
1538 2036 1584 2074 de

124 2085 276 2130 famille,
300 2092 337 2124 et
357 2097 396 2124 se
419 2086 527 2124 livrer
547 2097 634 2125 avec
652 2086 735 2136 plus
754 2085 799 2125 de
819 2086 947 2125 liberté
962 2089 983 2125 à
996 2097 1053 2125 ses
1069 2087 1179 2136 goûts
1197 2086 1393 2125 littéraires
1409 2092 1445 2125 et
1464 2086 1585 2125 scien¬

127 2136 287 2185 tifiques.

178 2186 226 2224 Le
252 2185 414 2235 marquis
432 2184 476 2223 de
497 2185 614 2235 Loyac
632 2185 722 2223 était
741 2197 791 2223 un
810 2185 854 2224 de
873 2197 939 2224 nos
960 2186 1040 2236 plus
1064 2186 1215 2224 anciens
1233 2191 1418 2224 amateurs
1439 2184 1586 2224 d’auto¬

125 2236 283 2286 graphes
320 2235 347 2273 Il
369 2235 535 2274 cultivait
554 2246 595 2274 ce
614 2236 703 2285 goût
719 2246 806 2274 avec
827 2235 1012 2286 beaucoup
1034 2235 1322 2285 d’intelligence,
1339 2241 1375 2274 et
1395 2234 1485 2273 était
1501 2246 1587 2285 par¬

125 2297 220 2324 venu
241 2287 262 2323 à
288 2284 414 2324 réunir
444 2296 515 2323 une
546 2284 609 2323 des
640 2285 854 2324 collections
886 2286 1130 2336 provinciales
1159 2285 1211 2324 les
1241 2286 1324 2342 plus
1343 2287 1585 2324 renommées.

130 2335 238 2385 L’âge
261 2335 397 2373 n’avait
418 2335 519 2385 point
538 2334 673 2372 affaibli
693 2335 779 2373 chez
801 2335 850 2373 lui
870 2335 1030 2374 ardeur
1049 2336 1095 2375 du
1119 2335 1422 2379 collectionneur,
1444 2346 1518 2383 car,
1537 2346 1589 2373 un

131 2388 225 2423 mois
243 2386 265 2422 à
291 2385 396 2435 peine
417 2392 527 2423 avant
547 2396 587 2423 sa
617 2391 730 2430 mort,
755 2385 778 2423 il
798 2385 952 2434 ajoutait
984 2397 1113 2425 encore
1146 2388 1167 2423 à
1194 2396 1251 2425 ses
1283 2384 1388 2424 chers
1416 2384 1586 2424 dossiers.

127 2434 229 2474 Nous
249 2447 295 2473 ne
313 2434 567 2474 connaissions
587 2446 649 2484 pas
672 2433 857 2473 d’homme
884 2434 972 2474 d’un
1007 2436 1089 2486 plus
1119 2435 1312 2475 charmant
1342 2437 1527 2474 caractère
1554 2440 1592 2473 et

131 2484 221 2524 dont
237 2484 270 2524 le
288 2496 490 2524 commerce
507 2485 561 2523 fût
580 2485 660 2535 plus
679 2484 860 2534 agréable.
