1802 3007
780 172 984 219 - 19 -
259 280 337 304 une
357 270 578 315 princesse;
600 269 727 315 Paris,
747 274 789 307 26
808 273 884 307 oct.
909 275 1006 315 1838,
1031 275 1041 307 1
1067 283 1103 318 p.
1127 274 1188 315 1/4
1208 272 1301 316 in-8,
1324 273 1541 318 enveloppe
1570 276 1612 309 et

259 313 409 349 cachet.
433 316 602 359 Très-jolie
614 318 719 360 pièce.
1508 319 1546 352 14
1593 330 1611 348 »

304 358 459 389 Gracieuse
479 360 571 398 épître
590 369 624 391 en
641 362 765 399 réponse
788 362 804 391 h
829 361 881 391 des
903 361 1105 399 compliments
1119 368 1171 392 sur
1187 362 1213 391 la
1228 362 1381 392 naissance
1405 362 1443 392 du
1467 364 1560 392 comte
1575 362 1612 392 de

267 397 361 428 Paris.

148 436 235 471 4452
258 436 574 482 Mélanchthon
593 437 798 483 (Philippe
813 438 835 481 ),
857 437 1126 473 réformateur
1144 438 1319 474 illustre.
1335 439 1505 474 —Pièce
1520 438 1612 484 sig.,

260 490 310 514 en
330 480 546 526 allemand;
571 485 610 517 15
624 481 734 527 janv.
759 484 854 524 1551,
879 484 891 516 1
915 492 951 526 p.
975 483 1037 525 1/2
1056 482 1135 517 in-f
1132 488 1146 505 0
1151 508 1175 525 .,
1195 484 1368 518 cachets.
1505 485 1547 517 30
1595 495 1612 514 »

309 524 385 555 Belle
402 525 492 563 pièce,
508 526 581 557 mais
598 535 666 557 avec
683 535 718 556 un
736 527 814 564 léger
833 528 1085 564 raccommodage.
1105 528 1165 557 Elle
1185 531 1268 564 porte
1289 529 1451 566 également
1471 528 1495 557 la
1516 528 1614 565 signa¬

267 566 329 593 ture
343 567 371 594 et
388 565 414 594 le
433 566 532 595 cachet
551 565 586 596 de
604 565 685 595 Jean
703 564 923 603 bugenhagen,
940 566 967 595 le
987 565 1100 596 célèbre
1119 566 1323 597 réformateur.

151 602 237 636 4453
261 602 524 647 Meyerbeer
543 604 748 655 (Jacques)
769 603 805 637 le
827 604 953 648 grand
981 604 1263 649 compositeur.
1285 625 1327 631 —
1347 605 1389 640 L.
1419 615 1453 639 a.
1482 614 1533 646 s.,
1565 615 1615 639 en

261 646 447 694 français,
468 648 490 682 à
503 647 545 683 F.
572 647 697 690 Pezzi,
707 647 920 684 rédacteur
947 648 994 683 de
1021 648 1061 684 la
1080 650 1213 684 Gazette
1231 651 1271 683 de
1289 651 1396 684 Milan
1408 661 1417 689 ;
1443 648 1615 691 Trieste,

266 691 305 724 14
325 683 413 725 nôv.
437 693 532 734 1824,
552 694 573 726 2
591 701 628 736 p.
649 691 741 733 in-4,
757 692 907 728 cachet.
1511 695 1551 728 15
1597 705 1615 724 »

309 735 406 773 Epître
424 736 692 767 très-intéressante
711 737 829 767 relative
847 739 863 767 à
882 736 935 768 son
953 736 1103 767 Crociato
1121 736 1154 767 in
1173 736 1286 776 Egito,
1311 737 1360 775 qui
1381 738 1458 768 vient
1475 737 1618 767 d’obtenir

269 780 308 803 un
325 775 425 804 succès
442 775 574 805 éclatant.
591 775 634 805 On
651 784 665 804 a
681 775 730 805 fait
746 783 783 805 un
802 776 901 807 article
915 784 988 815 pour
1008 775 1034 805 la
1052 775 1194 812 Gazelle,
1203 769 1286 806 ‘mais
1304 784 1340 806 on
1359 784 1376 814 y
1396 776 1527 815 déprime
1551 779 1618 814 trop

269 812 310 842 les
325 814 536 851 compositeurs
554 814 667 844 italiens
694 815 849 845 modernes
872 823 946 853 pour
964 813 1082 845 l’élever
1104 815 1264 846 au-dessus
1287 815 1385 846 d'eux.
1416 826 1428 841 «
1451 815 1540 845 Outre
1562 823 1619 853 que

268 851 329 881 cela
344 851 417 882 n’est
437 861 488 890 pas
501 853 576 890 vrai,
592 853 681 889 dit-il,
697 853 757 883 cela
780 861 816 883 ne
835 857 902 892 peut
920 861 976 892 que
992 853 1121 891 déplaire
1136 861 1191 884 aux
1207 855 1332 885 lecteurs
1354 854 1484 891 italiens,
1511 855 1559 891 qui
1587 861 1619 884 se

269 891 465 921 trouveraient
477 893 635 930 justement
649 891 771 922 offensés
787 892 824 923 du
844 893 953 931 mépris
968 893 1002 923 de
1019 893 1081 922 leur
1097 893 1229 930 musique
1248 893 1402 923 nationale.
1425 905 1438 919 »

153 927 240 962 4454
263 929 446 973 Mignet,
484 929 638 965 célèbre
675 930 885 975 historien,
924 931 971 965 de
1003 930 1148 965 l’Acad.
1181 928 1231 965 fr.
1251 950 1294 957 —
1313 931 1356 966 L.
1385 942 1419 966 a.
1450 940 1501 973 s.,
1533 932 1545 964 1
1582 941 1618 975 p.

266 971 358 1008 in-8.
1532 976 1554 1009 2
1602 987 1618 1005 »

154 1015 241 1050 4455
265 1018 495 1062 Mirabeau
513 1018 571 1062 (le
592 1019 720 1053 comte
741 1017 823 1063 de),
853 1018 1041 1054 l’illustre
1073 1019 1248 1054 orateur.
1269 1038 1311 1043 —
1331 1019 1374 1053 L.
1404 1020 1486 1054 aut.
1513 1018 1536 1053 à
1567 1029 1618 1053 un

265 1060 311 1095 de
347 1072 408 1097 ses
443 1062 770 1105 collaborateurs,
807 1063 959 1107 Berlin,
995 1065 1037 1099 27
1069 1062 1165 1108 juil.
1205 1065 1307 1106 1786,
1343 1066 1355 1097 1
1384 1074 1421 1109 p.
1451 1065 1513 1106 1/2
1539 1064 1620 1107 pet.

266 1104 362 1141 in-4.
1516 1109 1555 1141 18
1601 1119 1619 1138 »

318 1150 458 1182 Curieuse
475 1152 566 1190 épître
585 1151 704 1182 relative
726 1152 741 1181 à
760 1159 793 1181 sa
812 1151 929 1182 mission
955 1152 971 1181 à
997 1151 1102 1182 Berlin.
1131 1152 1151 1182 Il
1180 1154 1225 1181 est
1251 1159 1285 1181 en
1308 1159 1423 1182 mesure
1443 1152 1478 1183 de
1501 1151 1622 1182 réaliser

273 1190 350 1220 leurs
366 1192 486 1229 projets.
507 1191 527 1220 Il
555 1198 645 1220 aune
671 1190 773 1228 couple
802 1191 836 1221 de
866 1191 1042 1221 manuscrits
1075 1193 1135 1220 tout
1161 1192 1257 1227 prêts,
1284 1191 1331 1228 qui
1361 1191 1534 1222 demandent
1566 1198 1623 1221 une

275 1229 385 1267 grande
418 1230 533 1260 célérité
557 1230 592 1259 de
624 1229 798 1267 publication
823 1232 851 1259 et
876 1237 949 1267 pour
975 1230 1100 1267 lesquels
1124 1229 1142 1259 il
1164 1229 1203 1259 lui
1235 1230 1358 1260 faudrait
1387 1231 1462 1261 deux
1493 1237 1620 1267 presses,

275 1269 399 1299 l'eut-on
416 1271 545 1306 compter
559 1268 668 1302 lk-bas,
686 1269 904 1305 demande-t-il,
922 1277 973 1298 sur
993 1272 1070 1299 toute
1083 1269 1109 1298 la
1127 1268 1230 1299 liberté
1253 1269 1380 1306 possible
1398 1269 1434 1299 de
1453 1270 1479 1298 la
1501 1268 1623 1307 presse?

276 1318 288 1333 «
309 1308 377 1339 Car.
395 1307 561 1347 ajoute-t-il,
579 1315 611 1337 ce
625 1307 700 1337 n'est
716 1307 837 1344 qu’ainsi
857 1315 913 1345 que
931 1307 958 1338 le
980 1315 1143 1337 commerce
1168 1308 1219 1337 des
1244 1307 1367 1344 pensées
1393 1311 1459 1345 peut
1480 1315 1623 1337 non-seu¬

274 1348 380 1377 lement
399 1346 532 1386 acquérir
548 1348 627 1377 toute
640 1353 693 1377 son
713 1346 815 1382 utilité,
833 1347 907 1376 mais
924 1354 1081 1378 recouvrer
1099 1348 1178 1377 toute
1196 1347 1357 1382 dignité...
1382 1359 1394 1373 »

158 1387 244 1421 4456
268 1386 445 1429 Moigno
476 1385 618 1429 (l’abbé
655 1385 738 1429 F.),
776 1387 916 1421 savant
953 1385 1280 1421 mathématicien
1312 1387 1352 1421 et
1389 1383 1621 1431 physicien,

269 1430 473 1465 directeur
492 1429 543 1465 du
565 1432 691 1465 Cosmos
695 1456 704 1472 ,
731 1429 778 1464 né
800 1430 896 1465 dans
922 1430 958 1465 le
984 1429 1210 1465 Morbihan.
1230 1450 1272 1454 —
1292 1430 1335 1464 L.
1357 1441 1390 1465 a.
1416 1440 1447 1465 s.
1477 1430 1499 1463 à
1525 1429 1621 1463 Ach.

271 1475 431 1517 Comte,
460 1477 472 1508 1
496 1485 532 1518 p.
554 1473 646 1509 in-8.
1540 1475 1551 1507 1
1580 1475 1624 1507 50

157 1521 243 1555 4457
268 1519 449 1563 Murger
469 1519 651 1563 (Henry),
674 1517 851 1552 écrivain
869 1518 1058 1564 original,
1072 1519 1218 1553 auteur
1232 1518 1278 1552 de
1293 1521 1340 1553 La
1357 1520 1409 1552 vie
1421 1519 1461 1552 de
1474 1519 1621 1552 Bohême.

269 1584 312 1589 —
331 1563 373 1598 L.
395 1574 429 1598 a.
449 1573 479 1598 s.
501 1563 543 1607 (à
562 1562 656 1598 Ach.
679 1563 844 1606 Comte),
875 1564 886 1596 1
910 1573 945 1607 p.
967 1563 1059 1597 in-8.
1080 1565 1178 1597 Rare.
1536 1564 1557 1595 8
1606 1574 1621 1592 »

315 1608 387 1639 Jolie
404 1609 488 1639 lettie
503 1609 539 1638 où
559 1608 576 1637 il
592 1608 724 1646 exprime
742 1615 773 1637 sa
791 1609 854 1637 vive
869 1608 1012 1645 gratitude
1031 1616 1103 1645 pour
1123 1615 1179 1637 une
1194 1607 1358 1638 distinction
1375 1615 1430 1645 que
1448 1607 1485 1638 M.
1506 1607 1542 1637 de
1560 1606 1624 1636 Sal-

274 1647 380 1684 vandy,
398 1647 528 1677 ministre
542 1647 576 1676 de
588 1646 783 1678 l’Instruction
801 1646 950 1685 publique,
964 1647 1043 1677 vient
1060 1647 1094 1677 de
1113 1647 1151 1677 lui
1171 1647 1319 1676 accorder.

159 1688 245 1722 4458
266 1687 494 1736 Napoléon
527 1687 607 1727 III,
639 1695 849 1729 empereur
880 1684 948 1720 des
985 1685 1188 1732 Français.
1209 1705 1251 1710 —
1271 1684 1313 1719 L.
1354 1684 1452 1728 sig.;
1494 1682 1623 1722 Paris,

267 1731 436 1775 25.ia.nv.
459 1731 556 1773 1855,
578 1731 640 1773 1/2
658 1739 695 1775 p.
733 1729 822 1764 in-f.
843 1731 933 1763 Belle
948 1731 1051 1774 pièce.
1519 1730 1559 1762 10
1607 1739 1623 1757 »

159 1777 246 1810 4459
271 1776 517 1817 Offenbach
535 1773 754 1819 (Jacques),
775 1774 1045 1818 compositeur
1070 1773 1116 1808 de
1144 1772 1341 1817 musique,
1368 1772 1405 1807 le
1434 1771 1626 1817 gracieux

271 1821 416 1854 auteur
441 1818 487 1853 de
517 1819 556 1854 la
584 1819 716 1854 Grande
748 1820 906 1852 Duchesse
940 1819 980 1852 de
1007 1819 1202 1854 Gérolstein.
1215 1837 1256 1842 —
1273 1818 1317 1852 L.
1350 1827 1384 1851 a.
1417 1827 1463 1859 s.,
1498 1817 1561 1858 1/2
1587 1826 1624 1860 p.

272 1864 363 1899 in-4.
1535 1862 1556 1895 2
1582 1862 1626 1895 50

158 1920 246 1955 4460
270 1918 455 1963 Ollivier
474 1918 653 1963 (Emile),
672 1917 827 1952 célèbre
853 1918 993 1953 avocat
1013 1919 1053 1952 et
1071 1917 1227 1951 homme
1248 1916 1459 1961 politique,
1481 1914 1625 1959 député

270 1964 316 1998 de
337 1962 464 2005 Paris,
485 1962 574 2007 puis
594 1962 645 1997 du
665 1961 758 2005 Yar,
780 1961 828 1996 né
849 1962 871 1996 à
895 1961 1112 1997 Marseille.
1133 1981 1175 1986 —
1195 1961 1238 1995 L.
1267 1971 1301 1995 a.
1327 1971 1356 1995 s.
1384 1960 1424 2004 (à
1450 1960 1503 1995 M.
1532 1960 1627 1994 Cre¬

273 2007 374 2042 ntier
381 2008 403 2051 ),
428 2009 467 2042 15
485 2006 563 2041 mai
587 2009 684 2048 1868,
707 2008 720 2040 1
743 2016 779 2051 p.
807 2006 899 2041 in-8.
1539 2006 1560 2037 6
1608 2016 1625 2035 »

316 2053 444 2082 Relative
461 2052 478 2081 k
494 2053 521 2081 la
537 2051 612 2089 ligne
628 2053 644 2081 k
661 2052 757 2081 suivre
770 2059 842 2089 pour
854 2052 896 2082 les
912 2051 1049 2081 élections
1060 2051 1095 2081 de
1113 2049 1199 2080 1869.
1220 2060 1232 2075 «
1250 2050 1283 2080 Je
1301 2057 1401 2087 pense,
1419 2049 1511 2082 dit-il,
1529 2056 1586 2086 que
1602 2048 1627 2078 le

279 2092 357 2129 point
386 2091 489 2128 capital
518 2093 563 2121 est
580 2090 729 2121 d’assurer
759 2091 784 2120 le
806 2091 908 2121 succès
926 2091 977 2121 des
995 2090 1145 2120 candidats
1163 2089 1209 2126 qui
1229 2096 1264 2118 ne
1285 2092 1352 2118 sont
1383 2096 1436 2126 pas
1462 2088 1591 2118 inféodés
1610 2088 1626 2117 k

277 2129 549 2162 l’Administration.
572 2131 613 2159 Au
631 2129 757 2168 premier
775 2132 839 2159 tour
858 2129 893 2159 de
909 2129 1030 2164 scrutin,
1057 2129 1074 2157 il
1105 2128 1165 2157 faut
1195 2127 1349 2165 multiplier
1378 2128 1419 2157 les
1447 2127 1597 2157 candidats
1617 2135 1625 2157 :

276 2171 387 2207 chaque
404 2169 521 2207 opinion
540 2169 598 2199 doit
615 2168 695 2199 avoir
713 2169 739 2198 le
756 2168 835 2202 sien;
856 2176 891 2198 au
909 2168 1060 2199 deuxième
1081 2169 1159 2202 tour,
1178 2174 1214 2196 on
1231 2174 1264 2196 se
1285 2167 1379 2196 réunit
1408 2174 1458 2196 sur
1477 2165 1550 2196 celui
1576 2166 1627 2196 des

278 2209 446 2245 dissidents,
465 2208 530 2245 quel
543 2207 613 2245 qu’il
630 2208 696 2242 soit,
711 2207 759 2244 qui
778 2215 793 2236 a
807 2208 913 2237 obtenu
931 2207 957 2237 le
971 2208 1037 2245 plus
1054 2206 1089 2236 de
1107 2205 1261 2243 suffrages.
1285 2217 1297 2232 «

161 2260 242 2294 4461
273 2257 461 2300 Orléans
496 2256 680 2300 (Hélène,
707 2255 899 2290 duchesse
936 2256 1006 2300 d’),
1036 2256 1181 2300 épouse
1214 2254 1266 2289 du
1294 2255 1369 2289 duc
1400 2254 1625 2297 d’Orléans,

273 2303 379 2336 mère
400 2301 451 2336 du
472 2303 600 2336 comte
620 2300 666 2335 de
687 2300 813 2335 Paris.
834 2320 876 2324 —
895 2300 938 2334 L.
959 2310 993 2334 a.
1014 2310 1044 2334 s.
1065 2310 1113 2334 en
1135 2299 1328 2346 français,
1350 2310 1399 2334 au
1421 2299 1557 2344 prince
1579 2299 1626 2333 de

272 2346 478 2388 Joinville,
516 2355 585 2380 son
618 2345 732 2379 futur
762 2344 1006 2387 beau-frère;
1034 2343 1331 2388 Ludwigslust,
1366 2346 1408 2379 27
1434 2353 1494 2377 av.
1527 2345 1624 2386 1837,

273 2393 295 2426 2
314 2401 349 2435 p.
371 2390 463 2425 in-4.
483 2391 573 2424 Belle
585 2391 690 2434 pièce.
1521 2389 1561 2421 12
1609 2400 1624 2418 »

321 2435 454 2466 L’avenir
473 2435 498 2465 la
515 2435 713 2472 rapprochant
730 2434 765 2464 de
784 2434 809 2463 la
827 2433 932 2463 famille
949 2434 987 2464 du
1003 2433 1114 2471 prince,
1129 2433 1183 2464 elle
1203 2441 1311 2471 pourra
1331 2444 1342 2458 «
1361 2432 1440 2471 jouir
1464 2432 1516 2463 des
1541 2431 1627 2462 récits

278 2483 334 2513 que
349 2475 374 2505 le
388 2476 476 2512 jeune
492 2475 586 2504 croisé
600 2474 650 2503 fait
665 2482 700 2504 au
720 2476 817 2503 retour
833 2472 869 2502 de
893 2481 942 2503 ses
958 2473 1152 2511 pèlerinages,
1178 2476 1206 2502 et
1233 2472 1398 2502 s’instruire
1431 2479 1483 2509 par
1503 2473 1565 2500 tout
1595 2479 1628 2501 ce

280 2513 350 2552 qu’il
368 2523 382 2543 a
403 2512 529 2544 recueilli
546 2514 620 2543 dans
637 2521 684 2543 ses
701 2513 783 2550 longs
802 2519 928 2549 voyages
963 2524 976 2539 »

166 2564 254 2599 4462
278 2563 468 2605 Orléans
488 2561 634 2605 (Marie
655 2561 722 2605 d’),
744 2560 825 2595 fille
846 2560 897 2595 du
921 2560 977 2595 roi
1004 2560 1349 2606 Louis-Philippe,
1369 2559 1560 2594 duchesse
1580 2559 1627 2595 de

276 2606 578 2651 Wurtemberg,
610 2605 810 2651 princesse
837 2605 992 2648 artiste,
1020 2605 1042 2640 à
1066 2605 1131 2651 qui
1160 2605 1236 2640 Ton
1264 2604 1348 2639 doit
1373 2604 1410 2639 la
1433 2605 1627 2640 statuette
