1841 2972
870 142 1043 202 - 2 -
223 262 372 305 portons
392 262 537 306 garant,
564 256 656 294 mais
672 257 693 293 à
708 255 823 304 grand
849 262 981 303 regret.
1007 255 1054 294 M.
1081 255 1200 300 Succi,
1226 266 1272 294 un
1293 256 1357 295 des
1373 255 1522 294 curieux
1538 255 1683 294 d’auto¬

223 305 384 356 graphes
408 308 459 344 les
485 305 565 355 plus
583 304 794 355 distingués
813 305 859 344 de
879 305 1027 349 ritalie,
1046 305 1189 344 homme
1203 305 1247 344 de
1275 307 1364 355 goût
1381 312 1417 344 et
1446 305 1561 354 grand
1591 316 1683 343 con¬

223 355 404 399 naisseur,
429 367 449 394 a
465 356 641 394 conservé
663 354 697 393 le
713 355 769 394 feu
789 358 904 399 sacré,
924 361 960 393 et
978 367 1069 394 nous
1088 367 1133 393 ne
1148 355 1289 394 serions
1303 356 1407 407 point
1426 356 1567 407 surpris
1585 354 1631 393 de
1652 355 1684 393 le

223 404 315 449 voir,
334 417 422 444 avec
443 404 603 443 l’ardeur
620 417 693 455 que
721 416 812 443 nous
843 405 893 444 lui
917 405 1169 449 connaissons,
1204 417 1486 454 recommencer,
1521 416 1610 455 pour
1651 404 1684 442 la

221 455 409 494 troisième
429 454 510 500 fois,
530 466 601 494 une
624 455 820 494 collection
839 455 931 494 dont
951 455 975 493 il
999 455 1047 494 lui
1067 467 1089 493 a
1110 456 1168 494 été
1189 455 1218 493 si
1237 455 1381 505 pénible
1400 455 1445 494 de
1464 467 1502 494 se
1523 458 1680 505 séparer.

270 510 375 549 Voici
410 510 463 549 les
500 511 579 561 prix
601 511 780 560 auxquels
801 522 840 548 se
872 517 956 549 sont
987 511 1108 549 élevés
1142 510 1193 549 les
1225 510 1441 560 principaux
1471 510 1617 548 articles
1639 509 1684 548 de

218 566 314 599 celte
332 560 500 599 dernière
517 566 626 599 vente
645 572 652 597 :
675 560 881 598 Alexandre
903 560 962 604 VI,
986 561 1089 609 pièce
1116 560 1203 609 sig.,
1225 560 1272 598 68
1290 560 1321 598 fr
1342 573 1350 607 ;
1373 560 1509 606 Alfieri,
1537 558 1585 597 42
1621 559 1680 603 fr.;

220 611 338 648 Ancre
350 611 402 660 (la
421 610 628 649 maréchale
639 609 702 659 d’),
720 610 828 649 lettre
840 609 953 648 d’une
973 609 1119 658 insigne
1138 612 1268 653 rareté,
1290 621 1352 648 car
1368 621 1414 647 on
1432 609 1517 648 n’en
1537 610 1685 648 connaît

218 660 355 709 qu’une
373 661 474 699 seule
491 667 609 705 autre,
624 660 717 697 dans
737 660 771 698 la
789 659 982 698 collection
1003 659 1048 698 de
1059 660 1107 697 M.
1125 659 1280 698 Feuillet
1298 659 1344 698 de
1360 659 1536 702 Conches,
1556 658 1629 696 238
1641 658 1681 704 f.,

217 710 366 766 acquise
382 722 444 759 par
459 711 507 749 M.
528 709 779 756 Labouchère;
794 710 939 748 Arioste
957 709 1109 759 (Louis),
1129 708 1201 748 308
1216 709 1275 753 fr.,
1298 709 1423 759 acquis
1439 720 1503 759 par
1516 709 1563 747 M.
1584 708 1685 747 Jules

220 759 337 809 Boilly
352 772 360 806 ;
379 761 618 808 Arrivabène,
641 759 688 797 33
706 759 766 804 fr.,
789 760 916 809 acquis
936 770 1002 809 par
1022 760 1068 797 M.
1096 759 1246 797 Feuillet
1264 758 1310 796 de
1325 758 1510 803 Conches;
1536 758 1682 806 Bembo,

220 809 241 846 I.
266 821 313 858 s.,
335 809 383 848 40
405 809 466 857 fr.;
489 809 654 853 Bernini,
680 809 753 848 106
773 809 834 856 fr.;
856 809 1026 847 Bourbon
1051 809 1096 858 (le
1120 808 1339 847 connétable
1356 808 1428 858 de),
1459 808 1563 858 pièce
1594 808 1681 857 sig.,

216 858 264 897 33
300 860 343 899 fr.
367 872 375 906 ;
413 859 628 898 Buonarolti
649 861 663 909 (
684 858 948 909 Michel-Ange
966 860 998 910 ),
1036 859 1162 909 acquis
1196 870 1259 909 par
1301 859 1349 897 M.
1402 858 1502 909 Benj.
1551 857 1682 903 Fillon,

216 909 290 948 208
345 909 387 948 fr.
412 922 420 956 ;
471 910 590 958 Bvron
637 908 790 959 (lord),
841 909 968 958 acquis
1012 920 1077 959 par
1127 908 1173 946 M.
1225 908 1465 956 Diederichs,
1517 908 1564 946 48
1615 907 1657 946 fr.
1674 921 1681 955 ;

216 959 427 997 Calasanzio
447 959 591 1009 (Saint),
616 958 664 997 80
681 959 741 1006 fr.;
762 959 1007 1009 Campistron,
1032 959 1138 997 lettre
1155 959 1267 997 écrite
1285 964 1322 996 et
1346 962 1366 997 à
1387 959 1421 996 la
1447 958 1514 997 fois
1536 957 1604 1007 sig.
1635 957 1679 995 de

216 1021 257 1046 sa
276 1010 388 1054 main,
409 1021 450 1048 ce
469 1009 531 1060 qui
552 1015 608 1047 est
629 1020 724 1053 rare,
748 1008 795 1046 40
815 1008 876 1056 fr.;
899 1009 1067 1047 Cavalier
1081 1008 1211 1058 (Jean),
1234 1008 1401 1047 curieuse
1419 1008 1520 1057 pièce
1538 1019 1601 1046 sur
1630 1020 1679 1045 un

216 1061 465 1109 guet-à-pens
484 1059 546 1110 qui
570 1058 618 1097 lui
652 1059 705 1097 fut
738 1058 866 1103 tendu,
885 1058 932 1096 82
952 1058 1013 1106 fr.;
1037 1058 1215 1096 Cavalieri
1238 1058 1532 1108 (Bonavenlure),
1575 1057 1681 1095 lettre

216 1110 263 1147 où
281 1108 302 1147 il
324 1110 422 1157 parle
437 1109 482 1147 de
498 1112 531 1147 la
547 1109 663 1147 cécité
670 1108 714 1147 de
727 1108 878 1152 Galilée,
895 1119 961 1146 son
975 1107 1120 1153 maître,83
1188 1108 1248 1154 fr.,
1261 1108 1410 1158 acquise
1431 1119 1521 1158 pour
1541 1107 1573 1146 le
1591 1106 1681 1145 doc¬

218 1164 297 1196 teur
321 1158 534 1206 Wagener;
577 1157 1026 1202 Charles-le-Téméraire,
1050 1158 1111 1196 let.
1136 1156 1204 1207 sig.
1230 1157 1279 1196 46
1301 1158 1362 1205 fr.;
1386 1159 1548 1196 Colonna
1579 1156 1682 1207 (Vic¬

218 1208 340 1257 toire),
364 1209 463 1258 pièce
479 1209 565 1258 sig.,
588 1208 737 1258 acquise
756 1220 819 1256 par
837 1207 887 1246 M.
912 1208 1045 1252 Fillon,
1067 1207 1114 1245 60
1137 1208 1196 1254 fr.;
1217 1207 1433 1254 Condorcet,
1460 1209 1566 1246 lettre
1585 1209 1682 1245 très-

219 1258 479 1306 intéressante,
498 1258 645 1308 acquise
663 1269 725 1308 par
745 1258 791 1296 M.
814 1257 937 1296 Alfred
958 1258 1121 1301 Sensier,
1140 1257 1188 1295 64
1202 1257 1243 1296 fr.
1255 1270 1263 1304 ;
1280 1258 1439 1296 Cortone
1458 1257 1593 1306 (Pierre
1609 1256 1682 1305 de),

218 1308 346 1358 acquis
368 1320 433 1358 par
454 1309 499 1347 M.
522 1308 797 1358 Kneppelhout,
829 1308 876 1346 88
899 1308 962 1354 fr.;
981 1307 1069 1346 Este
1086 1307 1280 1357 (Eléonore
1298 1307 1360 1357 d’),
1382 1308 1443 1346 let.
1464 1308 1553 1357 sig.,
1574 1307 1621 1345 80
1637 1307 1678 1344 fr.

219 1357 322 1396 Ficin
343 1358 536 1408 (Marsile),
569 1358 697 1407 acquis
720 1368 785 1407 par
812 1358 858 1395 M.
894 1358 932 1395 B.
970 1357 1102 1402 Fillon,
1133 1356 1205 1395 418
1235 1357 1297 1404 fr.;
1336 1356 1517 1396 Guericke
1552 1356 1680 1412 (Otto),

220 1407 348 1465 acquis
364 1419 429 1456 par
452 1408 500 1447 M.
524 1407 687 1452 Chasles,
711 1405 757 1445 40
778 1406 839 1453 fr.;
858 1406 949 1445 Jove
973 1406 1107 1457 (Paul),
1130 1407 1176 1446 80
1196 1407 1257 1453 fr.;
1283 1407 1328 1444 La
1348 1407 1458 1446 Balue
1491 1406 1541 1457 (le
1562 1405 1684 1444 cardi¬

220 1446 308 1508 nal),
334 1458 435 1508 pièce
457 1457 544 1507 sig.,
566 1458 718 1507 acquise
740 1468 805 1506 par
835 1457 881 1494 M.
922 1457 1030 1500 Petit,
1064 1456 1136 1495 160
1167 1456 1226 1502 fr.;
1260 1456 1422 1495 Maillard
1463 1455 1681 1507 (Stanislas),

221 1519 293 1546 une
306 1507 369 1546 des
382 1507 477 1546 deux
492 1507 611 1545 seules
629 1508 749 1557 pièces
763 1517 937 1551 connues,
955 1506 1002 1544 74
1015 1506 1076 1553 fr.;
1095 1506 1266 1556 Malpighi
1281 1506 1459 1556 (Marcel),
1478 1505 1605 1556 acquis
1622 1517 1687 1556 par

225 1558 270 1596 M.
298 1557 452 1595 Feuillet
469 1557 514 1595 de
528 1558 706 1605 Conches,
728 1557 775 1596 82
794 1556 823 1594 fr
844 1569 852 1603 ;
876 1556 1022 1600 Marini,
1045 1557 1093 1595 40
1123 1556 1183 1604 fr.;
1215 1558 1323 1595 Ratte
1357 1555 1439 1616 (de),
1466 1556 1590 1606 acquis
1625 1567 1687 1605 par

224 1607 271 1646 M.
298 1606 494 1652 Forestier,
512 1606 560 1645 36
576 1607 635 1653 fr.;
662 1607 846 1645 Rousseau
871 1606 966 1655 (J.-J
986 1606 1010 1655 ),
1032 1605 1158 1654 acquis
1178 1617 1242 1655 par
1261 1607 1309 1644 M.
1338 1606 1562 1647 Dieaerichs,
1582 1604 1629 1643 63
1645 1606 1686 1651 f,

223 1663 294 1695 etc.
318 1657 373 1694 En
393 1668 545 1701 somme,
566 1657 601 1694 la
623 1662 731 1695 vente
749 1668 770 1694 a
790 1656 945 1706 dépassé
964 1656 998 1694 le
1016 1654 1143 1694 chiffre
1162 1655 1206 1694 de
1225 1655 1340 1704 6,000
1359 1657 1492 1696 francs.

275 1717 304 1755 11
327 1716 429 1756 vient
446 1716 492 1756 de
511 1729 549 1756 se
564 1717 655 1756 faire
673 1719 694 1756 à
714 1716 887 1759 Londres,
912 1728 1006 1767 coup
1027 1728 1090 1755 sur
1106 1728 1212 1767 coup,
1233 1716 1325 1755 deux
1344 1723 1471 1756 ventes
1486 1717 1691 1767 d’autogra¬

227 1767 317 1816 phes
337 1766 593 1817 importantes,
612 1778 752 1805 comme
774 1766 797 1804 il
823 1766 883 1817 n’y
903 1778 948 1804 en
971 1766 1069 1804 avait
1089 1778 1153 1817 pas
1172 1778 1215 1805 eu
1242 1766 1373 1816 depuis
1405 1767 1588 1817 plusieurs
1622 1778 1692 1805 an¬

229 1818 328 1856 nées.
357 1817 406 1855 La
425 1817 617 1866 première,
639 1817 731 1856 celle
751 1816 796 1855 de
818 1817 868 1855 M.
890 1816 1032 1864 Young,
1060 1817 1122 1866 qui
1155 1829 1176 1854 a
1206 1828 1250 1855 eu
1267 1816 1338 1855 lieu
1370 1819 1418 1855 du
1444 1816 1492 1855 26
1524 1817 1614 1855 avril
1646 1829 1690 1855 au

227 1867 246 1905 1
253 1875 281 1891 er
300 1867 386 1911 mai,
403 1879 424 1905 a
442 1867 601 1916 produit,
626 1878 672 1905 en
691 1866 747 1904 six
762 1867 875 1916 jours,
897 1865 1012 1907 2,318
1034 1866 1082 1904 liv
1105 1898 1113 1914 ,
1136 1866 1183 1904 16
1202 1865 1309 1911 shel.,
1329 1869 1351 1904 6
1371 1867 1484 1917 pence(87,970
1666 1867 1688 1905 f.

231 1916 278 1955 60
295 1916 364 1967 c.);
391 1917 424 1955 la
442 1916 612 1965 seconde,
632 1916 724 1955 celle
743 1917 789 1954 de
813 1915 870 1954 feu
892 1916 940 1954 M.
975 1915 1070 1954 John
1109 1916 1242 1959 Villon,
1280 1927 1301 1954 a
1337 1916 1496 1966 produit,
1530 1929 1574 1955 en
1610 1916 1693 1966 cinq

228 1966 344 2016 jours,
359 1966 407 2005 du
427 1966 474 2004 10
494 1978 538 2005 au
560 1966 608 2004 48
621 1966 715 2016 juin,
736 1965 771 2004 la
784 1977 922 2004 somme
935 1965 981 2004 de
995 1965 1110 2014 3,080
1131 1967 1208 2008 liv.,
1223 1965 1246 2003 6
1261 1977 1374 2016 pence
1393 1966 1544 2017 (77,000
1559 1967 1600 2005 fr.
1618 1966 1692 2017 60).

286 2028 335 2065 Ce
356 2033 440 2065 sont
469 2033 615 2066 surtout
640 2027 691 2064 les
719 2025 964 2075 autographes
995 2026 1139 2076 anglais
1159 2027 1221 2077 qui
1246 2032 1310 2065 ont
1343 2027 1477 2066 atteint
1513 2027 1578 2065 des
1614 2027 1693 2077 prix

235 2077 368 2116 élevés.
394 2077 492 2115 Nous
511 2077 638 2115 avions
661 2075 741 2132 déjà
760 2076 906 2122 assisté,
939 2077 960 2114 à
980 2076 1153 2119 Londres,
1179 2079 1199 2114 à
1221 2088 1270 2115 un
1300 2077 1443 2116 certain
1473 2076 1623 2115 nombre
1653 2077 1696 2115 de

237 2132 378 2170 ventes,
400 2126 490 2165 mais
509 2138 602 2165 nous
615 2127 782 2164 n’avions
800 2125 933 2176 jamais
955 2138 1002 2164 vu
1023 2137 1082 2164 ces
1104 2126 1238 2165 mêmes
1260 2126 1506 2176 autographes
1525 2128 1664 2165 arriver
1678 2129 1698 2165 à

238 2176 304 2215 des
323 2176 401 2226 prix
430 2176 527 2214 aussi
556 2176 796 2214 exorbitants.
833 2177 858 2213 A
897 2175 981 2222 quoi
1020 2176 1199 2214 attribuer
1233 2188 1275 2215 ce
1303 2177 1460 2215 résultat
1491 2176 1696 2226 splendide,

239 2227 423 2264 vraiment
441 2225 764 2264 extraordinaire?
787 2225 879 2263 Sans
897 2225 1020 2268 doute,
1047 2237 1093 2263 on
1116 2225 1194 2264 doit
1221 2233 1383 2276 compter
1417 2238 1509 2276 pour
1542 2226 1700 2276 quelque

241 2275 351 2314 chose
372 2276 423 2314 les
444 2287 549 2314 noms
568 2276 633 2314 des
654 2275 750 2314 deux
778 2274 1100 2323 collectionneurs,
1135 2278 1210 2314 très
1232 2287 1369 2314 connus
1392 2287 1437 2314 en
1458 2276 1674 2325 Angleterre
1690 2289 1699 2324 ;

244 2325 337 2363 mais
355 2325 433 2363 cela
452 2337 499 2364 ne
518 2325 618 2364 suffit
634 2326 738 2374 point
758 2336 848 2374 pour
867 2325 1060 2375 expliquer
1079 2336 1149 2363 une
1165 2325 1297 2364 hausse
1316 2326 1401 2365 hors
1419 2325 1463 2364 de
1486 2332 1587 2364 toute
1617 2337 1702 2376 pro¬

243 2375 399 2425 portion.
425 2376 476 2413 La
491 2386 599 2413 cause
617 2386 662 2413 en
682 2380 738 2413 est
753 2377 846 2413 dans
858 2385 900 2412 ce
917 2377 994 2414 seul
1017 2374 1082 2413 fait
1101 2388 1107 2412 :
1141 2374 1234 2413 deux
1269 2381 1453 2414 amateurs
1487 2375 1626 2414 étaient
1657 2387 1701 2414 en

246 2426 351 2468 lutte,
378 2426 529 2463 voulant
562 2427 582 2462 à
608 2430 685 2463 tout
716 2425 797 2475 prix
820 2424 871 2463 les
891 2425 1013 2474 pièces
1033 2425 1094 2474 qui
1119 2425 1196 2463 leur
1222 2425 1479 2471 convenaient,
1500 2437 1586 2464 sans
1608 2426 1704 2464 tenir

245 2481 390 2525 compte
405 2474 470 2513 des
485 2474 652 2522 guinées.
675 2473 725 2512 Ils
742 2480 806 2512 ont
833 2473 947 2521 ainsi,
979 2485 1068 2512 sans
1086 2476 1276 2525 exagérer,
1313 2474 1378 2513 fait
1410 2487 1549 2525 gagner
1588 2481 1706 2515 trente

244 2524 346 2563 mille
368 2524 489 2563 francs
506 2527 528 2563 à
546 2523 711 2562 chacune
725 2523 770 2562 de
788 2535 847 2563 ces
868 2523 963 2562 deux
986 2530 1114 2563 ventes

297 2585 389 2624 L’un
414 2584 460 2624 de
481 2595 540 2623 ces
556 2589 741 2623 amateurs
759 2583 859 2622 avait
877 2583 1000 2623 donné
1019 2587 1041 2623 à
1056 2596 1105 2623 un
1136 2583 1297 2630 libraire,
1331 2584 1381 2623 M.
1415 2584 1617 2636 Halloway,
1648 2596 1705 2624 ses
