1850 2972
870 169 909 206 -
946 168 988 206 16
1018 189 1061 196 -

395 266 415 295 Il
427 265 535 303 justifie
549 273 601 296 son
620 265 793 305 beau-père,
812 266 838 297 le
859 267 913 298 duc
932 266 968 297 de
989 268 1108 299 Nevers,
1129 266 1164 297 de
1183 268 1299 306 paroles
1326 268 1537 299 malveillantes
1555 268 1624 305 qu’il
1652 276 1701 298 au¬

355 305 411 335 rait
424 305 603 343 prononcées
619 306 635 335 h
655 309 767 343 Angers
783 308 882 336 contre
913 307 937 336 le
954 306 1011 337 duc
1038 308 1073 337 de
1089 306 1295 345 Montpcnsier.
1314 308 1334 337 11
1352 307 1398 337 n'a
1418 315 1472 345 pas
1500 307 1626 337 entendu
1652 315 1700 337 ces

357 345 484 381 paroles,
503 345 578 375 mais
592 345 634 374 les
648 347 757 375 termes
773 345 845 375 dans
860 345 984 383 lesquels
1000 346 1026 375 le
1039 346 1094 376 due
1109 346 1144 376 de
1161 346 1272 377 Nevers
1289 345 1360 377 s’est
1370 345 1506 384 expliqué
1519 347 1535 376 k
1550 348 1596 377 cet
1612 347 1701 385 égard

354 383 460 414 devant
480 384 505 414 le
524 383 578 419 roi,
600 384 625 413 la
645 384 723 414 reine
749 384 829 415 mère
848 385 876 415 et
890 392 942 414 son
961 385 1080 422 conseil,
1104 392 1140 415 ne
1170 387 1342 423 permettent
1361 393 1414 424 pas
1430 385 1477 423 d’y
1496 385 1627 416 attacher
1646 393 1702 415 une

355 423 494 454 intention
514 422 679 460 injurieuse.

239 473 320 506 4211
351 471 518 513 Guizot,
544 471 738 507 historien
764 473 805 507 et
831 472 984 507 homme
1013 472 1156 508 d’Etat.
1178 495 1215 501 —
1233 473 1276 508 L.
1307 483 1340 508 a.
1368 484 1421 517 s.;
1442 472 1701 516 Val-Richer,

355 518 449 555 1866,
472 518 493 550 2
512 525 548 561 p.
569 516 683 551 in-12.
1614 521 1635 553 2
1685 530 1700 549 »

397 565 527 597 Relative
544 573 561 596 a
574 566 600 597 la
619 566 718 597 chaire
737 566 836 598 d’hist.
858 567 1018 599 ecclesiast.
1039 567 1074 598 de
1090 566 1275 598 Mautauban.

239 616 327 651 4212
351 616 550 649 Gustave
569 617 641 657 III,
664 615 723 650 roi
744 615 790 650 de
811 615 952 658 Suède,
968 616 1159 652 assassiné
1180 626 1250 661 par
1262 616 1529 654 Ankastrœm.—Billet

351 661 448 701 aut.,
469 670 518 693 en
538 658 724 708 français,
747 662 786 694 18
807 660 884 695 mai
912 662 1007 703 1779,
1031 662 1093 704 1/2
1117 670 1153 706 p.
1175 661 1270 695 in-4.
1617 663 1638 695 2
1661 663 1704 695 50

387 710 406 740 Il
426 717 443 747 y
462 710 544 748 parle
561 711 595 740 de
614 711 640 740 la
658 709 847 741 munificence
877 711 912 741 de
931 711 1087 742 Catherine
1108 711 1129 741 il
1147 719 1251 742 envers
1271 711 1297 741 le
1314 713 1409 742 comte
1421 711 1457 742 de
1471 710 1663 742 Saint-Pricst
1676 714 1705 741 et

359 749 394 779 de
412 750 436 779 la
457 749 610 781 naissance
628 750 665 780 du
681 750 781 788 prince
800 750 982 781 Constantin.

239 799 328 834 4213
352 799 550 833 Gustave
568 801 640 841 IV,
664 799 722 833 roi
744 799 790 833 de
812 800 954 841 Suède,
975 800 1038 835 fils
1069 799 1115 835 de
1137 800 1309 834 Gustave
1329 800 1396 842 III,
1424 798 1634 845 dépossédé
1654 809 1703 833 en

356 844 450 878 1810.
471 866 509 871 —
529 843 571 878 L.
605 854 639 878 a.
672 854 702 878 s.
737 844 773 878 le
812 844 965 879 colonel
1008 845 1244 887 Gustavson,
1274 855 1322 879 au
1356 844 1519 889 journal
1551 844 1564 879 1
1567 844 1576 856 ’
1578 845 1703 882 Etoile;

353 886 525 930 Worms,
546 890 590 923 25
608 889 708 933 sept.
734 891 830 931 1826,
854 891 866 923 1
891 899 926 934 p.
950 889 1041 923 in-4.
1356 881 1362 890 '
1618 890 1640 923 4
1687 900 1703 920 n

400 938 543 969 Curieuse
561 938 644 968 lettre
659 938 777 969 relative
796 946 830 969 au
849 940 1006 969 manuscrit
1024 940 1059 969 de
1078 939 1125 969 ses
1137 938 1313 970 Mémoires.

242 988 329 1022 4214
352 988 525 1031 Harlay
552 987 718 1031 (Achille
740 988 811 1032 de),
833 988 1045 1033 magistrat
1072 988 1230 1023 illustre
1257 998 1328 1033 par
1356 998 1398 1023 sa
1423 987 1588 1022 fermeté
1614 997 1706 1037 pen¬

354 1031 450 1066 dant
471 1032 509 1066 la
527 1031 667 1076 Ligue.
688 1053 724 1057 —
745 1032 854 1067 Belle
875 1032 975 1077 quit.
997 1033 1071 1078 sig.
1094 1032 1208 1067 d’une
1241 1034 1355 1067 rente
1376 1042 1450 1077 que
1477 1031 1535 1066 lui
1572 1031 1648 1066 fait
1667 1031 1703 1066 le

354 1076 430 1110 duc
450 1076 497 1110 de
524 1076 725 1118 Bouillon,
749 1078 845 1119 1615,
869 1079 880 1111 1
891 1080 930 1120 f2
950 1088 985 1122 p.
1006 1076 1095 1112 in-f.
1614 1079 1635 1111 3
1684 1088 1699 1107 »

242 1132 330 1166 4215
353 1131 573 1175 Harri'son
593 1131 761 1176 (W.-H.),
782 1135 802 1166 9
805 1138 817 1153 e
836 1132 1038 1176 président
1062 1131 1129 1166 des
1154 1130 1388 1166 Etats-Unis
1403 1131 1525 1175 (1841).
1543 1149 1577 1154 —
1592 1131 1634 1165 L.
1657 1141 1703 1173 s.,

353 1185 447 1209 avec
466 1175 506 1209 la
529 1175 739 1220 souscript.
769 1178 851 1211 aut.
881 1187 929 1211 au
962 1177 1049 1222 gén.
1077 1176 1181 1219 Cass,
1211 1175 1493 1210 ambassadeur
1518 1175 1540 1209 à
1568 1175 1702 1218 Paris;

354 1218 636 1264 Washington,
657 1222 699 1254 20
718 1230 822 1256 mars
845 1222 939 1263 1841,
965 1224 975 1255 1
1001 1232 1036 1266 p.
1064 1220 1160 1255 in-4.
1620 1222 1641 1254 2
1688 1232 1704 1251 »

243 1275 329 1309 4216
353 1275 574 1318 Hufeland
605 1275 844 1318 (Chr.-Guil.
859 1276 882 1320 ),
912 1275 1066 1310 célèbre
1096 1274 1274 1310 médecin
1306 1273 1520 1316 allemand,
1552 1284 1604 1308 un
1638 1274 1705 1309 des

353 1318 545 1363 premiers
564 1318 793 1354 défenseurs
812 1319 863 1354 du
891 1319 1151 1373 magnétisme
1178 1319 1341 1361 animal,
1375 1321 1520 1353 auteur
1539 1318 1586 1353 de
1606 1318 1700 1353 l’Art

353 1363 393 1397 de
407 1364 584 1407 prolonger
601 1365 634 1397 la
651 1366 703 1398 vie
722 1366 888 1399 humaine.
907 1386 941 1392 —
960 1364 1004 1399 L.
1025 1375 1059 1399 a.
1081 1375 1126 1407 s.,
1150 1366 1246 1407 1775,
1271 1367 1282 1398 1
1307 1374 1344 1409 p.
1366 1363 1463 1398 in-8.
1618 1365 1639 1397 2
1687 1375 1703 1395 »

246 1419 327 1453 1217
352 1418 524 1461 Ingres,
556 1418 592 1453 le
618 1419 743 1464 grand
771 1419 924 1465 peintre
951 1419 1171 1455 d’histoire.
1198 1443 1234 1448 —
1259 1419 1302 1454 L.
1332 1429 1367 1454 a.
1394 1428 1423 1453 s.
1446 1417 1467 1452 à
1494 1417 1702 1453 Ambroise

353 1462 544 1506 Thomas;
564 1466 585 1498 9
597 1462 708 1509 janv.
734 1466 830 1507 1813,
854 1466 865 1498 1
888 1475 922 1509 p.
946 1464 1037 1499 in-4.
1058 1465 1142 1498 Jolie
1162 1465 1263 1508 pièce.
1619 1465 1641 1497 5
1687 1474 1704 1493 »

406 1513 425 1542 11
443 1514 469 1543 le
485 1513 586 1544 félicite
603 1521 654 1544 sur
671 1515 696 1544 le
717 1516 820 1546 succès
840 1516 874 1546 de
891 1523 922 1545 sa
942 1515 1022 1554 pièce
1037 1515 1047 1552 (
1051 1513 1220 1554 Angélique
1236 1518 1263 1543 et
1281 1511 1390 1545 Médor
1392 1513 1412 1551 ),
1431 1513 1622 1543 chaudement
1638 1520 1707 1542 con¬

364 1552 445 1582 firmé
469 1561 521 1590 par
541 1553 646 1583 Caral'a
663 1557 691 1583 et
704 1554 809 1585 Adam.

243 1603 329 1638 4218
354 1602 509 1645 Irving
537 1602 841 1648 (Washington),
872 1614 924 1637 un
962 1602 1028 1637 des
1068 1603 1153 1648 plus
1191 1601 1366 1641 célèbres
1404 1601 1599 1637 écrivains
1638 1600 1705 1635 des

354 1645 596 1689 Etats-Unis,
616 1649 761 1682 auteur
780 1647 847 1682 des
867 1648 1010 1683 Contes
1030 1647 1076 1682 de
1100 1648 1124 1683 l’
1126 1648 1324 1683 Alhamhra.
1345 1668 1373 1673 -
1389 1647 1431 1682 L.
1448 1657 1482 1681 a.
1504 1657 1533 1681 s.
1555 1646 1577 1680 à
1589 1646 1702 1680 Alex.

353 1689 602 1734 Vattemare;
623 1691 790 1734 Albanv,
814 1693 910 1734 1840,
931 1694 952 1726 2
972 1702 1006 1736 p.
1028 1691 1124 1727 in-4.
1149 1694 1380 1728 Intéressante.
1620 1692 1641 1724 6
1689 1702 1705 1721 »

243 1746 331 1781 4219
353 1745 747 1788 Jefferson-Davis,
768 1746 921 1781 célèbre
942 1747 1096 1782 homme
1125 1748 1256 1786 d’Etat
1287 1746 1517 1788 américain,
1546 1746 1705 1790 ex-pré¬

354 1788 487 1823 sident
518 1789 564 1823 de
602 1791 640 1825 la
667 1791 963 1825 confédération
995 1791 1045 1826 du
1084 1792 1178 1828 Sud.
1200 1814 1236 1819 —
1255 1791 1298 1826 L.
1326 1800 1357 1824 s.
1392 1791 1413 1825 à
1451 1791 1702 1833 Vattemare;

354 1832 635 1878 Washington,
661 1837 682 1869 5
702 1835 779 1870 mai
805 1838 901 1878 1855,
926 1838 937 1869 1
963 1846 997 1881 p.
1023 1839 1084 1879 1/2
1103 1836 1194 1872 in-4.
1219 1839 1404 1870 Très-rare.
1619 1836 1640 1869 5
1688 1846 1704 1866 »

402 1878 488 1908 Alors
500 1878 630 1910 ministre
642 1879 677 1910 de
696 1881 720 1910 la
733 1888 837 1918 guerre
850 1881 886 1911 de
899 1881 1023 1916 l’Union,
1043 1882 1060 1911 il
1078 1881 1186 1920 répond
1205 1889 1240 1911 au
1261 1882 1337 1919 sujet
1351 1880 1402 1911 des
1415 1880 1559 1918 échanges
1574 1880 1610 1910 de
1621 1879 1709 1910 livres

359 1919 441 1947 entre
460 1918 502 1947 les
514 1918 727 1955 départements
745 1921 780 1949 de
794 1921 819 1949 la
833 1927 937 1957 guerre
952 1921 988 1950 de
1003 1921 1112 1952 France
1127 1923 1155 1951 et
1169 1922 1220 1951 des
1231 1918 1417 1951 Etats-Unis.
1438 1921 1514 1950 Dans
1534 1920 1560 1949 la
1578 1919 1643 1948 liste
1656 1921 1706 1948 des

361 1963 505 1994 ouvrages
521 1957 606 1993 qu’on
626 1959 663 1988 lui
684 1967 818 1996 propose,
834 1959 850 1988 il
870 1967 903 1989 en
920 1959 1024 1990 choisit
1046 1960 1134 1996 deux,
1148 1961 1217 1990 dont
1242 1959 1283 1989 les
1304 1958 1423 1989 Eludes
1443 1967 1501 1988 sur
1516 1957 1542 1988 le
1558 1957 1654 1997 pu-.sè
1680 1960 1708 1986 et

362 1994 389 2025 le
407 1998 535 2033 présent
551 1995 587 2025 de
603 1995 612 2026 l
624 1996 793 2032 artillerie,
812 2005 874 2035 par
895 1998 921 2027 le
941 1999 1050 2036 prince
1065 1997 1558 2037 Napoléon-Louis-lionapurle.
1579 1997 1619 2027 Ce
1634 1996 1708 2025 livre

362 2042 428 2063 sera
447 2034 528 2072 placé
540 2034 612 2065 dans
631 2036 657 2065 la
678 2035 874 2073 bibliothèque
892 2037 929 2067 du
953 2037 1100 2068 ministère
1117 2038 1152 2068 de
1181 2039 1206 2068 la
1224 2045 1329 2076 guerre
1352 2038 1388 2067 de
1405 2037 1608 2074 Washington,
1634 2036 1670 2065 où
1691 2035 1707 2063 il

361 2073 507 2103 n’existait
526 2081 578 2111 pas
592 2081 708 2106 encore.

246 2123 332 2157 4220
354 2123 574 2167 Jouvenet
592 2123 725 2168 (Jean),
748 2124 872 2169 grand
898 2125 1053 2169 peintre
1074 2124 1277 2160 d’histoire
1299 2127 1340 2161 et
1366 2125 1412 2160 de
1439 2123 1632 2170 portraits
1652 2122 1704 2156 du

356 2165 474 2201 siècle
496 2166 541 2201 de
561 2167 680 2203 Louis
700 2164 807 2210 Xl
824 2170 870 2203 né
891 2169 913 2203 à
932 2169 1082 2204 Rouen.
1104 2172 1140 2204 —
1158 2171 1245 2204 Belle
1273 2172 1364 2213 pièce
1398 2179 1492 2204 avec
1523 2172 1544 2203 9
1573 2167 1704 2212 lignes

358 2211 493 2255 autog.
514 2211 588 2256 sig.
603 2224 612 2255 ;
631 2212 759 2255 Paris,
779 2216 822 2248 20
842 2213 919 2248 mai
943 2215 1040 2256 1689,
1061 2216 1081 2249 3
1100 2224 1136 2258 p.
1158 2213 1252 2248 in-4.
1595 2214 1639 2246 45
1686 2222 1704 2243 »

408 2261 489 2291 Pièce
509 2262 785 2300 très-intéressante,
802 2266 889 2301 ayant
908 2271 982 2302 pour
1000 2265 1065 2294 titre
1077 2271 1083 2292 :
1104 2275 1117 2288 «
1140 2264 1276 2294 Mémoire
1292 2264 1345 2294 des
1356 2271 1502 2301 ouvrages
1516 2263 1551 2293 de
1569 2262 1705 2300 peinture

366 2307 422 2337 que
437 2301 606 2331 .louveneta
620 2302 686 2332 faits
701 2310 775 2339 pour
786 2294 829 2333 S."
840 2303 886 2332 Alt
913 2303 1054 2333 Séréniss.
1072 2303 1099 2333 M
1102 2310 1121 2322 m
1126 2309 1137 2321 *
1154 2303 1179 2332 la
1197 2304 1346 2340 princesse
1360 2304 1398 2333 de
1415 2302 1511 2339 Coati,
1531 2309 1584 2340 par
1598 2300 1707 2330 l'ordre

366 2342 400 2369 de
416 2340 453 2370 M.
473 2340 600 2371 Dodard.
617 2353 629 2367 »
652 2341 716 2371 Suit
741 2342 766 2371 le
784 2341 869 2371 détail
889 2343 939 2372 des
956 2349 1110 2380 ouvrages,
1133 2342 1180 2379 qui
1199 2350 1231 2372 se
1258 2346 1427 2379 composent
1443 2342 1511 2372 d’un
1530 2341 1620 2378 grand
1640 2347 1707 2377 por¬

367 2379 435 2409 trait
450 2379 484 2409 de
503 2379 550 2409 feu
566 2379 593 2409 la
609 2380 757 2417 princesse
780 2381 814 2410 de
831 2380 927 2418 Cmiti,
940 2381 1057 2418 d’après
1075 2381 1220 2419 plusieurs
1245 2382 1343 2418 copies
1371 2384 1399 2412 et
1411 2381 1573 2418 originaux,
1590 2380 1617 2408 et
1636 2378 1705 2408 d’un

366 2417 492 2456 portrait
504 2419 542 2448 du
556 2418 654 2457 prince
669 2420 704 2449 de
720 2419 814 2454 Conti,
834 2419 949 2458 d’après
966 2420 1107 2458 Mignard.
1125 2421 1163 2450 La
1183 2420 1260 2457 pièce
1286 2421 1368 2457 porte
1396 2428 1473 2450 aussi
1505 2420 1532 2449 la
1557 2419 1707 2456 signature

367 2458 404 2486 du
422 2458 520 2494 prince
537 2461 566 2488 et
578 2465 610 2488 se
622 2457 743 2489 termine
760 2467 814 2497 par
833 2467 888 2489 une
904 2459 1101 2497 appréciation
1119 2459 1383 2489 très-intéressante
1402 2460 1453 2489 des
1466 2459 1541 2489 deux
1557 2457 1706 2493 tableaux,

368 2496 435 2526 faite
452 2504 505 2534 par
519 2497 645 2528 Dodard.

251 2547 332 2580 4221
361 2546 478 2589 Karr
497 2545 648 2591 (Alph.),
669 2545 705 2580 le
725 2546 909 2591 spirituel
929 2548 1074 2582 auteur
1092 2546 1159 2583 des
1179 2548 1314 2591 Guêpes.
1332 2566 1368 2571 —
1382 2547 1423 2585 L.
1446 2557 1480 2582 a.
1496 2557 1526 2582 s.
1542 2547 1564 2581 à
1577 2545 1708 2580 Pitre-

363 2589 583 2633 Chevalier,
607 2592 618 2624 1
642 2600 677 2635 p.
699 2589 795 2625 in-8.
1626 2591 1647 2623 2
1670 2589 1713 2622 50

410 2640 431 2669 11
447 2647 572 2677 propose
585 2648 658 2679 pour
676 2640 701 2670 le
718 2640 820 2671 Musée
837 2640 889 2670 des
904 2640 1038 2679 familles
1058 2649 1094 2671 un
1111 2641 1213 2671 travail
1230 2649 1281 2672 sur
1297 2643 1340 2672 les
1360 2650 1452 2673 roses.
