1850 2972
883 187 927 225 -
957 187 1005 225 18
1034 208 1077 216 -

250 282 338 317 3990
360 280 573 334 Esçruiros
604 279 776 324 (Alph.),
804 278 960 313 célèbre
981 278 1158 314 écrivain
1178 278 1418 321 démocrate,
1439 278 1718 324 représentant

361 324 408 359 de
430 324 771 366 Saône-et-Loire,
793 324 939 358 auteur
957 323 1004 359 de
1025 325 1190 359 Charlotte
1207 324 1350 366 Corday.
1371 343 1413 348 —
1432 323 1475 358 L.
1497 333 1531 358 a.
1553 333 1584 358 s.
1605 323 1628 357 à
1645 333 1714 358 son

361 369 544 414 éditeur;
565 372 586 405 3
604 370 703 414 sept.
728 370 826 411 1850,
848 370 861 402 1
884 378 921 413 p.
944 370 1008 411 1/2
1025 368 1123 403 in-8.
1628 369 1649 402 2
1696 380 1713 400 »

408 414 516 452 Malgré
535 414 584 445 sos
601 414 640 444 25
659 414 695 444 fr.
723 420 836 444 comme
854 413 1069 450 représentant,
1087 414 1106 443 il
1133 415 1178 442 est
1196 420 1266 442 sans
1293 412 1319 442 le
1337 420 1391 443 sou
1408 434 1416 450 ,
1449 414 1478 442 et
1509 412 1650 443 demande
1678 420 1715 443 un

367 456 500 492 acompte
515 461 566 484 sur
580 462 596 484 s
608 461 634 484 m
653 450 781 490 ouvrage
802 450 845 481 les
864 454 1009 490 Martyrs
1028 452 1065 482 de
1083 452 1116 482 la
1136 451 1270 481 Liberté.

249 499 331 534 3991
359 498 559 540 Ferrand
579 497 627 540 (le
647 498 774 531 comte
795 496 912 538 Ant.),
934 496 1117 532 ministre
1138 495 1185 530 de
1200 494 1321 530 Lonis
1339 495 1482 537 XVIII,
1504 496 1649 530 auteur
1668 496 1715 530 de

362 542 502 586 l’Esprit
521 543 560 576 de
581 543 752 576 l’Histoire
755 567 764 583 ,
797 540 843 574 de
872 540 1109 575 l’Académie
1130 539 1340 578 française.
1378 560 1416 565 —
1448 542 1480 574 1°
1495 539 1716 585 Appostille

361 588 444 621 aut.
482 586 573 631 sig.,
606 585 653 620 de
688 587 728 621 12
757 584 902 630 petites
923 585 1066 630 lignes.
1098 587 1140 620 —
1168 576 1204 620 2°
1224 576 1268 620 L.
1295 595 1325 619 s.
1359 584 1381 619 à
1409 583 1532 619 Louis
1563 583 1715 628 XVIII;

359 633 402 667 25
421 630 504 665 déc.
528 632 625 673 1816,
645 632 666 664 2
686 639 722 674 p.
744 628 835 664 in-f.
851 629 1020 674 superbe
1041 629 1164 674 pièce.
1188 632 1373 664 Très-rare.
1626 631 1645 663 7
1696 641 1713 660 »

416 686 420 690 •
432 676 530 707 ommô
543 676 750 706 commandeur
763 674 921 705 secrétaire
936 675 972 705 de
990 675 1099 706 l’ordre
1115 676 1152 705 du
1169 674 1378 711 Saint-Esprit,
1402 673 1421 703 il
1449 672 1512 711 prie
1530 673 1557 704 le
1575 673 1617 703 roi
1636 672 1716 703 d’ac¬

367 719 465 755 cepter
483 723 515 745 sa
531 714 702 750 démission,
723 716 752 744 et
764 714 800 744 de
812 721 849 744 ne
862 713 1077 744 lui'conserver
1093 722 1149 751 que
1168 714 1210 744 les
1237 715 1388 744 honneurs
1404 712 1491 743 d’une
1518 712 1643 743 fonction
1661 720 1718 750 que

366 763 399 785 sa
415 754 504 786 cécité
519 754 638 784 absolue
654 761 690 783 ne
707 753 746 783 lui
765 756 875 791 permet
894 760 947 791 pas
962 753 998 783 de
1011 753 1143 792 remplir.

249 800 335 834 3992
358 798 573 842 Flandrin
591 797 721 842 (Hip.),
742 796 898 832 célèbre
918 796 1074 841 peintre
1094 797 1316 840 d’histoire,
1344 795 1457 831 élève
1483 795 1530 830 de
1560 795 1714 841 Ingres.

359 863 402 869 —
431 843 475 878 L.
503 853 537 878 a.
570 852 616 884 s.,
644 842 768 886 (1853),
803 843 814 876 1
849 851 886 886 p.
910 842 990 886 pet.
1023 841 1119 877 in-4.
1152 843 1205 877 Le
1238 852 1329 877 nom
1367 840 1419 875 du
1453 840 1716 876 destinataire

361 887 506 932 gratté.
1628 887 1650 920 3
1696 898 1713 918 »

248 934 335 968 3993
358 931 573 975 Fournier
592 929 815 975 (Edouard),
836 931 983 966 auteur
1010 929 1180 967 dramat.
1201 932 1243 967 et
1262 930 1449 975 critique.
1486 949 1529 954 —
1565 929 1608 964 L.
1629 940 1664 964 a.
1685 940 1715 964 s.

359 988 408 1011 au
428 976 633 1011 directeur
652 975 698 1009 de
720 973 889 1019 l’Opéra,
913 977 1010 1017 1860,
1034 977 1046 1008 1
1068 985 1104 1020 p.
1126 975 1225 1011 in-8.
1633 976 1645 1007 1
1674 976 1717 1009 25

248 1028 336 1062 3991
360 1025 592 1071 Garibaldi
624 1024 708 1071 (G.),
737 1023 923 1059 l’illustre
960 1024 1133 1069 patriote
1174 1025 1332 1061 italien.
1364 1045 1406 1050 —
1445 1024 1487 1059 L.
1519 1034 1553 1058 a.
1582 1034 1612 1058 s.
1636 1023 1658 1057 à
1677 1023 1716 1058 la

361 1070 516 1106 Société
537 1069 589 1104 du
610 1068 784 1114 Progrès
804 1068 826 1103 à
843 1068 1052 1113 Mantoue;
1077 1072 1120 1105 20
1140 1080 1244 1105 mars
1267 1072 1364 1112 1867,
1397 1071 1408 1103 1
1434 1079 1469 1113 p.
1504 1068 1600 1103 in-8.
1626 1069 1717 1102 Belle

354 1117 458 1160 pièce.
1608 1114 1647 1148 10
1695 1125 1712 1145 »

249 1161 336 1195 3995
362 1159 461 1204 Gay
480 1158 714 1203 (Delphine),
736 1157 774 1191 M
779 1163 816 1178 mc
828 1156 875 1191 de
896 1157 1099 1201 Girardin,
1124 1158 1281 1193 célèbre
1301 1156 1550 1193 romancière
1570 1158 1611 1191 et
1631 1158 1714 1192 aut.

361 1204 530 1238 dramat.
549 1223 591 1228 —
611 1203 653 1237 L.
675 1212 709 1236 a.
726 1212 757 1236 s.
772 1201 794 1235 à
812 1201 988 1245 Théoph.
1010 1202 1190 1246 Gautier,
1216 1206 1227 1238 1
1240 1206 1278 1246 /2
1296 1213 1331 1247 p.
1355 1202 1452 1236 in-8.
1630 1204 1651 1236 3
1698 1214 1714 1233 »

249 1250 336 1283 3996
361 1248 460 1294 Gay
492 1247 675 1294 (Sophie),
704 1245 847 1281 femme
877 1245 1032 1281 célèbre
1059 1257 1130 1293 par
1161 1258 1204 1283 sa
1232 1246 1376 1282 beauté
1408 1247 1449 1281 et
1476 1255 1546 1280 son
1576 1245 1715 1290 esprit,

360 1292 469 1328 mère
489 1291 536 1327 de
556 1295 596 1327 M
599 1298 638 1313 mo
658 1290 705 1326 de
726 1290 928 1326 Girardin.
958 1311 1000 1316 —
1027 1291 1070 1327 L.
1104 1302 1134 1328 s.
1161 1292 1184 1327 à
1203 1292 1243 1334 la
1262 1292 1483 1334 Quotidienne
1487 1317 1496 1333 ,
1520 1292 1617 1333 1820,
1641 1293 1654 1324 1
1678 1300 1715 1335 p.

360 1337 458 1372 in-8.
1628 1337 1649 1370 2
1673 1337 1717 1370 50

406 1383 468 1412 Elle
484 1381 598 1412 déclare
618 1381 711 1411 n’être
731 1388 806 1418 pour
831 1379 892 1411 lien
914 1381 988 1411 dans
1006 1381 1034 1411 la
1050 1381 1245 1421 Biographie
1263 1382 1376 1421 pillor.
1394 1378 1448 1410 des
1467 1378 1609 1418 députés,
1630 1380 1716 1418 qu’on

367 1421 405 1451 lui
422 1421 559 1452 attribue.

250 1462 336 1495 3997
363 1458 520 1503 Genlis(M
582 1466 620 1481 rao
640 1459 712 1503 de),
734 1457 888 1493 célèbre
909 1459 1053 1493 femme
1069 1461 1227 1495 auteur.
1249 1460 1290 1495 —
1308 1460 1352 1495 L.
1374 1462 1456 1497 aut.
1473 1460 1496 1496 à
1506 1470 1573 1496 son
1596 1458 1716 1501 frère;

362 1504 589 1549 Carlepont,
609 1507 630 1539 8
649 1503 745 1538 août
766 1505 863 1546 1819,
887 1505 898 1538 1
924 1513 959 1548 p.
981 1503 1073 1538 in-8.
1630 1505 1652 1538 4
1699 1516 1716 1534 »

406 1550 546 1580 Curieuse
564 1548 657 1588 épître
677 1548 795 1579 relative
813 1548 830 1578 à
851 1557 904 1579 son
925 1556 1026 1579 roman
1046 1549 1082 1579 de
1101 1548 1283 1588 Pétrarque
1296 1552 1325 1580 et
1344 1550 1459 1581 Laure.

252 1595 339 1630 3998
364 1594 587 1637 Godefroy
607 1592 763 1637 (Denis),
786 1592 911 1637 grand
927 1592 1217 1636 jurisconsulte
1248 1593 1300 1628 du
1332 1601 1415 1629 xvi°
1434 1594 1569 1636 siècle,
1597 1593 1619 1628 à
1647 1594 1715 1638 qui

361 1638 440 1673 l’on
461 1637 546 1672 doit
566 1639 602 1673 le
623 1639 746 1678 Corpus
757 1638 848 1681 juris
866 1639 989 1672 civilis.
1010 1657 1051 1663 —
1071 1637 1228 1673 Feuille
1249 1637 1432 1674 d’Album
1454 1640 1536 1674 aut.
1557 1638 1647 1684 sig.,
1670 1648 1718 1673 en

360 1682 481 1726 latin;
503 1682 766 1727 Strasbourg,
791 1684 829 1716 16
848 1682 928 1717 mai
952 1684 1048 1725 1597,
1069 1682 1189 1718 in-32.
1215 1685 1314 1718 Rare.
1632 1685 1654 1717 8
1700 1695 1717 1714 »

251 1734 338 1770 3999
363 1732 501 1776 Godoï
540 1732 739 1776 (Manuel),
771 1731 908 1776 prince
940 1732 987 1766 de
1034 1732 1072 1767 la
1112 1731 1225 1775 Paix,
1255 1732 1416 1768 fameux
1449 1732 1624 1778 premier
1645 1732 1718 1767 mi¬

362 1777 488 1811 nistre
509 1777 555 1811 de
576 1776 739 1811 Charles
759 1775 823 1811 IV.—L.
931 1787 965 1812 a.
984 1786 1033 1820 s.,en
1106 1776 1261 1821 italien,
1272 1777 1294 1812 à
1312 1777 1365 1813 M.
1386 1777 1572 1823 Maruzzi;(Paris,

364 1822 471 1865 1841),
496 1824 508 1856 1
531 1831 568 1867 p.
589 1820 680 1864 in-8,
702 1820 878 1856 écriture
898 1821 989 1856 fine.
1633 1824 1655 1857 4
1701 1835 1718 1855 »

410 1866 551 1897 Cuiieuse
563 1866 647 1896 lettre
665 1866 753 1897 écrite
766 1866 782 1896 à
802 1866 877 1903 l’âge
892 1866 927 1897 de
943 1866 983 1896 75
999 1873 1062 1903 ans,
1083 1873 1119 1896 au
1142 1867 1217 1904 sujet
1231 1866 1266 1897 de
1284 1875 1337 1897 son
1356 1867 1499 1905 logement
1520 1868 1535 1897 h
1554 1866 1647 1899 Paris.

262 1913 340 1947 1000
366 1910 602 1954 Gonzague
622 1910 816 1954 (Fernand
838 1909 911 1955 de),
939 1920 991 1944 un
1024 1909 1091 1944 des
1121 1909 1211 1956 plus
1243 1911 1391 1957 grands
1422 1911 1642 1955 capitaines
1674 1911 1720 1946 de

364 1954 688 1997 Charles-Quint,
710 1964 964 1999 gouverneur
983 1954 1030 1989 de
1054 1954 1194 1997 Milan,
1215 1955 1443 2003 soupçonné
1469 1956 1620 1991 d’avoir
1639 1966 1704 1990 em

361 1998 552 2045 poisonné
573 1999 609 2033 le
630 1998 806 2043 dauphin
827 1999 891 2034 fils
911 1999 957 2034 de
978 1999 1168 2048 François
1188 2000 1203 2035 I
1207 2006 1235 2022 er
1240 2026 1248 2036 .
1285 2020 1328 2025 —
1364 2000 1406 2034 L.
1429 2010 1459 2035 s.
1480 2000 1707 2045 auxmagis

362 2045 464 2080 trats
485 2044 532 2078 de
552 2043 697 2087 Milan;
717 2046 761 2079 23
779 2054 839 2078 av.
864 2045 960 2086 1550,
985 2044 1047 2087 1/2
1059 2052 1102 2089 p."
1119 2044 1221 2087 in-f.,
1236 2044 1395 2083 .cachet.
1410 2046 1499 2080 Belle
1505 2048 1610 2090 pièce.
1635 2048 1656 2081 5
1702 2058 1720 2078 »

252 2096 336 2131 4001
366 2094 561 2135 Gounod,
583 2093 738 2128 célèbre
759 2093 1028 2144 compositeur
1052 2094 1099 2128 de
1120 2095 1318 2140 musique,
1349 2096 1495 2130 auteur
1527 2096 1574 2130 de
1605 2097 1720 2131 Faust.

364 2159 406 2164 —
425 2139 517 2173 L.a.
540 2148 570 2173 s.
597 2138 620 2172 à
637 2138 690 2173 M.
711 2137 924 2182 Escudier;
946 2138 1125 2182 Auteuil,
1139 2141 1161 2174 5
1181 2141 1257 2175 oct.
1280 2141 1378 2182 1854,
1401 2142 1414 2173 1
1437 2150 1473 2185 p.
1490 2139 1587 2176 in-8.
1635 2143 1656 2176 3
1704 2153 1720 2172 »

391 2184 521 2215 Relative
539 2191 597 2213 aux
616 2183 785 2221 répétitions
802 2183 838 2214 de
857 2191 909 2214 sou
923 2184 1012 2221 opéra
1028 2184 1054 2214 la
1070 2184 1181 2214 Nonne
1199 2183 1380 2224 sanglante.

263 2230 343 2263 L02
367 2227 582 2271 Grégoire
602 2227 694 2271 (IL),
717 2226 866 2272 évêque
892 2227 938 2261 de
958 2227 1067 2262 Blois
1087 2228 1127 2262 et
1153 2228 1309 2263 célèbre
1339 2229 1720 2266 conventionnel.—

365 2272 409 2307 L.
432 2283 465 2307 a.
482 2282 512 2307 s.
534 2281 583 2305 au
604 2268 770 2306 libraire
789 2271 993 2314 Maradan,
1019 2274 1030 2306 1
1054 2282 1090 2317 p.
1116 2271 1208 2308 in-8.
1629 2279 1651 2311 2
1675 2278 1718 2311 50

413 2318 433 2348 Il
447 2318 474 2347 le
491 2317 599 2354 charge
617 2316 653 2346 de
668 2316 706 2346 lui
729 2316 800 2347 faire
819 2317 945 2347 brocher
963 2319 992 2347 et
1021 2317 1183 2348 interfolicr
1201 2326 1238 2348 un
1270 2318 1450 2356 exemplaire
1475 2318 1510 2348 de
1527 2327 1580 2350 son
1596 2328 1726 2359 ouvrage

375 2356 407 2386 la
428 2356 626 2386 Littérature
644 2354 697 2385 des
716 2354 843 2392 Nègres.

255 2397 342 2432 4003
366 2388 803 2438 Guernon-Ranvilie
822 2394 871 2438 (le
892 2394 1019 2428 comte
1047 2394 1121 2438 de),
1143 2395 1327 2430 ministre
1349 2396 1396 2431 de
1417 2394 1580 2432 Charles
1600 2398 1650 2441 X,
1672 2399 1725 2434 si¬

368 2438 552 2490 gnataire
586 2437 653 2473 des
684 2438 956 2474 ordonnances
982 2438 1029 2473 de
1057 2441 1154 2474 1830.
1192 2459 1234 2465 —
1259 2440 1462 2482 Banville,
1502 2442 1603 2486 1841,
1639 2445 1660 2478 3
1686 2453 1723 2488 p.

366 2485 459 2518 in-4.
1638 2489 1661 2522 2
1706 2499 1724 2520 »

256 2536 345 2575 4004
370 2541 571 2574 Gustave
589 2538 663 2580 III,
685 2537 744 2572 roi
759 2538 806 2572 de
822 2537 964 2579 Suède,
986 2537 1180 2573 assassiné
1201 2549 1273 2584 par
1291 2540 1548 2577 Ankastrom.
1561 2560 1604 2568 —
1617 2542 1660 2577 L.
1677 2552 1723 2585 s.,

370 2593 464 2617 avec
483 2582 522 2617 la
541 2582 735 2627 souscrip.
756 2584 853 2625 aut.,
875 2593 923 2617 en
944 2581 1130 2629 français,
1147 2593 1196 2617 au
1216 2584 1336 2619 baron
1356 2585 1530 2629 Nolken,
1550 2596 1620 2621 son
1642 2597 1724 2620 am¬

370 2626 588 2662 bassadeur
615 2626 637 2660 à
672 2626 848 2662 Londres
861 2639 870 2670 ;
891 2625 1137 2670 Stockholm,
1178 2629 1218 2664 12
1248 2628 1342 2674 juin
1382 2632 1478 2674 1772,
1518 2633 1530 2665 1
1555 2640 1591 2676 p.
1630 2630 1723 2666 in-4.

372 2673 459 2706 Belle
475 2664 575 2715 pièce.
1248 2664 1254 2674 '
1636 2677 1676 2710 10
