1841 2972
852 121 1061 164 - 22 -
240 222 327 258 4046
351 222 516 265 Nisard
541 220 715 265 (Désiré),
738 220 894 255 célèbre
925 220 1113 266 critique,
1141 219 1189 254 de
1218 218 1363 254 l’Acad.
1387 218 1438 254 t'r.
1464 238 1506 244 —
1529 218 1574 254 L.
1595 229 1629 253 a.
1650 228 1696 260 s.,

354 268 452 308 1840,
472 268 493 301 2
512 275 548 310 p.
571 265 664 301 in-8.
686 267 851 301 Curieuse.
1611 265 1632 298 2
1680 275 1696 294 »

240 316 325 351 4047
352 316 503 359 Orsini
522 314 691 359 (Felice),
717 314 897 359 décapité
929 325 978 349 en
1008 316 1093 349 1858
1118 323 1219 359 pour
1249 313 1424 348 attentat
1448 322 1517 348 sur
1542 312 1581 347 la
1608 321 1698 354 per¬

346 369 469 395 sonne
490 359 537 394 de
558 359 797 404 l’empereur
816 358 1021 404 Napoléon
1037 359 1104 393 III.
1120 378 1163 383 —
1183 358 1225 393 L.
1242 368 1275 392 a.
1297 367 1327 392 s.
1349 367 1398 392 au
1420 358 1700 392 commandant

350 403 418 439 des
450 404 659 439 chasseurs
688 403 740 438 du
771 403 1036 448 Haut-Reno;
1062 403 1253 448 Bologne,
1290 404 1329 436 16
1360 400 1457 447 juil.
1496 403 1593 444 1848,
1625 403 1638 435 1
1661 410 1698 445 p.

351 448 448 484 in-4.
1612 449 1633 481 8
1681 457 1697 477 »

403 494 490 524 Alors
511 492 654 532 capitaine
678 493 883 523 commandant
904 492 976 523 dans
994 501 1026 523 ce
1047 499 1147 531 corps,
1169 493 1198 522 et
1219 490 1338 529 n’ayant
1359 498 1413 530 pas
1439 491 1473 521 de
1491 491 1659 530 lieutenant,

358 541 485 571 propose
501 541 538 563 un
557 532 699 563 candidat.

239 579 326 615 4048
349 576 599 620 Paramelle
616 576 779 621 (l’abbé),
794 576 831 610 le
852 575 1007 611 célèbre
1023 575 1251 610 indicateur
1265 574 1311 609 de
1332 584 1505 610 sources.
1520 573 1563 613 —
1587 573 1696 613 Qnit.

351 623 433 657 aut.
453 621 544 667 sig.,
568 622 663 664 1835,
687 623 699 655 1
722 631 760 666 p.
781 620 878 655 in-8.
1610 622 1632 655 2
1654 621 1698 653 50

398 668 475 704 Reçu
494 665 600 696 motivé
617 665 652 696 de
669 666 708 696 30
724 667 764 696 t'r.
788 672 863 703 pour
882 664 1034 696 indication
1056 665 1092 695 de
1110 665 1183 695 deux
1203 672 1325 695 sources
1347 664 1420 695 dans
1440 664 1469 694 la
1491 664 1639 703 propriété
1660 663 1698 695 du

357 706 487 743 marquis
505 706 541 736 de
558 705 723 740 Scorailles,
738 705 756 735 à
774 704 1075 742 Villeneuve-d’Agen.
1093 704 1246 734 Curieuse
1259 703 1355 743 pièce.

239 752 326 787 4049
349 750 491 785 Pedro
509 750 528 783 I
531 756 568 775 er
588 749 701 794 (don),
722 758 934 793 empereur
953 748 1005 783 du
1031 748 1174 791 Brésil,
1198 748 1290 792 père
1315 748 1362 783 de
1388 749 1427 784 la
1453 748 1564 783 reine
1596 746 1699 781 dona

351 794 491 829 Maria.
512 813 555 819 —
574 795 617 828 L.
638 803 668 828 s.
689 804 738 828 au
759 793 865 828 card.
887 793 1042 827 Morazo
1056 805 1064 837 ;
1085 792 1161 827 Rio
1181 792 1228 826 de
1247 792 1424 837 Janeiro,
1445 796 1465 828 2
1483 792 1579 827 août
1602 794 1698 833 1828,

354 841 366 873 1
391 849 427 884 p.
450 838 557 880 in-f.,
578 848 671 872 avec
690 840 820 873 sceau.
842 839 929 872 Belle
945 839 1045 881 pièce.
1613 839 1634 870 7
1682 848 1699 867 »

240 890 328 926 4050
350 888 642 931 Petit-Didier
666 887 839 932 (J.-Jos.),
862 886 1027 932 jésuite,
1061 888 1207 921 auteur
1242 886 1289 921 de
1315 886 1594 922 dissertations
1631 896 1699 919 cu¬

352 933 518 975 rieuses,
539 933 652 967 entre
672 933 807 967 autres
827 931 895 967 des
914 933 1028 967 Saints
1046 932 1171 966 enlevés
1189 934 1219 965 et
1237 934 1386 966 restitués
1404 942 1472 966 aux
1484 933 1621 966 Jésuites
1626 957 1635 973 ,
1650 929 1699 964 né

352 977 441 1028 près
461 976 611 1021 Nancy.
632 996 674 1001 —
693 976 735 1011 L.
757 987 792 1011 a.
813 986 843 1012 s.
865 977 888 1011 à
907 987 960 1011 un
981 975 1159 1021 évêque.;
1180 975 1332 1021 Nancy,
1353 978 1396 1011 28
1415 975 1493 1011 fév.
1517 978 1613 1018 1719,
1628 977 1649 1010 2
1662 984 1699 1018 p.

354 1023 450 1056 m-4.
471 1022 555 1055 Jolie
568 1023 671 1065 pièce.
1611 1021 1633 1054 4
1656 1021 1699 1053 50

399 1067 476 1097 Belle
497 1067 580 1096 lettre
600 1066 718 1096 relative
739 1066 756 1096 à
778 1066 972 1104 l'impression
995 1066 1021 1096 cl.
1032 1073 1046 1095 s
1073 1072 1216 1102 ouvrages
1237 1064 1275 1095 du
1296 1064 1389 1103 prélat
1410 1067 1510 1096 contre
1531 1065 1573 1096 les
1594 1063 1696 1095 Jansé¬

359 1105 459 1136 nistes.

242 1151 324 1185 4051
351 1149 645 1194 Philippeaux
672 1149 849 1194 (Pierre),
877 1147 1197 1190 conventionnel,
1225 1146 1370 1193 député
1402 1148 1449 1183 de
1476 1148 1515 1183 la
1543 1147 1699 1190 Sarthe,

353 1190 510 1229 célèbre
530 1204 601 1237 par
619 1203 680 1228 ses
700 1195 883 1238 rapports
902 1203 971 1228 sur
984 1193 1024 1228 la
1034 1191 1208 1234 Vendée,
1225 1192 1405 1238 décapité
1425 1202 1519 1227 avec
1535 1192 1700 1227 Camille

352 1237 619 1273 Desmoulins.
640 1257 682 1263 —
701 1237 744 1272 L.
766 1248 799 1272 a.
821 1248 867 1282 s.;
888 1237 1015 1280 Paris,
1032 1236 1215 1272 lôbrum.
1237 1239 1285 1273 an
1304 1239 1444 1281 2,1/2
1463 1247 1499 1282 p.
1521 1237 1618 1280 in-4,
1639 1247 1701 1271 ca¬

355 1282 460 1317 chet.
1615 1284 1636 1316 5
1683 1293 1699 1313 »

401 1339 414 1353 «
433 1328 492 1357 Vos
505 1326 687 1364 inquiétudes
701 1326 860 1358 diminuent
875 1334 927 1358 sur
941 1327 967 1357 le
985 1327 1133 1365 voisinage
1147 1326 1198 1357 des
1212 1326 1351 1365 brigands
1366 1326 1411 1366 (de
1424 1327 1451 1357 la
1464 1325 1591 1365 Vendée)
1606 1340 1612 1356 :
1632 1325 1701 1356 Dieu

360 1367 417 1396 soit
435 1366 536 1398 loué...
560 1378 573 1392 »

243 1411 330 1447 4052
353 1411 428 1445 Pie
447 1412 516 1452 IX,
537 1410 749 1445 souverain
770 1409 923 1455 pontife
943 1410 1088 1445 actuel.
1103 1429 1146 1435 —
1159 1410 1202 1445 L.
1217 1410 1308 1455 sig.,
1324 1420 1417 1445 avec
1431 1410 1471 1445 la
1489 1408 1701 1453 souscript.

354 1456 452 1497 aut.,
474 1464 624 1489 comme
645 1454 751 1490 card.
773 1454 819 1489 de
840 1454 880 1489 la
899 1454 1056 1499 Genga;
1078 1454 1215 1497 Imola,
1235 1457 1278 1490 25
1298 1465 1388 1489 nov.
1407 1456 1504 1497 1841,
1528 1457 1541 1488 1
1560 1464 1596 1499 p.
1613 1452 1701 1488 in-f.

357 1500 535 1534 Très-belle
555 1501 657 1543 pièce.
1598 1500 1639 1532 12
1685 1509 1702 1529 »

243 1550 330 1585 4053
353 1550 483 1584 Pinet
510 1549 623 1591 aîné,
653 1548 962 1583 conventionnel
990 1547 1254 1593 montagnard
1288 1548 1537 1593 (Dordogne),
1571 1557 1702 1582 connu

355 1603 426 1638 par
445 1603 505 1628 ses
526 1592 710 1627 missions
730 1593 826 1627 dans
846 1592 903 1627 les
932 1592 1085 1628 Landes
1111 1595 1151 1628 et
1170 1592 1390 1628 l’Ardèche.
1411 1613 1453 1618 —
1478 1592 1520 1627 L.
1544 1602 1578 1627 a.
1600 1602 1630 1626 s.
1653 1601 1703 1626 au

357 1637 521 1682 général
540 1637 736 1681 Laroche;
759 1637 959 1682 Bayonne,
980 1640 1023 1672 26
1040 1638 1149 1672 vent,
1182 1647 1231 1672 an
1250 1640 1292 1680 2,
1316 1640 1377 1681 1/2
1397 1648 1433 1682 p.
1456 1637 1552 1672 in-4.
1617 1639 1639 1672 2
1663 1637 1706 1671 50

244 1689 330 1722 4054
353 1688 755 1731 Puckler-Muskau
773 1686 821 1731 (le
842 1686 1004 1731 prince),
1024 1697 1230 1732 voyageur
1249 1688 1290 1722 et
1314 1687 1493 1722 écrivain
1513 1685 1704 1731 original.

354 1751 397 1756 —
416 1731 459 1766 L.
481 1742 514 1765 a.
536 1741 581 1774 s.,
603 1741 652 1765 en
672 1730 858 1779 français,
883 1733 980 1774 1835,
1004 1733 1016 1765 1
1040 1741 1076 1776 p.
1099 1731 1192 1767 in-8.
1619 1733 1640 1765 2
1663 1731 1707 1764 60

243 1781 330 1816 4055
354 1781 567 1824 Quinault
585 1780 695 1825 (Ph.),
712 1781 825 1825 poète
846 1780 1110 1825 dramatique,
1132 1781 1179 1815 de
1199 1780 1344 1816 l’Acad.
1367 1781 1416 1815 fr.
1435 1783 1477 1816 —
1496 1781 1635 1816 Exdono
1656 1779 1704 1814 do

356 1826 496 1869 quatre
526 1825 656 1868 lignes
688 1826 770 1860 aut.
799 1824 889 1869 sig.,
918 1825 940 1859 à
963 1825 1015 1860 M.
1041 1825 1185 1870 Dupin,
1212 1836 1318 1861 cons.
1346 1825 1398 1860 du
1425 1825 1500 1868 roi,
1524 1834 1594 1860 sur
1626 1834 1704 1858 une

358 1869 480 1914 garde
500 1869 546 1903 de
568 1869 684 1904 livre.
714 1872 898 1904 Très-rare.
1599 1871 1640 1903 12
1686 1880 1703 1899 »

246 1920 333 1955 4056
356 1919 532 1959 Raillon
551 1918 697 1964 (Jacq.),
719 1918 868 1963 évêque
888 1918 1105 1960 d’Orléans,
1126 1918 1172 1953 de
1192 1918 1323 1964 Dijon,
1344 1919 1433 1964 puis
1454 1919 1561 1954 arch.
1578 1917 1705 1956 d’Aix,

357 1963 454 1998 dont
483 1963 574 2008 Mgr
597 1963 833 2016 Dupanloup
862 1973 885 1997 a
913 1963 1073 2008 rappelé
1099 1962 1135 1997 le
1162 1964 1351 1998 souvenir
1376 1974 1469 1998 avec
1501 1963 1706 2006 beaucoup

357 2006 572 2051 d’aigreur,
593 2007 641 2042 né
661 2018 683 2041 a
700 2007 904 2052 Bourgoin
925 2007 1066 2052 (Isère).
1082 2028 1124 2033 —
1143 2008 1185 2042 L.
1213 2018 1247 2043 a.
1273 2018 1303 2043 s.
1331 2018 1380 2042 au
1409 2008 1493 2043 bar.
1521 2007 1632 2043 Petit
1658 2006 1705 2040 de

356 2052 413 2087 La
431 2053 548 2087 Fosse
562 2064 571 2096 ;
592 2052 718 2095 Paris,
742 2054 839 2095 1829,
862 2054 876 2086 1
898 2061 935 2096 p.
957 2052 1053 2087 in-4.
1069 2052 1147 2088 Sur
1161 2063 1203 2088 sa
1221 2052 1472 2087 nomination
1493 2052 1515 2087 à
1533 2050 1706 2087 l’évêché

358 2096 405 2130 de
426 2095 559 2141 Dijon.
1620 2098 1642 2131 2
1664 2097 1708 2130 50

247 2147 332 2181 4057
357 2147 513 2189 Renan
533 2146 712 2189 (Ernest),
734 2145 908 2181 l’auteur
927 2145 973 2180 de
993 2146 1032 2181 la
1055 2147 1116 2181 Vie
1133 2147 1173 2181 de
1189 2149 1294 2182 Jésus.
1311 2167 1351 2171 —
1371 2147 1481 2182 Belle
1497 2145 1607 2191 pièce
1622 2147 1704 2180 aut.

359 2190 448 2235 sig.,
472 2193 510 2225 17
532 2190 614 2225 déc.
639 2192 734 2233 1856,
756 2193 767 2224 1
791 2200 828 2235 p.
850 2190 941 2225 in-4.
1620 2193 1640 2224 8
1688 2203 1705 2222 »

407 2241 494 2278 Kloge
513 2241 547 2271 de
569 2241 744 2278 l'érudition,
766 2249 803 2270 ou
828 2241 942 2271 science
965 2241 1016 2271 des
1038 2241 1152 2280 détails,
1172 2241 1241 2271 base
1266 2241 1300 2272 de
1322 2242 1348 2271 la
1368 2240 1552 2280 philosophie
1569 2241 1605 2271 de
1627 2240 1707 2271 l'his¬

367 2281 448 2310 toire.
474 2292 486 2305 «
507 2281 562 2310 Les
579 2280 716 2311 résultats
733 2280 892 2317 généraux,
911 2279 998 2315 dit-il,
1015 2281 1062 2317 qui
1080 2288 1116 2311 ne
1134 2282 1298 2319 s'appuient
1315 2289 1366 2319 pas
1385 2288 1436 2311 sur
1454 2281 1482 2311 la
1499 2280 1708 2312 connaissance

363 2320 415 2349 des
432 2319 533 2350 détails
550 2322 614 2349 sont
635 2320 878 2349 nécessairement
899 2326 988 2349 creux
1008 2322 1036 2349 et
1054 2320 1183 2354 factices,
1202 2328 1238 2351 au
1256 2320 1312 2350 lieu
1326 2327 1381 2357 que
1396 2320 1440 2350 les
1453 2320 1626 2350 recherches
1641 2326 1709 2358 par¬

365 2358 522 2393 ticulières,
538 2359 630 2388 même
653 2358 779 2389 dénuées
797 2358 832 2389 de
854 2358 966 2396 l'esprit
985 2358 1216 2396 philosophique,
1233 2362 1360 2398 peuvent
1383 2360 1444 2389 être
1470 2359 1506 2388 du
1529 2358 1594 2397 plus
1616 2360 1706 2396 grand

368 2398 472 2435 prix...
499 2410 511 2424 »

248 2443 337 2476 405
359 2441 541 2485 Richter
560 2440 757 2486 (J.-Paul),
772 2441 808 2475 le
830 2440 918 2485 plus
938 2441 1112 2485 original
1127 2440 1194 2476 des
1208 2441 1450 2476 humoristes
1471 2440 1704 2476 allemands.

361 2505 403 2511 —
420 2485 464 2520 L.
486 2496 520 2520 a.
541 2495 587 2528 s.,
602 2495 650 2520 en
671 2485 789 2520 allem
792 2486 807 2507 d
818 2498 827 2529 ;
848 2484 1056 2528 Baireuth,
1077 2487 1114 2520 15
1133 2487 1232 2530 sept.
1256 2487 1352 2528 1817,
1371 2488 1392 2521 2
1406 2496 1442 2530 p.
1459 2485 1550 2521 in-8.
1603 2488 1642 2520 10
1688 2498 1705 2518 »

409 2536 481 2567 Jolie
499 2535 601 2574 épitre,
617 2536 633 2565 k
648 2534 771 2573 laquelle
786 2543 822 2566 on
839 2544 855 2566 a
871 2535 966 2574 ajouté
982 2544 1037 2567 une
1053 2536 1135 2566 lettre
1150 2536 1185 2567 de
1203 2535 1353 2567 Caroline
1368 2536 1492 2567 Hichter
1494 2558 1503 2574 ,
1517 2537 1570 2567 née
1582 2537 1695 2574 Mayer
1699 2560 1706 2572 ,

368 2582 400 2605 sa
418 2583 521 2612 veuve,
540 2574 659 2605 relative
682 2576 697 2604 k
721 2575 748 2604 la
772 2575 933 2605 traduction
950 2583 986 2605 en
1010 2575 1136 2613 français
1159 2575 1209 2606 des
1229 2582 1344 2606 œuvres
1364 2575 1399 2605 de
1418 2583 1471 2606 son
1493 2576 1580 2612 mari,
1605 2576 1708 2613 qu’elle

369 2614 482 2652 appelle
494 2613 520 2644 le
535 2613 628 2652 Swift
644 2613 680 2643 de
699 2612 912 2653 l'Allemagne.
