1802 3007
761 160 929 210 - 7 -
271 264 346 295 Belle
368 266 396 295 et
415 272 481 295 rare
505 266 594 303 pièce,
620 275 671 297 sur
693 267 815 304 laquelle
840 275 872 297 se
901 267 1039 298 trouvent
1067 266 1230 302 également
1258 265 1301 295 les
1326 265 1489 303 signatures
1522 265 1573 295 des

228 302 358 334 célèbres
379 304 511 334 hommes
529 305 616 335 d’état
631 306 775 343 suivants,
795 306 838 336 les
853 305 997 343 collègues
1016 306 1051 335 de
1075 306 1124 336 Fr.
1145 304 1240 335 Bacon
1258 304 1331 334 dans
1352 305 1378 334 le
1401 303 1517 334 Conseil
1538 304 1574 334 de

230 341 353 379 Jacques
376 343 388 372 1
394 349 419 362 er
434 350 443 373 :
467 343 596 382 Georges
617 344 726 380 Abboi,
750 346 831 375 arch.
857 345 893 374 de
919 344 1099 381 Gantorbéry
1112 357 1120 379 ;
1145 343 1192 374 Sir
1221 342 1307 373 Falkc
1326 342 1474 379 Grenille,
1494 342 1575 373 Jules

232 380 343 418 César,
363 384 418 413 etc.

114 425 201 458 4314
224 425 386 460 Baluze
405 425 505 470 (Et.),
525 427 562 462 le
596 428 682 472 plus
707 428 848 462 savant
874 426 1146 472 généalogiste
1172 426 1224 460 du
1252 435 1335 460 xvii
1338 432 1351 447 8
1375 424 1509 460 siècle.
1540 444 1575 449 —

225 468 268 503 L.
302 479 336 504 a.
374 480 404 505 s.
444 470 505 514 (au
544 471 619 505 duc
656 471 703 505 de
740 471 958 514 Bouillon);
996 470 1124 513 Paris,
1162 472 1205 505 24
1241 468 1319 505 fév.
1358 471 1454 511 1698,
1485 471 1506 504 3
1537 478 1573 512 p.

227 511 323 548 in-4.
1466 515 1509 548 25
1556 524 1572 541 »

273 559 492 589 Très-curieuse
513 559 596 590 lettre
613 567 665 589 sur
684 559 711 589 la
730 558 896 596 généalogie
914 558 966 588 des
984 559 1113 589 maisons
1127 559 1163 589 de
1177 559 1204 589 la
1222 559 1302 589 Tour
1321 559 1357 589 du
1378 558 1430 588 Pin
1453 559 1481 587 et
1498 557 1534 587 de
1549 557 1575 586 la

233 597 313 627 Tour
331 597 530 635 d’Auvergne,
546 601 574 629 et
589 599 661 629 dans
679 598 803 635 laquelle
822 598 841 627 il
859 597 944 628 traite
958 597 1022 634 Guy
1044 598 1143 628 Allard
1159 598 1323 635 d’ignorant
1340 601 1368 628 et
1383 596 1419 627 de
1433 595 1576 626 hâbleur.

235 636 254 665 Il
273 639 388 666 raconte
405 640 549 667 comment
569 638 588 667 il
606 637 644 668 lui
665 644 681 666 a
701 637 752 666 fait
770 637 883 666 refuser
897 636 1015 666 l’entrée
1032 637 1082 667 des
1098 637 1232 666 archives
1245 637 1296 667 des
1308 635 1528 667 communautés
1541 635 1579 664 du

235 675 398 713 Dauphiné,
416 676 495 706 alors
514 684 570 714 que
587 677 651 713 Guy
674 676 772 706 Allard
793 676 900 705 voulait
920 675 1067 706 travailler
1093 676 1109 705 à
1129 675 1286 705 l’inventai,
1295 684 1311 705 e
1328 676 1363 706 de
1387 676 1411 704 la
1433 674 1579 705 Chambre

233 714 284 744 des
303 718 433 752 comptes
449 715 483 744 de
500 715 656 745 Grenoble.
678 714 783 744 Baluze
798 715 903 751 ajoute,
922 722 993 744 avec
1008 715 1034 744 la
1054 714 1251 744 malveillance
1268 714 1336 744 dont
1355 714 1374 743 il
1400 713 1451 743 fait
1471 720 1581 750 preuve

233 752 306 783 dans
321 756 400 783 toute
424 756 496 783 cette
518 754 599 784 lettre
615 767 621 783 :
651 765 663 779 «
693 754 906 791 Lorsqu’après
929 753 1011 783 avoir
1035 754 1146 783 blasmé
1173 754 1211 785 M.
1240 753 1329 783 Justel
1356 753 1467 783 d’avoir
1491 752 1579 781 voulu

235 791 307 821 faire
337 792 496 823 descendre
524 795 550 823 la
576 794 686 823 maison
710 792 745 823 de
769 792 795 822 la
819 793 899 822 Tour
922 793 959 822 du
987 792 1037 821 Pin
1061 795 1089 822 et
1110 793 1145 821 de
1174 792 1201 822 la
1232 793 1312 822 Tour
1337 792 1533 828 d’Auvergne,
1562 790 1582 820 il

236 830 351 868 adjoute
369 831 437 868 qu’il
460 838 477 861 a
499 831 534 862 de
557 839 634 869 quoy
658 832 731 861 faire
754 831 818 861 voir
840 831 909 868 qu'il
931 831 1001 861 s’est
1020 830 1146 868 trompé,
1170 833 1198 860 et
1221 831 1289 868 qu’d
1306 838 1323 859 a
1342 838 1429 867 aussy
1451 831 1486 860 de
1505 836 1581 867 quoy

236 870 380 899 suustenir
394 878 426 899 sa
445 871 635 908 proposition.
658 871 738 900 C’est
755 870 818 900 dire
836 870 904 907 qu’il
925 870 1028 900 souffle
1047 871 1072 899 le
1088 870 1183 900 chaud
1202 872 1230 900 et
1245 870 1269 899 le
1285 869 1369 899 froid.
1391 881 1403 896 »

117 914 205 949 4315
227 913 389 948 Balzac
408 913 578 958 (Honoré
598 914 671 958 de),
693 914 729 949 le
751 914 877 959 grand
899 913 1137 948 romancier.
1163 932 1205 938 —
1231 913 1354 948 Billet
1380 914 1462 948 aut.
1489 912 1580 957 sig.,

232 959 244 991 1
269 967 305 1002 p.
327 956 447 993 in-18.
1495 962 1515 990 2
1538 958 1582 991 50

255 1002 492 1040 Laissez-passer
512 1010 587 1040 pour
606 1004 633 1033 M
637 1009 672 1022 me
691 1003 726 1033 de
743 1003 847 1032 Balzac
865 1009 941 1040 pour
958 1003 985 1032 la
1004 1001 1156 1040 répétition
1179 1001 1315 1039 générale
1327 1002 1378 1032 des
1396 1002 1583 1032 llessources

237 1040 274 1070 de
295 1040 442 1077 Quiiiola.

119 1086 206 1120 4316
229 1087 476 1120 Barreswil
495 1085 655 1130 (C.-L.),
676 1086 816 1120 savant
835 1084 1039 1127 chimiste,
1060 1085 1206 1119 auteur
1225 1084 1272 1119 de
1292 1084 1332 1119 la
1350 1086 1477 1119 Chimie
1499 1085 1583 1127 pho¬

231 1131 480 1174 tographique.
500 1150 542 1156 —
561 1130 605 1165 L.
638 1141 673 1165 a.
705 1139 736 1164 s.
769 1130 791 1164 à
820 1129 860 1164 la
889 1128 1044 1165 Société
1075 1128 1472 1174 d’encouragement,
1505 1130 1517 1162 1
1548 1138 1583 1172 p.

233 1173 325 1209 in-8.
1494 1174 1516 1208 2
1562 1185 1579 1204 »

119 1230 204 1263 4317
228 1229 369 1263 Barth
389 1229 443 1273 (le
464 1229 631 1264 docteur
650 1228 807 1272 Henri),
837 1228 993 1263 célèbre
1018 1238 1224 1273 voyageur
1255 1227 1452 1263 allemand
1486 1227 1583 1262 dans

233 1273 460 1308 l’intérieur
480 1273 526 1308 de
547 1273 755 1318 l’Afrique.
775 1293 818 1297 —
836 1273 880 1307 L.
901 1283 934 1308 a.
955 1283 985 1308 s.
1007 1283 1056 1308 au
1077 1273 1180 1308 doct.
1201 1273 1265 1308 W.
1286 1272 1443 1316 Danzel;
1464 1272 1584 1306 Ham¬

235 1317 374 1363 bourg,
398 1320 494 1360 1848,
515 1320 536 1353 2
553 1328 589 1363 p.
612 1317 705 1360 in-4,
726 1317 876 1352 cachet.
1497 1317 1519 1350 4
1565 1328 1582 1347 »

121 1368 208 1401 4318
231 1368 520 1411 Barthélemy
540 1368 699 1411 (Aug.),
720 1366 875 1401 célèbre
901 1366 1015 1411 poète
1041 1366 1260 1412 satirique,
1292 1368 1438 1401 auteur
1467 1365 1514 1399 de
1547 1365 1586 1400 la

231 1413 377 1446 Némésis
383 1439 391 1455 ,
411 1413 457 1446 né
478 1412 500 1446 à
518 1411 735 1446 Marseille.
756 1430 798 1436 —
817 1411 859 1446 L.
882 1421 916 1446 a.
937 1421 966 1445 s.
987 1411 1030 1455 (à
1049 1411 1144 1446 Ach.
1166 1411 1315 1453 Comte,
1349 1412 1462 1454 1837),
1498 1412 1511 1444 1
1546 1420 1582 1454 p.

234 1455 330 1491 in-4.
1496 1456 1519 1489 2
1563 1466 1582 1486 »

278 1500 368 1530 Envoi
386 1500 425 1531 du
439 1501 471 1530 8°
488 1502 573 1531 chant
591 1501 627 1531 de
645 1508 676 1530 sa
695 1500 857 1531 traduction
876 1499 911 1530 de
929 1493 1079 1532 YÉnéide.

122 1551 209 1585 4319
232 1551 475 1594 Becquerel
494 1551 502 1594 (
513 1549 743 1585 Ant.-César
755 1550 778 1594 ),
798 1549 1023 1604 physicien,
1043 1549 1199 1583 célèbre
1223 1559 1294 1593 par
1324 1559 1385 1585 ses
1415 1551 1584 1585 travaux

233 1604 304 1629 sur
321 1595 358 1629 le
379 1595 640 1640 magnétisme
660 1595 700 1629 et
719 1594 758 1628 la
776 1593 953 1636 chaleur,
973 1593 1022 1628 né
1042 1593 1139 1629 dans
1157 1594 1195 1628 le
1213 1593 1363 1629 Loiret.
1377 1615 1419 1620 —
1433 1595 1475 1630 L.
1497 1606 1531 1630 a.
1552 1606 1583 1630 s.

235 1638 257 1672 à
275 1638 326 1673 M.
348 1638 507 1683 Guizot;
532 1641 571 1674 16
589 1640 665 1674 oct.
690 1640 771 1674 1837
777 1664 785 1680 ,
805 1641 826 1673 2
844 1648 880 1683 p.
901 1638 998 1673 in-4.
1497 1642 1518 1675 3
1566 1652 1582 1671 »

282 1684 475 1714 Intéressante
487 1686 570 1714 lettre
588 1691 642 1722 par
661 1684 785 1721 laquelle
804 1685 820 1713 il
845 1684 987 1713 demande
1007 1683 1033 1712 la
1054 1682 1182 1712 création
1209 1682 1295 1713 d’une
1315 1683 1413 1714 chaire
1432 1684 1585 1722 appliquée

240 1723 255 1752 à
275 1723 421 1754 l'Histoire
446 1723 587 1754 naturelle
609 1731 644 1753 au
670 1722 983 1753 Jardin-des-Plantes.
1009 1722 1032 1751 11
1052 1722 1148 1753 désire
1169 1729 1294 1760 occuper
1317 1725 1391 1753 cette
1415 1724 1513 1754 chaire
1531 1722 1585 1762 (ce

242 1762 289 1799 qui
309 1764 358 1792 eut
375 1762 441 1794 lieu.
458 1762 466 1801 )

123 1807 210 1840 4320
233 1807 462 1850 Béranger
481 1807 489 1849 (
505 1805 602 1841 P.-J.
617 1806 639 1850 ),
662 1806 697 1841 le
719 1805 844 1850 grand
875 1805 988 1849 poète
1016 1803 1295 1840 chansonnier.
1315 1825 1357 1831 --
1377 1806 1419 1841 L.
1441 1817 1475 1841 a.
1505 1816 1535 1841 s.
1566 1806 1589 1840 à

235 1850 287 1885 M.
308 1850 361 1885 Le
381 1850 636 1896 Carpentier;
658 1851 794 1895 Passy,
818 1852 857 1885 10
875 1849 951 1884 fév.
975 1851 1071 1892 1853,
1095 1851 1106 1883 1
1131 1859 1166 1893 p.
1188 1848 1281 1884 in-8.
1500 1852 1521 1885 4
1568 1863 1585 1881 »

283 1896 303 1925 Il
322 1896 345 1925 le
364 1897 505 1926 remercie
528 1896 758 1933 gracieusement
776 1896 811 1924 de
829 1895 931 1925 l’envoi
957 1896 991 1924 de
1012 1903 1060 1924 ses
1083 1894 1166 1932 jolies
1188 1894 1346 1926 chansons.
1378 1906 1390 1921 «
1417 1895 1446 1926 Si
1468 1896 1497 1934 je
1523 1896 1589 1933 puis

239 1934 323 1972 juger
343 1935 394 1964 des
414 1935 539 1972 paroles,
557 1935 646 1971 dit-il,
659 1936 677 1965 il
693 1935 758 1965 n’en
778 1934 852 1964 n’est
868 1934 1151 1964 malheureusement
1167 1941 1220 1970 pas
1238 1934 1309 1963 ainsi
1329 1935 1381 1964 des
1394 1935 1453 1964 airs
1474 1944 1481 1965 :
1496 1935 1515 1964 il
1529 1935 1590 1964 faut

243 1981 299 2010 que
313 1974 342 2011 je
362 1981 434 2003 vous
451 1982 543 2005 avoue
561 1981 617 2011 que
632 1974 661 2012 je
683 1982 718 2004 ne
731 1974 792 2004 suis
807 1981 859 2012 pas
871 1973 990 2011 capable
1009 1973 1044 2003 de
1061 1972 1216 2002 déchiffrer
1230 1980 1283 2003 une
1302 1976 1419 2004 note...
1447 1986 1460 2000 »

126 2025 208 2059 4321
237 2024 477 2058 Bernouilli
497 2023 612 2067 (Jean
641 2018 706 2066 Ils,
727 2024 868 2058 savant
887 2023 1112 2057 astronome
1132 2022 1172 2057 et
1192 2022 1587 2058 mathématicien.—

238 2068 280 2103 L.
303 2078 336 2102 a.
359 2078 412 2111 s.;
433 2067 592 2111 Berlin,
612 2070 656 2103 23
669 2067 764 2112 juil.
788 2069 884 2109 1787,
906 2068 926 2101 4
945 2076 980 2111 p.
1002 2066 1096 2100 in-4.
1503 2069 1523 2102 3
1569 2079 1587 2099 »

286 2113 361 2143 Belle
376 2113 459 2143 lettre
477 2113 597 2145 relative
615 2114 633 2142 h
652 2120 690 2143 un
707 2113 845 2142 mémoire
861 2119 935 2150 pour
953 2111 1129 2141 l’Académie
1146 2111 1246 2148 royale
1263 2111 1299 2142 de
1317 2112 1491 2142 Danemark.

128 2159 216 2192 4322
237 2159 445 2200 Berryer,
465 2157 624 2192 illustre
645 2159 784 2191 avocat
802 2157 843 2191 et
861 2156 1025 2190 orateur
1043 2155 1367 2199 parlementaire,
1384 2155 1593 2190 del’Acad.

241 2200 291 2236 fr.
311 2221 353 2226 —
370 2200 414 2236 L.
435 2212 469 2236 a.
490 2210 520 2236 s.
541 2201 550 2248 (
565 2201 587 2235 à
606 2201 658 2236 M.
680 2200 875 2244 Gromier,
896 2200 943 2234 de
963 2199 1066 2234 l'Ain
1080 2199 1089 2242 )
1101 2212 1110 2243 ;
1136 2199 1393 2245 Augerville,
1428 2202 1467 2234 19
1492 2201 1593 2245 sept.

246 2248 342 2287 1867,
361 2248 382 2280 2
401 2255 437 2290 p.
461 2248 523 2288 1/4
542 2248 621 2279 in-8
1507 2246 1528 2278 6
1574 2257 1591 2275 »

290 2291 367 2320 Belle
384 2295 412 2321 et
426 2291 615 2321 intéressante
629 2289 713 2320 lettre
731 2290 850 2320 relative
868 2289 883 2318 à
905 2297 961 2319 une
982 2288 1171 2326 protestation
1195 2289 1247 2319 des
1270 2289 1413 2319 électeurs
1432 2289 1469 2319 du
1491 2291 1594 2320 canton

249 2329 456 2360 d’Auibérieux
475 2332 574 2360 contre
587 2329 728 2359 l’élection
749 2330 817 2359 d'un
832 2328 962 2358 Membre
975 2329 1012 2358 du
1028 2327 1143 2358 Conseil
1161 2328 1279 2366 général
1297 2329 1332 2358 de
1348 2328 1436 2365 l’Ain,
1451 2331 1595 2365 protesta¬

249 2369 309 2399 tion
328 2376 386 2399 non
404 2369 531 2406 déposée
548 2369 620 2399 dans
641 2369 666 2398 le
686 2368 758 2398 délai
779 2368 851 2405 légal
866 2369 894 2397 et
909 2366 1067 2405 repoussée
1086 2375 1139 2405 par
1159 2368 1185 2397 le
1202 2368 1318 2398 Conseil
1331 2368 1367 2398 de
1383 2368 1558 2405 préfecture.
1573 2368 1594 2397 Il

250 2408 360 2438 discute
375 2415 407 2438 ce
423 2408 504 2446 point
516 2408 551 2438 de
563 2407 641 2438 droit
653 2407 868 2438 administratif.

135 2459 221 2493 4323
244 2459 471 2492 Berzelius
491 2458 500 2501 (
514 2457 643 2501 Jacq.)
648 2484 657 2501 3
677 2457 714 2492 le
734 2456 888 2491 célèbre
909 2456 1093 2491 chimiste
1114 2456 1284 2491 suédois.
1305 2475 1346 2481 —
1366 2456 1451 2491 Let.
1485 2456 1595 2501 imp.,

245 2502 412 2547 remplie
432 2505 473 2537 et
491 2502 565 2547 sig.
587 2499 633 2536 de
653 2512 696 2536 sa
715 2501 835 2543 main,
856 2512 905 2535 au
927 2501 1091 2546 profess.
1123 2501 1316 2543 Grunest;
1350 2500 1595 2544 Stockholm,

251 2548 346 2588 1837,
370 2549 380 2581 1
406 2557 441 2591 p.
465 2546 556 2589 in-4,
577 2546 728 2581 cachet.
1511 2547 1532 2580 2
1578 2558 1596 2576 »

137 2598 223 2632 4324
247 2598 374 2641 Bévy
393 2596 711 2640 (Dom.-Ch.-Jos.
726 2596 749 2639 ),
769 2596 910 2631 savant
931 2595 1172 2638 bénédictin,
1193 2596 1339 2630 auteur
1360 2595 1407 2631 de
1428 2595 1601 2631 YHistoire
