1793 3007
783 173 974 227 - 11 -
149 282 235 317 4357
260 281 444 316 Charles
467 281 560 320 VII,
582 280 640 314 roi
661 280 708 315 de
729 280 893 315 France.
931 299 973 305 —
1006 280 1046 315 L.
1068 291 1099 315 s.
1121 282 1144 315 à
1173 282 1311 317 Barth.
1333 282 1603 325 Bourrassier,

259 324 451 360 trésorier
474 324 519 359 de
540 325 737 359 Toulouse
751 338 759 365 ;
770 325 962 369 Bourges,
981 326 993 357 1
999 330 1026 346 er
1041 324 1148 369 juin,
1164 328 1226 368 1/2
1245 337 1280 371 p.
1297 326 1393 368 in-4,
1408 326 1610 371 fragment

262 369 308 404 de
340 369 501 411 cachet,
533 368 671 403 tachée
705 369 843 411 d’eau,
892 379 968 403 une
1017 369 1142 414 petite
1192 370 1404 405 déchirure
1441 373 1538 406 dans
1569 371 1609 406 la

262 424 410 459 marge.
1499 417 1539 450 15
1586 428 1602 446 »

306 458 399 489 Ordre
414 458 449 488 de
465 457 535 487 faire
554 459 652 495 perler
671 457 911 488 immédiatement
935 457 977 487 les
995 457 1097 490 lettres
1126 459 1195 496 qu'il
1224 459 1345 490 adresse
1363 468 1418 489 aux
1443 460 1608 490 sénéchaux

265 499 293 528 et
308 498 454 528 habitants
468 497 504 526 du
519 504 593 534 pays
608 497 642 527 de
659 497 843 534 Languedoc.

150 537 237 571 4358
262 536 614 576 Gharles-Quint,
647 534 706 569 roi
727 534 944 580 d’Espagne
965 536 1006 570 et
1030 546 1241 581 empereur
1259 537 1545 583 d’Allemagne.
1566 558 1608 563 —

261 580 304 615 L.
341 591 385 620 s.,
419 590 467 614 en
498 579 700 630 espagnol,
739 579 953 624 contresig.
987 582 1095 622 Soria,
1127 592 1175 617 au
1208 582 1386 617 cardinal
1424 582 1606 624 Salviati,

265 627 360 667 1524,
385 627 446 667 1/2
464 634 501 668 p.
522 623 628 665 in-1.,
649 625 757 658 trace
779 623 825 658 de
845 624 994 659 cachet.
1522 629 1543 660 8
1590 640 1606 658 »

151 670 237 704 4359
262 670 446 703 Charles
465 668 517 710 II,
540 667 598 702 roi
620 667 907 712 d’Angleterre.
945 688 986 693 —
1012 668 1055 702 L.
1088 678 1132 712 s.,
1160 680 1209 704 en
1235 670 1422 717 français,
1451 681 1544 705 avec
1571 670 1609 704 la

261 713 471 764 souscrit,
493 713 590 754 aut.,
611 723 660 747 au
681 712 803 747 baron
824 712 869 747 de
902 712 1114 747 Serteville
1131 726 1140 758 ;
1173 714 1300 756 Paris,
1328 717 1366 750 31
1398 716 1475 750 oct.
1511 716 1608 753 1652,

266 760 277 791 1
301 767 337 802 p.
359 756 461 798 in-f.,
477 755 679 800 fragment
697 756 744 791 de
764 757 914 792 cachet.
1499 761 1542 794 25
1589 771 1606 789 »

308 803 436 832 Relative
454 803 471 831 U
489 802 515 830 la
534 801 626 831 bonne
645 801 789 839 réception
810 803 844 832 de
862 810 909 832 ses
929 802 1084 832 vaisseaux
1102 805 1129 832 et
1157 810 1227 840 gens
1251 803 1285 833 de
1301 811 1416 841 guerre,
1438 811 1491 841 par
1515 804 1553 833 M.
1573 803 1609 833 de

268 841 429 874 Serteville,
446 841 518 870 dans
533 841 575 870 les
594 844 674 876 ports
691 841 727 871 de
747 841 931 875 Normandie,
949 841 1017 878 près
1039 841 1074 870 de
1089 841 1271 879 Cherliourg.

151 880 238 915 4360
264 879 637 920 Châteaubriand,
670 878 846 913 écrivain
866 878 1039 920 illustre,
1061 878 1107 913 de
1129 879 1274 915 l’Acacl.
1302 881 1425 916 franc.
1448 900 1489 905 —
1509 880 1551 915 L.
1573 891 1608 915 a.

264 933 294 958 s.
317 923 339 957 à
356 923 408 958 M.
427 923 556 957 Dulau
571 935 579 961 ;
601 923 729 965 Paris,
754 925 793 958 14
817 933 921 958 mars
943 925 1039 965 1803,
1063 925 1075 957 1
1099 933 1135 968 p.
1156 919 1254 961 in-1.
1521 927 1542 959 6
1589 937 1606 956 »

309 968 328 997 Il
347 967 464 1005 indique
482 968 524 998 les
550 968 614 1005 prix
645 969 697 997 des
726 968 797 998 trois
825 968 973 999 nouvelles
1000 968 1122 998 éditions
1149 970 1183 999 de
1207 977 1259 1000 son
1290 977 1418 1008 ouvrage
1443 969 1450 1009 (
1454 969 1548 1000 Génie
1566 969 1609 999 du

272 1006 527 1043 Christianisme)
542 1009 570 1037 et
591 1014 721 1037 annonce
738 1009 824 1045 qu'on
844 1015 879 1037 en
899 1007 950 1037 fait
967 1014 1021 1037 une
1041 1008 1203 1039 traduction
1223 1009 1359 1047 anglaise.

152 1046 235 1080 4361
265 1046 527 1088 Chaumette
546 1046 836 1091 (Anaxagoras),
867 1055 1087 1091 procureur
1109 1046 1156 1081 de
1188 1047 1227 1081 la
1245 1048 1336 1082 Com
1341 1053 1371 1069 n0
1402 1046 1449 1081 de
1479 1046 1607 1088 Paris,

265 1089 419 1124 célèbre
440 1089 796 1132 révolutionnaire,
817 1090 995 1135 décapité
1015 1100 1063 1124 en
1087 1092 1183 1126 1794.
1212 1112 1254 1117 —
1284 1092 1326 1126 L.
1347 1102 1376 1126 s.
1407 1102 1455 1126 au
1486 1101 1610 1135 proc.-

264 1134 377 1178 synd.
400 1134 451 1169 du
472 1133 625 1179 départ,
647 1134 693 1168 de
714 1134 841 1176 Paris,
863 1145 911 1169 an
932 1135 979 1176 II,
1003 1137 1016 1169 1
1039 1144 1075 1179 p.
1098 1134 1194 1170 in-4.
1521 1137 1542 1170 3
1589 1147 1606 1166 »

151 1179 238 1214 4362
263 1179 547 1223 Chicoyneau
566 1178 670 1223 (Fr.),
700 1179 877 1214 médecin
909 1179 954 1213 de
987 1179 1107 1214 Louis
1135 1179 1220 1222 XV,
1250 1179 1410 1215 illustre
1436 1189 1508 1224 par
1538 1189 1606 1214 son

263 1222 526 1258 dévouement
544 1223 718 1274 pendant
738 1223 777 1258 la
801 1225 909 1268 peste
929 1223 976 1258 de
996 1223 1213 1267 Marseille,
1229 1223 1277 1259 né
1297 1225 1319 1258 à
1337 1223 1606 1268 Montpellier.

263 1267 466 1302 Certificat
497 1267 680 1310 medical,
711 1267 940 1310 Versailles,
968 1270 1012 1303 23
1043 1267 1126 1303 déc.
1159 1271 1254 1311 1750,
1289 1271 1301 1303 1
1336 1279 1372 1313 p.
1405 1268 1497 1303 in-8.
1515 1271 1609 1303 Très-

260 1322 347 1346 rare.
1520 1314 1541 1347 5
1587 1325 1605 1344 »

151 1357 239 1392 4363
263 1356 466 1401 Choiseul
487 1355 714 1401 (Et.-Fréd.,
736 1355 811 1391 duc
831 1355 903 1400 de),
925 1355 1080 1391 célèbre
1102 1355 1285 1393 ministre
1306 1356 1352 1392 de
1372 1356 1493 1392 Louis
1521 1356 1606 1399 XV,

263 1401 446 1437 créature
467 1401 513 1436 de
533 1402 572 1436 M
577 1407 615 1423 mc
641 1401 686 1435 de
712 1401 965 1451 Pompadour
984 1403 1024 1436 et
1048 1401 1211 1436 victime
1243 1402 1289 1436 de
1317 1402 1357 1437 la
1386 1402 1445 1436 Du
1465 1401 1606 1447 Barry.

263 1466 305 1471 —
331 1446 373 1480 L.
394 1456 427 1480 a.
450 1456 479 1480 s.
495 1459 503 1490 ;
529 1446 668 1485 Turin,
690 1448 733 1480 20
752 1456 829 1480 mai
853 1447 949 1488 1776,
973 1447 985 1480 1
1008 1456 1044 1491 p.
1065 1445 1160 1480 in-4.
1521 1448 1542 1480 6
1589 1459 1606 1477 »

308 1492 440 1529 Réponse
460 1494 475 1521 à
491 1499 527 1521 un
549 1494 716 1522 astronome
734 1491 781 1527 qui
802 1491 966 1521 demandait
984 1491 1154 1529 l’agrément
1171 1492 1207 1521 de
1227 1491 1253 1521 la
1273 1491 1351 1521 Cour
1369 1491 1404 1521 de
1421 1491 1511 1521 Turin
1532 1499 1606 1529 pour

271 1530 343 1561 faire
359 1531 410 1561 des
438 1529 640 1561 observations
669 1537 720 1560 sur
755 1531 796 1560 les
831 1531 919 1567 Alp>s
947 1530 1160 1568 piémontaises.
1192 1531 1233 1561 Le
1264 1531 1304 1560 roi
1329 1531 1365 1561 de
1385 1529 1547 1567 Sardaigne
1564 1529 1608 1568 s’y

270 1577 391 1608 oppose,
413 1569 439 1599 la
459 1570 538 1600 Cour
561 1570 596 1599 de
622 1569 712 1599 Turin
742 1571 830 1607 ayant
862 1577 935 1606 pour
964 1575 1090 1599 maxime
1114 1580 1126 1595 «
1155 1569 1190 1599 de
1219 1577 1255 1599 ne
1279 1578 1332 1607 pas
1361 1572 1518 1607 permettre
1551 1577 1607 1600 aux

264 1608 416 1647 étrangers
448 1610 474 1638 la
499 1616 554 1639 vue
583 1609 634 1639 des
661 1611 756 1638 monts
782 1609 829 1645 qui
861 1608 1073 1638 l’environnent
1099 1611 1125 1638 et
1161 1607 1267 1646 qu’elle
1288 1608 1410 1647 regarde
1438 1616 1551 1638 comme
1580 1609 1607 1638 la

269 1647 386 1679 défense
404 1649 543 1678 naturelle
561 1648 596 1678 de
613 1655 665 1678 son
685 1655 767 1685 pays.
789 1659 801 1673 »

151 1687 238 1721 4364
263 1687 502 1731 Christian,
535 1686 668 1731 prince
709 1684 906 1727 d’Anhalt,
938 1695 1193 1730 gouverneur
1223 1685 1274 1720 du
1313 1684 1530 1727 Palatinat,
1569 1685 1604 1720 le

262 1730 459 1784 principal
479 1734 636 1766 moteur
655 1730 701 1764 de
717 1730 755 1765 la
774 1732 873 1773 Ligue
891 1731 1150 1774 protestante.
1163 1749 1205 1755 —
1218 1730 1261 1765 L.
1283 1741 1317 1765 a.
1338 1740 1382 1772 s.,
1395 1740 1443 1764 en
1464 1730 1605 1776 franc.,

263 1786 285 1809 a
303 1775 428 1810 Henri
449 1775 518 1819 IV;
539 1774 784 1817 Dusseldorf,
805 1777 825 1808 8
838 1773 948 1818 janv.
977 1776 1072 1816 1610,
1101 1777 1111 1809 1
1141 1785 1176 1819 p.
1207 1774 1308 1817 in-f.,
1337 1774 1488 1810 cachet.
1520 1775 1611 1810 Belle-

258 1822 360 1864 pièce.
1500 1821 1540 1854 10
1586 1832 1603 1851 »

311 1865 439 1895 Relative
466 1865 483 1894 h
508 1864 535 1894 la
559 1872 664 1902 guerre
694 1871 768 1902 pour
794 1864 820 1893 la
844 1864 1009 1894 succession
1036 1863 1071 1893 de
1098 1863 1219 1897 Juliers,
1252 1864 1356 1901 longue
1385 1863 1513 1901 querelle
1535 1865 1607 1895 dans

270 1904 391 1941 laquelle
406 1904 474 1934 était
489 1903 648 1934 intéressée
665 1904 692 1933 la
712 1904 832 1937 France,
852 1907 879 1933 et
897 1904 943 1940 qui
962 1911 993 1932 se
1011 1903 1132 1933 termina
1148 1904 1235 1940 après
1253 1904 1278 1932 la
1299 1906 1373 1932 mort
1395 1903 1431 1933 de
1445 1903 1532 1932 Henri
1558 1904 1605 1934 IV.

152 1943 239 1977 4365
264 1942 500 1983 Christine,
533 1942 571 1976 la
590 1942 745 1977 célèbre
766 1941 876 1976 reine
896 1941 942 1976 de
963 1941 1105 1976 Suède.
1125 1961 1167 1966 —
1185 1941 1228 1976 L.
1250 1952 1295 1983 s.,
1310 1952 1359 1975 en
1379 1941 1534 1983 italien,
1556 1952 1605 1977 au

265 1986 444 2022 cardinal
480 1987 658 2030 Bonelli;
695 1987 839 2029 Rome,
869 1988 889 2020 9
925 1985 1001 2021 fév.
1043 1987 1146 2028 1664,
1182 1989 1193 2020 1
1229 1996 1265 2031 p.
1298 1985 1390 2021 in-f.
1429 1987 1607 2021 Très-belle

259 2033 361 2075 pièce.
1501 2033 1540 2066 15
1586 2043 1603 2062 »

152 2077 239 2111 4366
264 2075 528 2119 Christophe
547 2075 709 2119 (Henri),
730 2074 789 2109 roi
809 2074 968 2114 d’Haïti,
990 2074 1215 2109 chansonné
1235 2084 1306 2119 par
1329 2074 1544 2125 Béranger.
1564 2095 1606 2101 —

263 2120 306 2155 L.
327 2130 357 2155 s.
378 2119 400 2153 à
419 2119 587 2155 l’amiral
604 2119 781 2154 Goodhal
797 2132 805 2163 ;
821 2119 867 2153 de
880 2129 948 2154 son
962 2118 1107 2161 Palais,
1126 2121 1248 2161 1808,1
1266 2129 1301 2164 p.
1319 2121 1380 2161 1/4
1395 2118 1486 2153 in-f.
1520 2121 1540 2153 4
1587 2133 1604 2151 »

152 2166 239 2200 4367
265 2166 464 2199 Clément
481 2165 559 2207 XII
579 2164 767 2207 (Laurent
786 2165 940 2209 Corsini),
961 2173 1070 2208 pape,
1092 2163 1237 2208 auquel
1257 2163 1313 2198 les
1333 2154 1523 2206 Romains
1538 2166 1607 2199 ont

265 2208 374 2244 élevé
399 2219 471 2243 une
487 2210 618 2243 statue
639 2219 689 2243 au
709 2208 900 2258 Capitole.
927 2227 968 2233 —
986 2207 1028 2242 L.
1049 2218 1079 2242 s.
1101 2218 1251 2242 comme
1283 2207 1528 2251 archevêque
1558 2208 1605 2243 de

263 2253 506 2296 Nicomédie,
528 2253 794 2297 àGavassini;
825 2253 963 2296 Rome,
994 2255 1014 2287 8
1050 2262 1154 2287 mars
1177 2254 1273 2295 1704,
1297 2255 1308 2287 1
1344 2263 1379 2298 p.
1401 2252 1490 2288 in-f.
1520 2255 1609 2287 Belle

261 2300 362 2342 pièce.
1520 2300 1541 2332 3
1589 2309 1605 2329 »

151 2343 238 2377 4368
263 2343 410 2386 Condé
436 2342 489 2386 (L
494 2341 560 2376 -H.
566 2341 666 2378 -Jos.de
745 2340 945 2382 Bourbon,
966 2341 1102 2385 prince
1126 2341 1197 2385 de),
1218 2341 1309 2386 père
1332 2341 1383 2376 du
1397 2341 1472 2375 duc
1495 2341 1608 2376 d’En-

264 2387 398 2430 ghien,
427 2385 567 2422 trouvé
587 2386 716 2431 pendu
737 2385 759 2419 à
778 2385 982 2430 Chantilly
1000 2395 1049 2419 en
1082 2387 1179 2421 1830.
1216 2405 1258 2410 —
1287 2386 1330 2421 L.
1352 2396 1385 2421 a.
1407 2395 1437 2421 s.
1455 2398 1464 2429 ;
1485 2386 1608 2421 Chan¬

263 2431 370 2477 tilly,
395 2433 491 2473 1827,
516 2433 527 2465 1
552 2441 587 2476 p.
610 2430 701 2465 in-4.
1520 2433 1542 2465 2
1564 2432 1608 2465 50

154 2482 240 2516 4369
265 2481 491 2524 Condillac
511 2480 647 2524 (l’abbé
667 2480 823 2515 Bonnot
842 2479 914 2523 de),
936 2478 1091 2514 célèbre
1111 2479 1436 2525 métaphysicien,
1457 2480 1550 2514 chef
1560 2479 1607 2514 de

266 2525 401 2560 l’école
420 2525 673 2567 sènsualiste,
689 2524 862 2559 membre
883 2523 929 2558 de
950 2523 1094 2558 l’Acad.
1115 2524 1255 2567 franc.,
1276 2523 1324 2560 né
1344 2524 1366 2558 à
1395 2523 1609 2559 Grenoble.

266 2589 308 2595 —
327 2570 369 2605 L.
390 2581 425 2604 a.
445 2580 474 2605 s.
497 2580 545 2604 au
567 2569 643 2604 duc
662 2569 708 2604 de
728 2568 954 2611 Nivernois,
985 2579 1055 2603 son
1076 2569 1257 2603 confrère
1294 2569 1316 2603 à
1347 2568 1584 2603 l’Académie
1599 2581 1607 2611 ;

267 2615 424 2657 Parme,
449 2617 459 2649 1
466 2620 494 2636 er
513 2624 616 2649 mars
639 2616 734 2657 1766,
753 2615 775 2649 3
793 2624 829 2658 p.
851 2612 947 2648 in-4.
1500 2615 1543 2648 22
1590 2625 1607 2643 »
