1793 3007
678 160 722 197 -
750 159 798 197 23
830 182 871 190 -

42 257 130 292 4495
153 257 287 306 Volta
306 257 472 306 (Alex.),
494 257 655 292 illustre
682 258 911 308 physicien,
932 258 1178 293 l’inventeur
1209 258 1255 292 de
1287 258 1325 293 la
1357 257 1450 303 pile.
1472 277 1513 283 —

153 300 257 335 Jolie
278 301 388 345 pièce
409 301 483 351 sig.
506 312 598 336 avec
620 312 697 336 une
717 302 788 347 lig.
812 304 910 346 aut.,
935 305 1031 346 1787,
1056 304 1118 346 1/2
1138 312 1173 347 p.
1195 302 1283 338 in-f.
1427 304 1448 337 2
1471 304 1514 336 50

42 346 130 381 449(3
152 346 361 390 Walther
380 345 579 390 (Michel),
601 348 743 380 l’ancien
748 374 757 388 ,
777 346 1009 392 théologien
1039 348 1079 381 et
1105 346 1361 391 prédicateur
1387 345 1516 380 luthé¬

155 389 257 431 rien,
278 390 507 434 professeur
526 390 548 425 à
567 390 713 425 l’Acad.
736 390 783 425 de
804 390 1043 434 Helmstadt,
1065 393 1212 427 auteur
1225 390 1272 426 de
1287 390 1516 425 YHarmonica

156 435 291 469 biblica.
311 453 354 459 —
374 435 415 469 L.
437 436 519 470 aut.
541 435 631 480 sig.,
663 445 712 469 en
743 435 870 478 latin,
903 436 926 470 à
956 435 1097 470 Daniel
1128 435 1313 479 Morano;
1335 434 1514 470 Friedri-

157 478 301 522 copoli,
323 480 420 521 1624,
440 481 461 514 2
480 489 516 524 p.
540 481 602 522 1/2
621 478 726 523 in-f.,
746 479 898 515 cachet.
919 482 1121 523 Magnifique
1135 483 1238 524 pièce.
1430 481 1451 513 4
1497 491 1514 510 »

44 523 131 557 4497
157 523 331 574 Ziegler
350 525 359 574 (
372 523 485 558 Jules
500 526 522 567 ),
548 523 706 568 peintre
733 523 964 561 d’histoire,
994 534 1047 559 un
1079 524 1146 559 des
1176 524 1306 559 élèves
1338 523 1395 558 les
1427 523 1516 567 plus

156 565 384 611 distingues
404 567 451 602 de
472 568 623 612 Ingres,
646 567 695 603 né
715 568 737 603 à
756 568 947 613 Langres.
960 588 1002 594 —
1016 568 1059 603 L.
1076 579 1111 603 a.
1128 579 1158 603 s.
1173 568 1183 613 (
1197 568 1219 602 à
1233 567 1328 603 Aoh.
1345 567 1480 602 Comte
1493 569 1515 611 ),

158 613 180 646 2
199 620 235 655 p.
256 610 344 646 in-f.
1428 613 1449 645 4
1496 623 1513 642 »

205 655 489 687 Très-intéressante
514 657 599 687 lettre
619 656 692 687 dans
718 656 843 695 laquelle
859 657 879 687 il
898 657 1018 688 sollicite
1042 665 1116 695 pour
1132 656 1246 687 obtenir
1263 657 1314 687 des
1336 658 1460 686 travaux
1479 655 1517 686 du

162 698 402 732 gouvernement.
423 696 444 725 Il
459 696 553 726 donne
571 696 622 726 des
640 696 744 726 détails
762 704 815 727 sur
833 704 880 726 ses
897 695 1001 727 débuts
1018 705 1054 726 au
1068 697 1156 726 sortir
1173 697 1207 726 de
1220 696 1342 725 l’atelier
1356 696 1391 725 de
1405 695 1518 732 Ingres,

166 736 195 763 et
211 733 376 764 mentionne
391 735 418 764 le
436 734 551 764 tableau
569 734 638 772 qu’il
654 742 670 763 a
689 734 798 773 exposé
816 735 833 765 à
851 742 903 765 son
923 739 1021 766 retour
1040 734 1163 770 d’Italie,
1187 734 1288 764 Henri
1314 734 1355 763 IV
1381 733 1479 763 lisant
1498 733 1517 763 à

166 772 364 810 Marguerite
381 773 419 803 de
434 774 584 804 Navarre
603 776 630 803 et
649 781 693 804 au
713 775 845 804 vicomte
860 773 897 803 de
917 774 1061 804 Turenne
1078 782 1139 804 une
1155 775 1246 804 lettre
1264 773 1321 811 qui
1347 772 1387 803 les
1407 780 1520 802 accuse

164 804 405 851 d'inielligence.

47 850 134 884 4498
157 850 296 893 Blanc
317 849 475 894 (Louis),
497 849 654 885 célèbre
675 850 874 885 historien
886 852 927 886 et
941 851 1117 886 membre
1133 851 1184 885 du
1202 851 1519 893 gouvernement

162 893 397 938 provisoire.
425 915 467 920 —
503 894 546 930 L.
568 905 602 930 a.
624 905 654 930 s.
693 896 715 929 à
740 895 792 929 M.
814 895 861 930 R.
884 895 1068 931 Gromier
1083 909 1092 938 ;
1113 893 1302 938 Londres,
1334 896 1377 929 23
1406 893 1518 938 janv.

164 939 261 980 1869,
281 941 302 973 4
322 948 357 983 p.
380 938 433 983 pl.
455 939 553 981 in-8,
574 939 806 984 enveloppe.
1413 939 1453 972 12
1501 950 1517 968 »

205 983 335 1021 Original
356 984 444 1014 d'une
460 984 636 1021 importante
654 984 739 1014 lettre
759 984 898 1022 politique
916 985 964 1022 qui
995 993 1011 1015 a
1027 984 1072 1015 été
1098 984 1211 1023 publiée
1227 984 1300 1014 dans
1316 983 1359 1013 les
1374 983 1519 1020 journaux

168 1025 196 1051 et
215 1030 230 1051 a
253 1023 370 1059 produit
388 1030 444 1053 une
463 1024 575 1060 grande
590 1023 748 1053 sensation.
764 1023 784 1053 Il
800 1023 937 1061 n’adopte
957 1024 1038 1061 point
1051 1025 1078 1054 le
1095 1023 1219 1061 procédé
1237 1022 1272 1053 de
1293 1021 1422 1053 YVnion
1445 1020 1519 1051 libé¬

164 1059 245 1091 rale.
266 1062 314 1099 Si,
331 1069 366 1092 en
384 1062 472 1098 1837,
491 1062 509 1091 il
526 1062 678 1099 engageait
694 1063 736 1092 les
758 1062 943 1093 adversaires
969 1064 1004 1094 de
1022 1063 1163 1100 l’Empire
1188 1064 1204 1092 h
1222 1061 1345 1091 se'faire
1375 1067 1520 1097 nommer,

167 1107 199 1129 ce
218 1101 318 1131 n’était
340 1101 422 1139 point
441 1109 514 1139 pour
544 1102 644 1139 prêter
660 1106 801 1138 serment,
820 1102 896 1131 mais
913 1110 988 1139 pour
1012 1103 1038 1132 le
1056 1102 1171 1132 refuser
1198 1108 1232 1131 en
1257 1100 1351 1137 pleine
1371 1100 1519 1134 chambre,

168 1149 180 1164 »
198 1139 214 1168 à
234 1141 297 1170 tout
316 1140 427 1177 risque,
449 1143 478 1170 et
492 1148 563 1171 avec
579 1140 723 1171 l’autorité
741 1147 797 1178 que
827 1140 890 1170 leur
916 1141 1012 1171 aurait
1039 1141 1134 1171 donné
1152 1141 1215 1170 leur
1234 1139 1341 1176 qualité
1361 1138 1522 1168 d'hommes

165 1177 228 1208 élus
250 1187 303 1216 par
321 1180 346 1209 le
363 1179 491 1217 suffrage
511 1180 673 1216 universel;
693 1192 706 1206 »
724 1181 798 1210 mais
816 1179 843 1209 le
863 1184 1089 1217 gouvernement
1119 1179 1252 1216 impérial
1276 1180 1363 1216 ayant
1396 1177 1466 1215 paré
1496 1177 1522 1207 le

168 1224 243 1255 coup
262 1226 297 1247 en
314 1221 493 1248 soumettant
506 1219 549 1248 les
569 1219 721 1249 candidats
739 1220 754 1248 k
773 1217 950 1255 l’obligation
973 1219 1121 1257 préalable
1138 1219 1175 1249 du
1195 1219 1337 1252 serment,
1358 1216 1375 1246 il
1395 1224 1430 1245 ne
1447 1219 1522 1246 reste

170 1256 235 1293 plus
253 1256 362 1294 qu’une
378 1258 458 1287 seule
471 1257 559 1288 chose
573 1258 590 1287 k
608 1258 681 1288 faire
699 1258 716 1287 k
734 1265 805 1287 ceux
826 1258 886 1294 qui,
907 1265 1020 1288 comme
1030 1258 1082 1295 lui,
1102 1265 1138 1288 ne
1151 1257 1267 1287 veulent
1285 1264 1336 1293 pas
1350 1256 1447 1293 prêter
1459 1263 1522 1285 ser¬

170 1297 266 1326 ment:
287 1297 402 1326 refuser
421 1296 446 1325 la
466 1296 668 1327 candidature.
697 1307 709 1322 «
731 1297 763 1327 Je
782 1297 809 1326 le
838 1296 949 1334 répète,
980 1296 1057 1328 dit-il
1087 1305 1121 1327 en
1151 1296 1319 1329 terminant,
1352 1295 1387 1324 ils
1407 1294 1524 1324 doivent

170 1334 283 1364 désirer
304 1336 393 1373 qu’on
408 1335 471 1365 leur
485 1336 630 1365 fournisse
648 1336 804 1366 l’occasion
824 1335 892 1365 d’un
913 1337 991 1367 refus
1017 1335 1126 1375 public,
1155 1336 1224 1366 dont
1247 1335 1273 1365 le
1294 1334 1414 1365 résultat
1431 1335 1522 1364 moral

171 1373 273 1407 serait,
289 1376 370 1405 selon
392 1375 461 1411 moi,
475 1375 691 1406 considérable.
706 1387 719 1402 »

55 1413 142 1447 4499
167 1413 226 1446 Le
250 1414 407 1447 même.
434 1433 476 1438 —
500 1413 543 1448 L.
565 1424 599 1448 a.
621 1424 651 1449 s.
673 1424 722 1448 au
744 1414 890 1459 même;
911 1413 1103 1456 Londres,
1124 1416 1166 1449 28
1189 1413 1300 1458 janv.
1325 1414 1420 1453 1869,
1451 1414 1461 1445 1
1486 1422 1522 1457 p.

165 1456 259 1498 in-8,
281 1457 513 1502 enveloppe.
1433 1457 1454 1490 3
1500 1469 1517 1487 »

53 1503 142 1535 4500
166 1502 554 1546 Boyer-Fonfrède
579 1500 717 1546 (J.-B.),
739 1502 900 1537 illustre
922 1501 1234 1537 conventionnel
1260 1499 1462 1545 girondin.
1483 1520 1525 1525 —

165 1544 276 1579 Belle
297 1545 406 1590 pièce
427 1546 517 1591 sig.,
539 1556 690 1580 comme
712 1546 927 1582 secrétaire
948 1546 996 1581 de
1016 1546 1055 1581 la
1074 1545 1343 1587 Convention;
1359 1546 1401 1579 30
1420 1554 1525 1579 mars

168 1590 265 1632 1793,
289 1592 301 1624 1
324 1589 360 1635 p.
381 1589 489 1634 in-f.,
510 1601 640 1626 sceau.
651 1592 750 1625 .Rare.
1420 1589 1460 1623 15
1507 1601 1523 1621 »

215 1635 319 1666 Décret
335 1636 372 1666 de
390 1636 415 1665 la
435 1636 614 1666 Convention
643 1635 806 1667 ordonnant
823 1643 859 1665 au
886 1636 1018 1666 Ministre
1046 1635 1081 1665 de
1098 1636 1125 1664 la
1157 1642 1261 1672 guerre
1279 1634 1315 1664 de
1335 1635 1438 1663 mettre
1464 1636 1479 1664 k
1498 1635 1526 1664 la

171 1673 344 1711 disposition
363 1675 415 1705 des
433 1674 684 1705 administrateurs
701 1676 737 1706 de
751 1674 851 1705 l’Eure
866 1678 970 1712 quatre
988 1675 1084 1712 pièces
1112 1673 1147 1704 de
1167 1680 1270 1707 canon,
1286 1673 1322 1703 de
1349 1673 1375 1701 la
1395 1672 1527 1711 fabrique

174 1713 211 1742 du
230 1713 344 1750 citoyen
364 1713 473 1744 Pêrier.

58 1751 141 1785 4501
171 1751 354 1795 Ganova
374 1752 504 1795 (Ant.),
528 1750 718 1786 l’illustre
741 1751 937 1787 statuaire
958 1750 1126 1786 romain.
1147 1770 1189 1775 —
1209 1750 1252 1785 L.
1274 1760 1307 1784 a.
1329 1760 1359 1785 s.
1381 1750 1403 1784 à
1421 1750 1525 1785 J.-A.

171 1794 405 1836 Santorelh;
426 1795 580 1830 célèbre
603 1805 778 1840 graveur
809 1806 879 1831 sur
911 1795 1057 1840 pierre,
1081 1796 1104 1829 à
1133 1794 1349 1837 Florence;
1387 1794 1527 1836 Rome,

174 1841 213 1874 19
227 1838 323 1884 juil.
348 1842 486 1883 1806,2
505 1850 541 1885 p.
563 1840 616 1885 pl.
639 1840 736 1883 in-4,
773 1840 926 1875 cachet.
958 1839 1019 1875 Un
1047 1839 1147 1874 tiers
1179 1838 1231 1873 du
1262 1837 1376 1873 blanc
1412 1838 1458 1872 de
1491 1838 1530 1873 la

174 1883 315 1919 feuille
336 1884 532 1919 d’adresse
553 1884 707 1919 enlevé.
1443 1885 1463 1918 8
1511 1895 1527 1914 »

217 1929 291 1959 Très
308 1929 500 1960 intéressante
518 1930 611 1968 épître
623 1930 743 1960 relative
762 1929 780 1959 k
793 1937 831 1959 un
846 1929 971 1967 portrait
988 1929 1023 1959 de
1038 1928 1157 1958 Ganova
1176 1927 1296 1958 exécuté
1313 1927 1388 1957 deux
1408 1928 1462 1958 fois
1479 1935 1531 1965 par

181 1967 345 1998 Santorelli.

62 2006 151 2040 4502
175 2006 469 2050 Chesterfield
487 2006 699 2051 (Philippe,
721 2006 834 2049 lord),
873 2017 926 2041 un
945 2005 1013 2040 des
1033 2005 1121 2050 plus
1143 2004 1271 2039 beaux
1302 2005 1447 2049 esprits
1483 2004 1530 2038 de

175 2049 443 2094 l’Angleterre
464 2060 513 2084 au
532 2060 633 2085 xvm
635 2057 647 2072 e
667 2050 801 2086 siècle.
827 2070 870 2075 —
888 2050 932 2085 L.
953 2052 1105 2094 autog.,
1126 2060 1175 2083 en
1196 2048 1382 2095 français,
1414 2049 1437 2083 à
1461 2058 1531 2083 son

175 2093 252 2138 fils;
272 2095 388 2137 Bath,
412 2097 451 2129 18
470 2096 547 2130 oct.
571 2096 666 2134 1738,
692 2097 704 2129 1
728 2105 763 2139 p.
788 2097 800 2129 1
812 2096 851 2138 /2
868 2094 964 2129 in-4.
985 2097 1083 2129 Rare.
1424 2095 1467 2128 35
1515 2104 1531 2124 »

222 2139 280 2169 Son
297 2140 447 2178 jugement
464 2148 515 2169 sur
535 2140 561 2169 la
577 2139 669 2170 Grèce
688 2142 804 2176 antique
833 2143 861 2170 et
878 2147 925 2169 ses
957 2139 1066 2176 grands
1100 2139 1244 2168 hommes.
1264 2138 1346 2168 Cette
1377 2138 1470 2175 épître
1489 2140 1535 2167 est

186 2177 332 2215 l’original
348 2179 435 2209 d’une
456 2179 509 2209 des
530 2179 648 2208 Lettres
664 2178 775 2209 écrites
793 2177 814 2209 à
830 2186 888 2208 son
904 2177 964 2217 fils,
984 2177 1091 2208 recueil
1116 2176 1213 2215 publié
1242 2177 1329 2214 après
1359 2184 1391 2206 sa
1414 2178 1491 2207 mort
1508 2178 1535 2206 et

188 2217 236 2252 qui
253 2221 297 2247 est
312 2226 365 2248 son
379 2219 446 2256 plus
462 2217 537 2247 beau
553 2219 620 2247 titre
637 2216 788 2247 littéraire.

68 2256 157 2291 4503
180 2256 410 2291 Dolomieu
429 2256 437 2300 (
440 2257 555 2291 Gratet
573 2255 646 2299 de),
676 2255 832 2290 célèbre
852 2264 1058 2300 voyageur
1079 2256 1120 2289 et
1140 2253 1459 2297 minéralogiste,
1482 2263 1534 2287 un

176 2299 244 2334 des
264 2300 470 2335 créateurs
491 2299 538 2334 de
566 2299 606 2334 la
626 2299 823 2344 géologie,
856 2299 905 2334 né
937 2299 1034 2334 dans
1070 2298 1218 2333 l’Isère.
1256 2318 1297 2323 —
1332 2297 1375 2333 L.
1397 2308 1431 2332 a.
1464 2308 1493 2333 s.
1516 2297 1537 2331 à

181 2343 309 2379 l’abbé
328 2344 462 2380 Fortis
478 2357 486 2388 ;
507 2342 716 2388 Inspruck,
740 2346 779 2378 10
798 2345 897 2388 sept.
922 2345 1017 2385 1789,
1042 2344 1054 2376 1
1078 2347 1115 2387 p.
1138 2342 1234 2377 in-4.
1450 2345 1471 2377 5
1518 2353 1534 2373 »

232 2389 361 2420 tîelalive
376 2391 394 2420 k
411 2397 463 2420 son
478 2396 590 2426 voyage
605 2389 832 2426 minéralogique
849 2389 922 2419 dans
939 2389 965 2418 le
981 2389 1083 2425 Tyroi.

72 2428 172 2461 4504.
198 2428 413 2471 Esquiros
433 2427 671 2472 (Alphonse),
687 2425 842 2461 célèbre
864 2426 1041 2461 écrivain
1062 2425 1307 2467 démocrate,
1329 2424 1471 2468 député
1490 2423 1537 2458 de

185 2470 521 2514 Saône-et-Loire,
542 2470 631 2516 puis
651 2470 698 2505 de
718 2470 935 2506 Marseille.
956 2491 1000 2496 —
1023 2469 1066 2504 L.
1088 2480 1122 2504 a.
1144 2480 1174 2504 s.
1201 2470 1236 2513 (à
1270 2469 1323 2504 M.
1359 2471 1406 2503 R.
1440 2469 1537 2503 Gro¬

186 2514 317 2559 mier);
345 2516 533 2558 Londres,
554 2517 592 2551 31
617 2516 694 2550 oct.
718 2516 816 2558 1868,
835 2517 857 2550 4
875 2525 911 2559 p.
932 2515 986 2560 pl.
1004 2514 1102 2549 in-8.
1452 2515 1474 2547 4
1520 2523 1537 2542 »

233 2560 312 2590 Belle
335 2563 363 2591 et
379 2561 571 2592 intéressante
598 2560 683 2590 lettre
715 2559 789 2590 dans
812 2560 937 2597 laquelle
956 2559 975 2589 il
993 2560 1088 2590 donne
1114 2566 1167 2590 son
1186 2558 1248 2589 avis
1267 2566 1318 2589 sur
1333 2558 1375 2587 les
1403 2557 1540 2587 élections

193 2598 229 2628 de
246 2599 331 2630 1869.
