1841 2972
899 160 1092 211 - 20 -
383 261 538 297 célèbre
558 262 606 296 de
633 262 784 297 Jeanne
804 262 918 297 Darc.
938 282 980 288 —
999 262 1043 298 L.
1070 274 1104 297 a.
1136 273 1166 299 s.
1201 264 1224 298 à
1252 273 1294 298 sa
1324 274 1433 299 sœur
1461 263 1709 299 Clémentine
1723 276 1731 307 ;

383 305 579 351 Cobourg,
599 309 642 342 23
662 316 750 341 nov.
774 308 870 350 1837,
890 309 911 341 2
931 317 966 352 p.
987 307 1079 342 in-8.
1100 306 1217 342 Pièce
1237 308 1533 354 très-fatiguée.
1646 310 1668 343 5
1715 321 1732 340 »

429 351 606 381 Charmante
635 350 729 387 épitre
760 351 880 382 relative
907 352 923 382 à
949 360 1002 382 sou
1029 352 1150 389 portrait
1172 360 1224 390 par
1243 353 1368 391 Isabey,
1387 353 1402 383 à
1421 362 1473 384 son
1500 353 1595 391 mari,
1624 352 1650 382 le
1680 353 1735 383 duc

390 390 564 425 Alexandre,
585 392 613 420 et
630 397 686 419 aux
701 390 826 420 toilettes
842 390 928 428 qu’on
947 390 986 421 lui
1003 390 1104 421 envoie
1114 392 1149 422 de
1160 391 1252 421 Paris.

273 429 359 462 4463
381 429 532 463 Pallas
551 429 560 472 (
573 427 680 463 P.-S.
693 428 716 472 ),
736 428 891 463 célèbre
918 439 1124 474 voyageur
1147 440 1196 464 en
1217 429 1394 474 Sibérie,
1421 429 1546 475 grand
1575 430 1735 464 natura¬

382 472 489 515 liste,
510 483 563 507 un
584 472 651 507 des
671 473 874 508 créateurs
894 473 941 508 de
961 473 1000 508 la
1019 473 1214 519 géologie.
1227 494 1270 500 —
1283 474 1326 509 L.
1348 485 1382 510 a.
1405 485 1449 516 s.,
1471 484 1520 508 en
1540 473 1729 525 français,

383 526 431 550 au
454 516 630 561 marquis
650 516 890 552 Gherardini
911 517 958 552 de
979 518 1214 553 Castelnovo
1228 531 1236 562 ;
1252 518 1537 562 Pétersbourg,
1555 510 1734 562 l*p.în-4,

384 560 534 596 cachet.
555 562 644 595 Belle
658 563 758 605 pièce.
1627 564 1667 597 12
1714 574 1731 593 »

272 605 358 638 4464
382 605 581 639 Pelletan
605 605 828 650 (Eugène),
848 605 1005 640 célèbre
1026 605 1256 651 publiciste,
1278 606 1421 652 député
1442 606 1489 641 de
1504 605 1632 648 Paris,
1653 606 1700 640 né
1715 606 1737 640 à

384 648 524 693 Royan
560 649 777 693 (Ch.-Inf.).
802 669 844 675 —
863 649 906 684 L.
936 660 971 685 a.
993 659 1023 685 s.
1046 650 1088 694 (à
1105 650 1157 685 M.
1179 650 1398 695 Gromier),
1419 652 1440 686 5
1454 650 1532 685 mai
1553 652 1651 695 1868,2p.

384 692 478 727 in-8.
1652 696 1673 728 6
1719 706 1736 725 »

429 738 557 768 Relative
575 745 631 768 aux
660 737 798 768 élections
816 739 851 768 de
868 738 956 770 1869.
978 750 991 764 «
1027 739 1096 769 Plus
1117 740 1153 769 de
1181 739 1371 770 candidature
1397 738 1527 769 officielle
1537 751 1543 767 :
1574 738 1600 768 le
1616 738 1738 776 pouvoir

390 776 450 806 doit
464 776 568 807 laisser
588 777 684 815 parler
703 777 730 807 le
749 778 871 813 scrutin,
889 781 918 808 et
936 785 993 808 non
1011 777 1036 807 le
1062 778 1134 808 faire
1155 778 1254 816 parler
1281 801 1308 809 ..
1345 778 1437 816 Qu'au
1457 778 1581 816 premier
1598 781 1664 808 tour
1697 777 1733 808 de

391 815 510 851 scrutin,
537 816 646 846 chacun
665 816 777 846 affirme
795 824 826 846 sa
845 817 1006 847 conviction
1024 824 1076 847 sur
1102 818 1129 847 le
1155 817 1289 847 candidat
1302 817 1338 847 de
1356 825 1389 847 sa
1409 817 1592 854 préférence,
1610 819 1638 846 et
1652 815 1738 854 qu’au

391 855 497 885 second
517 858 582 885 tour
600 855 618 884 il
634 856 699 885 vote
719 862 791 893 pour
810 855 835 885 la
856 856 1044 886 candidature
1065 856 1092 886 la
1115 857 1179 894 plus
1201 856 1310 886 voisine
1329 856 1365 887 de
1382 864 1414 886 sa
1434 856 1647 886 conviction...
1659 856 1737 885 Pour

392 893 418 922 le
435 897 573 930 moment,
587 894 604 923 il
627 893 675 931 n’y
696 902 712 923 a
733 893 840 931 qu’une
869 896 1013 932 question,
1034 903 1089 925 une
1105 896 1195 933 seule,
1215 895 1447 934 l’émancipation
1463 895 1501 925 du
1520 894 1646 932 suffrage
1668 894 1731 924 uni¬

392 932 497 968 versel,
516 933 670 963 souverain
701 940 736 962 en
755 941 971 971 apparence...
999 946 1011 961 »

274 969 362 1004 4465
383 970 590 1005 Perrault
608 969 716 1015 (Ch.),
736 970 911 1007 l'auteur
929 972 997 1008 des
1017 974 1144 1016 Contes,
1169 971 1215 1007 de
1237 971 1383 1007 l’Acad.
1406 972 1531 1006 franc.
1552 990 1594 997 —
1614 971 1740 1007 Billet

386 1016 469 1049 aut.
491 1015 581 1060 sig.,
601 1017 638 1049 21
663 1016 762 1060 sept.
787 1017 882 1059 1677,
906 1018 968 1060 1/2
987 1027 1022 1061 p.
1045 1008 1142 1052 in-8.
1638 1017 1671 1050 6.
1721 1028 1737 1048 »

430 1060 535 1090 Relati!
553 1062 568 1091 K
586 1061 613 1089 la
631 1060 836 1098 construction,
852 1069 886 1091 en
901 1065 983 1091 vertu
1014 1061 1081 1092 d’un
1105 1061 1223 1092 marché
1242 1060 1329 1099 passé
1348 1068 1400 1098 par
1416 1060 1546 1097 Colbert,
1567 1060 1635 1090 d’un
1654 1068 1740 1098 aque¬

395 1098 450 1128 duc
465 1107 511 1136 poi
524 1106 538 1129 r
556 1098 694 1130 conduire
705 1099 748 1129 les
761 1107 835 1130 eaux
854 1102 870 1131 à
889 1100 1055 1131 Versailles.

276 1137 363 1170 4466
384 1137 606 1181 Persigny
625 1137 694 1181 (F.,
715 1137 791 1172 duc
811 1138 857 1172 de
877 1139 900 1181 ),
921 1138 1105 1174 ministre
1126 1139 1166 1173 et
1185 1137 1263 1173 ami
1285 1137 1331 1172 de
1353 1136 1599 1182 l’Empereur
1612 1137 1741 1182 Napo¬

389 1180 479 1215 léon
499 1181 566 1216 III.
586 1201 629 1206 —
647 1182 690 1216 L.
710 1192 744 1217 a.
764 1192 794 1217 s.
811 1184 833 1217 à
851 1182 902 1217 M.
925 1183 1092 1224 Bineau,
1116 1185 1212 1225 1852,
1238 1185 1250 1217 1
1274 1192 1310 1227 p.
1332 1181 1386 1227 pl.
1407 1181 1499 1216 in-8.
1652 1184 1673 1217 3
1721 1194 1738 1213 »

277 1224 364 1258 4467
387 1226 547 1260 Picard
567 1226 754 1270 (Ernest),
780 1225 936 1261 célèbre
958 1229 1097 1263 avocat
1115 1228 1156 1262 et
1175 1226 1321 1271 député
1342 1226 1389 1260 de
1408 1225 1537 1260 Paris.
1569 1245 1613 1251 —
1639 1225 1684 1260 L.
1706 1236 1740 1261 a.

389 1279 419 1303 s.
440 1269 474 1313 (à
492 1270 543 1305 M.
566 1270 774 1315 Gromier);
798 1273 831 1305 11
855 1272 931 1306 oct.
954 1273 1051 1314 1867,
1071 1274 1092 1307 3
1110 1281 1147 1316 p.
1168 1271 1262 1306 in-8.
1655 1272 1676 1305 3
1723 1282 1739 1302 »

278 1313 365 1346 4468
388 1314 462 1347 Pie
480 1315 532 1348 V.
570 1314 730 1358 (Michel
765 1316 939 1358 Ghislieri,
975 1316 1106 1360 saint),
1139 1325 1236 1360 pape
1274 1314 1443 1356 célèbre,
1482 1313 1640 1349 béatifié
1672 1324 1743 1358 par

389 1356 569 1392 Clément
586 1359 622 1393 X
642 1360 683 1393 et
701 1358 886 1394 canonisé
907 1370 978 1404 par
997 1360 1176 1396 Clément
1200 1359 1268 1394 XI.
1290 1358 1401 1393 Belle
1434 1357 1544 1403 pièce
1580 1358 1656 1403 sig.
1693 1361 1744 1392 Ita

389 1405 436 1435 est
453 1404 532 1436 Plus
544 1413 605 1447 pp.
631 1404 678 1444 V;
697 1406 719 1438 7
736 1407 798 1438 oct.
820 1405 916 1446 1570,
936 1407 958 1439 4
977 1414 1013 1449 p.
1034 1403 1126 1439 in-f.
1142 1406 1326 1439 Très-rare.
1635 1404 1678 1437 45
1725 1414 1741 1433 »

280 1446 367 1480 4469
389 1447 464 1481 Pie
483 1448 553 1489 IX,
574 1447 787 1482 souverain
824 1447 976 1491 pontife
1014 1448 1160 1483 actuel.
1203 1467 1245 1473 —
1275 1447 1318 1482 L.
1357 1456 1390 1481 a.
1423 1456 1468 1489 s.,
1500 1456 1549 1480 en
1585 1446 1743 1489 italien,

391 1501 541 1525 comme
562 1491 710 1537 évêque
732 1491 779 1526 de
811 1492 984 1537 Spolète,
1000 1493 1022 1527 à
1050 1493 1093 1527 L.
1123 1491 1326 1538 Filippani
1343 1504 1351 1535 ;
1386 1490 1560 1536 Spolète,
1590 1493 1610 1525 8
1639 1501 1744 1526 mars

396 1535 492 1577 1830,
515 1538 526 1570 1
545 1546 580 1581 p.
603 1536 710 1579 in-4.,
732 1536 883 1572 cachet.
910 1538 994 1572 Belle
1006 1539 1110 1581 pièce.
1638 1537 1678 1569 14
1725 1548 1742 1567 »

281 1579 368 1613 4470
389 1579 697 1616 Poniatowski
726 1580 774 1624 (le
795 1581 956 1626 prince),
978 1581 1137 1617 illustre
1167 1580 1366 1626 guerrier,
1400 1579 1436 1614 le
1468 1580 1605 1622 Bayard
1640 1580 1680 1614 de
1712 1581 1745 1614 la

395 1625 543 1667 Pologne.
563 1644 606 1650 —
630 1625 672 1660 L.
704 1636 734 1660 s.
773 1626 795 1660 à
826 1625 877 1660 M.
916 1625 1125 1668 Séréville,
1158 1624 1320 1670 préposé
1355 1624 1407 1658 du
1445 1634 1598 1673 payeur
1636 1623 1682 1658 de
1710 1624 1749 1659 la

392 1668 540 1712 grande
566 1671 718 1714 armée;
756 1669 960 1713 Varsovie,
980 1673 1019 1706 31
1044 1680 1148 1705 mars
1171 1672 1268 1712 1812,
1305 1671 1315 1703 1
1341 1679 1376 1714 p.
1412 1669 1475 1710 1/2
1511 1668 1599 1702 in-f.
1633 1668 1746 1704 Belle

394 1712 518 1757 pièce.
542 1716 641 1749 Rare.
1640 1715 1684 1748 20
1730 1726 1747 1745 »

438 1758 536 1788 Prière
553 1759 588 1789 de
604 1760 640 1788 lui
657 1761 788 1796 compter
809 1759 854 1790 les
867 1759 999 1795 200,000
1018 1759 1054 1790 fr.
1073 1759 1127 1790 mis
1146 1760 1161 1789 1>
1182 1767 1214 1790 sa
1230 1758 1403 1797 disposition
1421 1764 1493 1795 pour
1508 1756 1747 1795 l’augmentation

400 1796 435 1826 de
451 1797 570 1828 l’armée
590 1798 628 1828 du
647 1798 739 1835 grand
755 1798 849 1828 duché
868 1799 903 1829 de
920 1799 1075 1830 Varsovie.

284 1846 365 1879 4471
392 1846 624 1890 Poujoulat
647 1846 838 1891 (J.-J.-F.),
858 1847 1070 1890 historien,
1102 1847 1258 1882 célèbre
1291 1857 1363 1891 par
1392 1855 1452 1880 ses
1479 1846 1650 1881 travaux
1681 1857 1752 1882 sur

394 1889 453 1924 les
472 1891 691 1935 Croisades,
711 1891 761 1926 né
781 1891 803 1926 à
821 1892 877 1926 La
908 1893 1023 1928 Fare.
1049 1911 1092 1917 —
1128 1891 1171 1927 L.
1198 1902 1232 1927 a.
1254 1902 1283 1927 s.
1305 1891 1340 1936 (à
1357 1890 1453 1926 Ach.
1475 1891 1630 1936 comte),
1654 1894 1752 1934 1837,

401 1936 412 1967 1
436 1944 472 1979 p.
494 1934 591 1970 in-8.
1667 1938 1688 1971 2
1712 1938 1755 1971 50

285 1990 372 2024 4472
395 1990 581 2025 Pradier
600 1990 733 2035 (J.-J.),
754 1990 791 2025 le
812 1991 966 2026 célèbre
987 1991 1208 2037 sculpteur,
1229 1990 1277 2025 né
1293 1990 1315 2025 à
1334 1989 1505 2025 Genève.
1541 2010 1582 2016 --
1603 1990 1645 2025 L.
1668 2001 1703 2026 a.
1722 2001 1754 2026 s.

398 2033 421 2067 à
438 2034 534 2070 Ach.
556 2035 706 2078 Comte,
731 2037 742 2070 1
766 2045 803 2080 p.
825 2035 918 2072 in-8.
1668 2037 1689 2070 4
1737 2048 1753 2067 »

444 2079 583 2110 Curieuse
601 2080 705 2119 épitre.
726 2080 747 2110 Il
760 2089 775 2110 a
794 2081 888 2112 donné
906 2080 998 2119 congé
1017 2081 1053 2112 de
1071 2088 1123 2112 son
1143 2081 1242 2111 atelier
1262 2080 1297 2110 de
1311 2079 1465 2117 l’Abbaye,
1494 2081 1522 2110 et
1551 2080 1569 2110 il
1588 2088 1603 2110 a
1632 2088 1703 2118 peur
1722 2083 1756 2111 de

404 2121 497 2149 rester
518 2130 530 2145 «
552 2120 577 2150 le
595 2120 640 2150 cul
662 2121 743 2149 entre
762 2120 950 2152 deux.
980 2120 1026 2159 (ici
1045 2128 1082 2150 un
1102 2120 1220 2158 croquis
1237 2119 1441 2158 représentant
1460 2126 1498 2148 un
1517 2119 1654 2157 postillon
1675 2121 1757 2150 entre

407 2157 482 2188 deux
502 2159 646 2194 chevaux,
662 2158 842 2190 c'est-à-dire
859 2162 941 2190 entre
955 2160 1031 2190 deux
1052 2159 1165 2195 selles).

291 2208 379 2242 4473
402 2207 523 2241 Prim
559 2207 608 2251 (le
647 2208 835 2252 général),
856 2219 910 2243 un
930 2208 998 2244 des
1018 2208 1127 2243 chefs
1164 2208 1211 2242 de
1244 2207 1282 2242 la
1309 2205 1494 2241 dernière
1526 2206 1755 2243 révolution

402 2252 629 2296 espagnole,
651 2252 855 2297 président
886 2253 937 2288 du
970 2252 1120 2288 conseil
1158 2253 1204 2287 de
1236 2252 1275 2286 la
1306 2252 1488 2295 régence.
1525 2271 1567 2276 —
1603 2252 1646 2286 L.
1667 2254 1697 2287 s.
1722 2254 1760 2287 Le

402 2299 502 2330 comte
520 2297 559 2330 de
577 2299 661 2331 Reus
666 2324 674 2339 ,
696 2296 718 2330 à
737 2307 790 2331 un
812 2297 997 2342 général;
1019 2297 1201 2339 Chumla,
1220 2297 1330 2331 2oct.
1355 2297 1480 2337 1853,1
1500 2305 1534 2340 p.
1556 2296 1648 2331 in-4.
1674 2299 1695 2331 3
1742 2308 1758 2327 »

448 2341 591 2378 Employé
607 2342 623 2371 à
641 2342 761 2372 l’armée
779 2343 813 2373 de
832 2343 958 2377 Crimée,
978 2343 996 2373 il
1014 2342 1154 2373 remercie
1177 2350 1210 2372 ce
1228 2341 1344 2379 général
1364 2340 1399 2370 de
1424 2340 1595 2372 l’invitation
1622 2341 1691 2379 qu’il
1722 2342 1761 2371 lui

408 2379 459 2410 fait
474 2380 624 2411 d’assister
642 2388 698 2411 aux
716 2388 900 2412 manœuvres
913 2384 928 2412 à
948 2383 992 2412 feu
1014 2383 1062 2420 qui
1079 2384 1183 2412 auront
1201 2381 1256 2411 lieu
1271 2381 1345 2411 dans
1361 2379 1387 2409 le
1407 2386 1501 2418 camp.

296 2431 383 2464 4474
406 2430 569 2465 Quinet
587 2429 758 2475 (Edgar),
778 2431 932 2466 célèbre
952 2431 1165 2473 historien,
1198 2430 1479 2481 représentant
1514 2440 1563 2464 en
1593 2431 1690 2473 1848,
1712 2430 1762 2465 né

406 2473 428 2507 à
446 2474 583 2519 Bourg
603 2474 717 2518 (Ain).
738 2494 780 2500 —
799 2475 842 2511 L.
863 2486 897 2510 a.
918 2486 948 2511 s.
976 2476 1011 2521 (à
1044 2476 1097 2511 M.
1127 2476 1326 2519 Gromier,
1357 2486 1428 2511 son
1466 2473 1762 2520 compatriote);

405 2518 588 2563 Vrytaux
609 2518 759 2563 (Vaud),
783 2522 822 2555 19
842 2530 902 2555 av.
926 2522 1023 2563 1868,
1043 2522 1064 2555 4
1088 2530 1123 2565 p.
1144 2520 1197 2566 pl.
1219 2520 1316 2555 in-8.
1678 2522 1699 2554 5
1744 2531 1762 2550 «

451 2564 673 2595 Très-curieiiso
688 2565 779 2603 épitre
798 2573 849 2596 sur
868 2565 910 2596 les
930 2565 1067 2596 élections
1090 2566 1127 2596 de
1146 2565 1233 2599 1869,
1267 2567 1306 2598 et,
1338 2574 1374 2596 en
1407 2564 1583 2603 particulier,
1615 2562 1702 2594 celles
1726 2564 1764 2593 du

411 2602 613 2641 département
625 2603 660 2634 de
678 2603 767 2636 l’Ain.
789 2614 802 2630 «
821 2604 842 2635 11
855 2604 951 2643 s’agit,
972 2605 1057 2642 dit-il,
1075 2604 1112 2636 de
1132 2605 1284 2643 présenter
1302 2604 1353 2636 des
1369 2604 1518 2635 candidats
1536 2603 1585 2641 qui
1614 2602 1692 2634 aient
1714 2602 1765 2633 des
