1850 2972
928 112 970 149 -
999 112 1022 149 2
1052 133 1095 140 -

329 208 555 259 Cependant,
582 208 713 259 depuis
744 221 816 248 une
846 209 1041 261 quinzaine
1068 209 1243 249 d’années
1271 210 1360 261 qu’il
1393 209 1679 252 collectionnait,
1717 209 1741 249 il

279 258 378 297 avait
396 258 592 298 rassemblé
615 259 801 309 beaucoup
819 260 865 298 de
882 260 1009 299 lettres
1025 260 1270 311 autographes
1288 260 1503 310 originales.
1533 260 1600 299 Les
1628 259 1744 298 séries

281 309 492 358 auxquelles
526 309 548 347 il
577 309 699 347 s’était
726 310 759 348 le
794 310 874 359 plus
906 310 1050 349 attaché
1080 310 1219 349 étaient
1246 310 1357 349 celles
1382 310 1446 349 des
1481 309 1661 348 membres
1698 308 1745 348 de

282 358 501 398 l’Académie
520 359 710 408 française,
732 359 796 397 des
814 359 977 403 artistes,
1000 366 1034 398 et
1054 359 1116 399 des
1132 360 1293 398 hommes
1312 359 1476 398 célèbres
1490 359 1535 398 de
1547 359 1582 398 la
1594 359 1746 398 Révolu¬

282 409 358 447 tion
370 415 404 448 et
415 408 657 470 del’Empire,
670 410 985 453 conventionnels,
1000 411 1197 460 généraux,
1210 410 1443 458 maréchaux,
1458 409 1657 451 ministres,
1670 415 1740 448 etc.

336 459 461 498 Pressé
481 470 546 509 par
567 448 600 497 le
620 465 751 509 temps,
779 466 815 498 et
837 459 957 509 obligé
978 459 1023 499 de
1058 466 1138 499 tout
1159 460 1249 498 faire
1274 465 1398 498 entrer
1426 460 1518 498 dans
1546 470 1619 497 une
1643 460 1745 498 seule

282 509 464 553 vacation,
484 520 574 548 nous
593 520 707 548 avons
728 509 779 547 dû
797 521 954 560 grouper
972 510 1158 560 beaucoup
1178 509 1224 548 de
1243 509 1376 559 pièces.
1398 510 1498 548 Nous
1514 508 1677 548 citerons
1692 509 1745 548 les

282 570 387 598 noms
402 559 571 598 suivants
585 559 703 606 parmi
726 570 814 597 ceux
836 560 896 609 qui
917 565 982 598 ont
1001 562 1060 599 été
1078 560 1289 609 catalogués
1307 562 1329 597 à
1349 566 1431 610 part
1447 572 1454 597 :

333 608 400 647 Les
415 610 488 646 rois
500 608 546 647 de
561 609 701 647 France
720 608 869 648 Charles
886 609 966 647 VIII
981 616 1017 648 et
1031 610 1181 648 Charles
1203 609 1267 653 IX.
1289 609 1464 658 François
1486 609 1500 647 I
1505 617 1532 633 er
1538 640 1545 653 ,
1570 609 1677 647 Louis
1694 608 1746 647 XI

281 664 318 697 et
340 658 446 697 Louis
464 658 547 696 XVI
562 672 569 705 ;
593 659 742 697 Charles
762 658 845 704 XII,
871 659 903 698 le
924 659 1038 707 grand
1059 660 1111 697 roi
1133 660 1179 697 de
1200 659 1338 704 Suède;
1362 659 1534 697 Frédéric
1552 658 1600 703 II,
1622 659 1676 696 roi
1699 657 1744 696 de

282 709 434 755 Prusse;
455 708 487 747 le
507 709 559 746 roi
583 708 903 757 Louis-Philippe;
924 696 956 747 la
972 709 1074 748 reine
1091 709 1389 755 Marie-Amélie;
1409 708 1442 747 le
1458 708 1529 747 duc
1553 708 1746 747 d’Orléans

282 765 318 797 et
346 760 382 796 la
403 759 588 809 princesse
605 758 763 806 Hélène;
790 759 822 796 la
837 759 937 797 reine
952 759 1017 797 des
1030 758 1158 808 Belges
1171 771 1178 805 ;
1198 759 1386 809 Napoléon
1406 758 1418 798 I
1424 767 1453 783 er
1463 771 1471 806 ;
1490 757 1690 808 Joséphine
1710 764 1746 797 et

284 806 572 854 Marie-Louise;
612 809 644 846 le
679 807 842 846 cardinal
875 808 1006 856 Fesch;
1046 809 1183 855 Murat;
1208 830 1250 836 —
1273 809 1460 855 Barnave;
1485 808 1744 858 Robespierre;

282 856 659 908 Fouquier-Tinville;
681 879 724 886 —
746 857 1104 907 Duplessis-Mornav
1117 872 1125 906 ;
1149 858 1339 897 Richelieu
1359 864 1395 897 et
1416 858 1593 905 Mazarin;
1616 880 1659 886 —
1681 857 1748 895 Les

282 910 467 954 généraux
487 906 531 945 de
548 908 582 944 la
600 907 828 958 république,
849 908 1013 957 Cusline,
1035 907 1273 955 Dumouriez,
1292 908 1520 958 Dampierre,
1537 907 1743 950 Houchard,

285 957 433 1002 Desaix,
459 957 581 995 Hoche
599 964 635 995 cl
657 957 822 1004 Moreau;
868 979 909 986 —
931 958 998 997 Les
1027 957 1207 997 membres
1227 957 1272 997 de
1292 957 1515 996 l’Académie
1536 957 1718 1006 française
1737 969 1743 994 :

282 1007 433 1052 Surian,
456 1006 636 1048 Voltaire.
661 1007 806 1045 Florian
826 1039 832 1051 ,
850 1007 1054 1046 Bernardin
1075 1007 1121 1046 de
1142 1008 1409 1056 Saint-Pierre,
1428 1008 1572 1058 Parny,
1591 1006 1744 1051 Nodier,

283 1057 498 1104 Millevove,
520 1056 839 1099 Chateaubriand,
865 1058 1097 1100 Lacordaire,
1122 1057 1352 1106 Lamartine,
1377 1063 1456 1104 etc;
1493 1057 1677 1106 Béranger
1710 1063 1747 1094 et

284 1108 425 1157 Rouget
438 1107 484 1145 de
504 1107 598 1146 Lisle
608 1124 617 1155 ;
635 1129 681 1135 —
702 1107 770 1146 Les
788 1107 936 1146 artistes
955 1107 1132 1155 Soufflot,
1157 1108 1249 1146 Gros
1269 1114 1305 1146 et
1333 1107 1469 1146 Gérard
1488 1119 1497 1154 ;
1535 1106 1684 1145 Charlet
1711 1112 1749 1144 et

282 1157 442 1195 Gavarni
459 1170 467 1203 ;
500 1156 728 1207 Meyerbeer,
756 1157 895 1207 Halévy
912 1189 920 1206 ,
958 1158 1095 1195 Berlioz
1111 1164 1147 1195 et
1165 1156 1340 1204 Gounod;
1362 1157 1490 1195 Talma
1508 1190 1515 1205 ,
1542 1156 1574 1194 M
1579 1157 1626 1181 lies
1651 1157 1748 1194 Mars

284 1213 320 1245 et
341 1207 472 1245 Rachel
496 1220 503 1253 ;
524 1229 568 1235 —
588 1206 622 1244 la
636 1206 821 1257 princesse
844 1206 908 1245 des
929 1206 1076 1253 Ursins;
1099 1207 1134 1245 M
1140 1215 1177 1231 me
1196 1207 1241 1244 de
1262 1207 1496 1251 Maintenon;
1520 1207 1553 1244 la
1564 1206 1749 1255 princesse

283 1256 328 1294 de
349 1257 534 1295 La
550 1263 585 1295 et
608 1268 675 1295 son
695 1256 785 1295 mari
798 1269 806 1304 ;
832 1257 1184 1296 Marie-Antoinette
1201 1270 1209 1304 ;
1231 1257 1266 1296 M
1271 1264 1321 1281 me
1341 1256 1386 1295 de
1406 1256 1530 1300 Staël,
1558 1255 1603 1294 de
1619 1255 1748 1294 Genlis

284 1312 321 1344 et
347 1307 400 1344 l'ai
408 1308 480 1345 lien
495 1319 503 1354 ;
529 1307 605 1344 M°°°
626 1307 753 1357 Saqui.
781 1328 823 1335 —
847 1309 871 1344 A
898 1307 933 1345 la
956 1307 1004 1345 fin
1023 1307 1068 1345 du
1091 1307 1280 1356 catalogue
1307 1312 1391 1345 sont
1422 1307 1484 1344 des
1507 1307 1575 1344 lots
1593 1305 1638 1344 de
1659 1317 1744 1356 por¬

285 1356 392 1394 traits
413 1358 542 1406 gravés
577 1369 621 1395 ou
657 1355 935 1407 lithographiés,
967 1357 1031 1395 des
1066 1356 1280 1405 fac-similé,
1316 1358 1382 1395 des
1412 1355 1676 1406 lithographies
1705 1355 1751 1393 de

288 1405 414 1451 Raffct,
433 1406 537 1445 Carie
556 1412 593 1445 et
613 1406 752 1445 Horace
772 1406 919 1446 Vcrnet.
943 1406 1028 1457 Ilip.
1051 1406 1236 1456 Bellangé,
1259 1411 1328 1445 etc.

661 1623 900 1670 VARIÉTÉS
926 1623 1369 1669 RÉTROSPECTIVES.

340 1732 407 1770 Les
429 1730 674 1782 autographes
700 1730 746 1770 de
768 1731 802 1769 la
822 1730 1015 1769 collection
1042 1730 1088 1770 de
1120 1732 1176 1771 feu
1201 1731 1248 1770 M.
1275 1730 1433 1780 Gegner,
1466 1730 1528 1780 qui
1566 1735 1654 1768 vont
1676 1731 1755 1769 être

289 1781 474 1831 dispersés
497 1781 531 1819 le
549 1781 572 1818 9
591 1780 684 1819 avril
706 1792 772 1831 par
791 1781 824 1818 le
855 1787 1019 1819 marteau
1048 1781 1096 1820 du
1130 1779 1563 1830 commissaire-priseur,
1588 1780 1756 1819 auraient

293 1844 338 1881 pu
356 1842 449 1869 nous
473 1830 611 1869 fournir
630 1842 702 1869 une
722 1831 843 1881 ample
871 1830 1032 1869 moisson
1060 1843 1149 1881 pour
1176 1842 1237 1869 ces
1256 1830 1414 1869 variétés
1429 1843 1437 1877 ;
1460 1830 1552 1868 mais
1572 1842 1664 1869 nous
1686 1830 1755 1868 de¬

294 1892 384 1919 vons
400 1892 489 1919 nous
504 1886 696 1920 contenter
716 1881 781 1919 des
802 1880 979 1930 quelques
999 1881 1152 1919 extraits
1182 1881 1360 1930 ci-après,
1387 1880 1450 1930 qui
1479 1880 1647 1919 suffiront
1667 1892 1756 1930 pour

292 1930 433 1969 donner
461 1942 535 1970 une
559 1931 639 1970 idée
676 1931 722 1969 de
742 1930 905 1969 l'intérêt
932 1930 979 1969 de
1003 1931 1181 1971 curiosité
1213 1929 1365 1980 offre
1402 1936 1497 1969 cette
1534 1931 1648 1980 petite
1685 1931 1759 1968 col¬

297 1981 433 2019 lection
457 1993 464 2018 :

348 2031 394 2068 Le
415 2030 594 2069 maréchal
621 2030 792 2080 Bugeaud
820 2029 920 2068 avait
946 2032 1143 2080 remporté,
1170 2030 1204 2069 le
1224 2030 1273 2068 14
1294 2030 1382 2068 août
1414 2030 1525 2073 1844,
1552 2029 1587 2067 la
1607 2029 1760 2068 victoire

295 2080 423 2131 d’Isly,
457 2085 506 2125 et,
541 2081 573 2119 le
593 2080 634 2118 11
665 2079 872 2131 septembre
903 2079 1064 2125 suivant,
1089 2081 1113 2119 il
1143 2092 1189 2119 en
1217 2079 1420 2131 appréciait
1442 2079 1536 2118 ainsi
1558 2079 1610 2118 les
1629 2081 1760 2118 consé¬

296 2142 455 2180 quences
475 2130 682 2180 probables,
715 2130 807 2169 dans
828 2141 899 2168 une
928 2129 1035 2169 lettre
1055 2130 1187 2169 intime
1212 2133 1234 2169 à
1255 2141 1302 2168 un
1327 2130 1401 2168 ami
1426 2130 1488 2180 qui
1524 2130 1556 2168 le
1583 2128 1760 2168 comblait

299 2180 459 2227 d’éloges
478 2192 485 2217 :

351 2245 369 2266 «
389 2230 458 2268 J’ai
480 2229 514 2267 la
528 2230 715 2268 confiance
733 2241 805 2279 que
822 2230 856 2267 la
873 2229 1025 2268 victoire
1040 2230 1153 2281 d’Isly
1171 2241 1193 2268 a
1211 2229 1397 2268 consolidé
1419 2229 1454 2268 la
1472 2228 1694 2267 soumission
1715 2229 1761 2267 de

300 2280 484 2329 l’Algérie.
509 2280 767 2329 L’impression
790 2291 837 2318 en
859 2290 880 2317 a
900 2280 958 2318 été
991 2280 1130 2329 grande
1147 2286 1183 2319 et
1215 2279 1325 2318 l’effet
1356 2291 1402 2318 en
1420 2290 1502 2318 sera
1527 2278 1681 2317 durable
1699 2290 1762 2317 sur

303 2331 353 2368 les
372 2329 505 2378 esprits
520 2329 584 2368 des
606 2329 751 2368 Arabes.
779 2329 956 2379 J’appelle
974 2330 1019 2368 de
1040 2336 1120 2369 tous
1146 2340 1222 2369 mes
1244 2340 1348 2367 vœux
1386 2330 1438 2368 les
1456 2328 1689 2367 conclusions
1716 2328 1762 2367 de

302 2391 368 2419 nos
381 2379 579 2417 différends
598 2391 685 2417 avec
702 2380 735 2418 le
750 2379 891 2425 Maroc;
918 2379 1008 2418 mais
1030 2386 1087 2418 cet
1107 2381 1247 2430 empire
1269 2391 1290 2417 a
1307 2379 1421 2429 perdu
1445 2390 1511 2417 son
1533 2378 1705 2428 prestige,
1727 2384 1764 2416 et

300 2440 345 2467 ne
367 2435 453 2479 peut
474 2429 663 2467 redevenir
681 2429 889 2478 dangereux
909 2440 981 2478 que
996 2430 1051 2468 s’il
1073 2436 1129 2467 est
1143 2435 1298 2468 soutenu
1322 2440 1387 2478 par
1407 2429 1458 2466 les
1477 2427 1632 2466 conseils
1654 2434 1692 2466 et
1712 2428 1764 2466 les

300 2490 446 2517 secours
461 2478 570 2517 d’une
590 2479 781 2528 puissance
797 2481 1040 2529 européenne.
1063 2479 1093 2516 Il
1116 2491 1140 2529 y
1159 2490 1180 2517 a
1200 2480 1270 2517 lieu
1290 2479 1475 2527 d’espérer
1498 2488 1569 2528 que
1591 2478 1624 2516 la
1649 2477 1768 2526 diplo¬

302 2529 414 2567 matie
434 2540 527 2567 nous
551 2530 753 2578 épargnera
774 2534 869 2567 cette
894 2529 1059 2567 nouvelle
1078 2529 1351 2579 complication,
1382 2534 1419 2567 et
1447 2539 1518 2578 que
1548 2539 1638 2566 nous
1668 2527 1764 2565 n’at¬

302 2577 477 2616 tendrons
500 2589 561 2627 pas
583 2579 789 2629 longtemps
814 2590 862 2616 un
889 2584 1150 2627 arrangement
1175 2579 1359 2616 conforme
1381 2580 1401 2617 h
1428 2588 1495 2616 nos
1519 2577 1672 2616 intérêts
1691 2583 1728 2616 et
1744 2579 1764 2615 à
