1841 2972
826 165 873 174 —
901 146 949 184 24
981 166 1025 173 -

200 243 287 280 4505
310 243 370 277 Le
387 243 543 277 même.
563 261 605 267 —
625 242 667 277 L.
689 253 723 278 a.
746 253 777 278 s.
798 253 848 277 au
869 243 1015 287 même;
1041 242 1242 286 Londres,
1272 245 1294 278 5
1325 252 1414 277 nov.
1450 243 1546 284 1868,
1581 242 1594 274 1
1629 249 1665 284 p.

311 287 409 330 in-8,
429 286 661 331 enveloppe.
1581 286 1603 319 2
1649 296 1667 316 »

200 333 287 369 4506
310 332 567 366 Ferdinand
586 332 658 373 I«r,
683 341 895 377 empereur
919 331 1206 377 d’Allemagne,
1233 331 1339 365 frère
1369 332 1410 366 et
1437 338 1670 365 successeur

312 376 359 411 de
380 375 711 419 Charles-Quint,
733 376 857 411 ferme
884 386 1025 411 envers
1051 376 1090 411 la
1115 386 1212 410 cour
1241 375 1287 410 de
1318 375 1466 417 Rome,
1493 372 1670 409 tolérant

312 431 414 462 pour
432 420 489 455 les
508 419 727 457 Réformés.—
788 421 833 458 L.
848 420 922 466 sIg.
938 431 986 456 en
1000 420 1117 464 latin,
1133 431 1183 454 au
1198 419 1378 455 cardinal
1392 416 1642 455 Carracciolo
1658 430 1667 462 ;

312 455 480 506 Vienne,
503 467 539 499 17
556 463 669 510 janv.
694 467 789 508 1537,
813 468 825 500 1
850 476 885 510 p.
908 465 1010 507 in-f.,
1032 465 1183 500 cachet.
1205 466 1293 499 Belle
1307 466 1410 508 pièce.
1580 463 1601 497 3
1649 474 1665 494 »

315 501 629 553 Garibaldi'(G.
642 509 667 553 ),
692 509 727 544 le
747 509 864 544 héros
885 509 931 544 de
952 508 1277 552 l’indépendance
1297 505 1508 545 italienne.—L.
1633 516 1668 540 a.

315 564 360 596 s.,
382 564 431 587 en
451 552 638 601 français,
660 553 682 587 à
701 553 752 588 M.
773 554 821 589 R.
843 553 1027 588 Gromier
1041 566 1049 597 ;
1071 554 1256 598 Caprera,
1280 555 1320 587 12
1333 551 1444 597 janv.
1468 553 1572 592 1869,
1595 551 1608 583 1
1632 560 1669 595 p.

312 598 408 639 in-8,
430 598 660 642 enveloppe.
682 597 981 633 Très-curieuse
1001 596 1127 641 épître
1148 597 1358 642 politique.
1565 595 1604 629 17
1651 607 1667 626 »

200 643 287 677 4508
307 642 557 685 Gronovius(
581 641 616 686 J.-Fréd.),
810 642 970 677 illustre
991 641 1239 686 philologue,
1254 641 1336 675 l’un
1350 641 1418 675 des
1432 639 1670 685 principaux

312 687 651 721 commentateurs
671 686 738 721 des
758 686 975 737 classiques
998 688 1187 721 Variorum.
1207 706 1248 711 —
1261 685 1304 721 L.
1327 696 1360 723 a.
1382 695 1427 727 s.,
1448 695 1497 718 en
1517 683 1633 725 latin,
1649 683 1670 716 à

313 730 369 766 Cl.
392 730 617 773 Saumaise;
639 730 678 766 la
696 730 821 776 Haye,
840 734 861 765 7
876 730 1019 776 juillet
1040 732 1137 773 1637,
1178 733 1189 765 1
1223 740 1259 776 p.
1301 731 1363 772 1/2
1401 728 1527 774 grand
1565 727 1669 770 in-f.,

314 774 466 810 cachet.
1562 774 1603 807 12
1650 783 1665 803 »

357 820 491 856 Superbe
506 822 535 849 et
550 819 743 850 intéressante
758 820 849 856 épître
867 819 1020 856 littéraire,
1035 819 1155 850 relative
1170 819 1187 850 à
1204 818 1371 850 Manilius.

201 859 288 894 4509
312 858 544 902 Malherbe
563 858 646 902 (Fr.
667 858 754 909 de),
776 858 811 893 le
833 859 1113 893 restaurateur
1131 857 1177 892 de
1198 858 1237 892 la
1256 857 1389 902 poésie
1409 854 1666 904 française.—

312 903 441 941 Quitt.
463 902 538 947 sig.
560 912 630 937 sur
647 902 779 946 vélin,
800 905 838 938 31
855 902 951 948 juil.
975 905 1071 945 1617,
1093 903 1185 937 in-8.
1206 904 1295 937 Belle
1308 903 1411 946 pièce.
1561 901 1600 933 18
1648 911 1664 930 »

358 948 437 985 Reçu
457 949 493 977 de
511 948 568 977 400
586 948 636 979 liv.
656 956 768 978 comme
786 948 893 986 écuyer
911 955 945 977 en
965 948 1082 978 l’écurie
1098 948 1135 978 du
1151 947 1205 978 roi.

200 987 286 1021 4510
309 987 410 1020 Van
428 986 602 1030 Witelli
622 986 835 1031 (Gaspard),
856 985 1013 1021 célèbre
1034 985 1191 1030 peintre
1212 984 1438 1030 paysagiste
1460 983 1507 1018 de
1522 981 1667 1017 l’Ecole

313 1030 505 1073 romaine,
536 1031 583 1064 né
609 1030 631 1064 à
658 1030 841 1073 Utrecht,
872 1029 1101 1065 surnommé
1132 1031 1280 1080 Gaspare
1309 1030 1399 1072 degli
1429 1028 1589 1063 Occhiali.
1626 1045 1668 1051 —

314 1074 493 1119 Paysage
514 1073 669 1109 dessiné
689 1075 711 1109 à
730 1075 768 1109 la
788 1075 935 1120 plume,
955 1074 1031 1119 sig.
1053 1074 1099 1109 de
1120 1084 1181 1109 ses
1201 1073 1394 1115 initiales,
1415 1082 1509 1107 avec
1528 1071 1564 1107 le
1585 1071 1667 1105 lieu

313 1120 354 1154 et
374 1121 413 1154 la
432 1118 522 1153 date
538 1119 621 1154 aut.
634 1131 642 1163 ;
663 1118 834 1162 Marino,
858 1121 898 1154 15
916 1119 995 1153 mai
1018 1121 1114 1162 1714,
1135 1118 1224 1153 in-f.
1565 1118 1604 1150 12
1651 1127 1668 1147 »

770 1238 1098 1285 PRIME

235 1312 593 1346 exclusivement
631 1312 842 1345 réservée
885 1320 973 1344 aux
1012 1311 1224 1344 Abonnés
1266 1310 1321 1344 de
1360 1310 1406 1343 la
1448 1309 1635 1344 REVUE

656 1373 760 1407 DES
802 1371 1215 1406 AUTOGRAPHES

523 1483 1353 1549 CORRESPONDANCE

886 1567 983 1590 ENTRE

223 1615 711 1705 BOILEAU
789 1617 919 1705 ET
995 1615 1647 1705 BR0SSETTE

874 1722 999 1751 PUBLIÉE

458 1769 521 1800 SUR
548 1769 608 1800 LES
631 1768 841 1800 MANUSCRITS
864 1768 1055 1800 ORIGINAUX
1079 1769 1122 1799 EN
1145 1769 1266 1801 PARTIE
1289 1760 1421 1800 INÉDITS

906 1815 961 1836 PAU

695 1849 881 1886 Auguste
907 1848 1180 1885 LAVERDET

862 1902 937 1925 AVEC
960 1903 1017 1924 l!NE

528 1944 891 1989 INTRODUCTION
927 1945 990 1989 DE
1022 1943 1168 1990 JULES
1199 1945 1358 1991 JANIN.

292 2087 351 2122 Un
371 2088 530 2122 volume
550 2087 649 2122 in-8°
671 2087 717 2122 de
737 2089 803 2122 640
823 2097 955 2132 pages,
978 2087 1161 2129 imprimé
1183 2098 1231 2122 en
1261 2090 1344 2122 1858
1369 2098 1440 2133 par
1460 2089 1513 2124 M.
1535 2089 1667 2141 Claye,

202 2142 272 2167 sur
291 2132 428 2177 papier
448 2131 559 2166 carré
579 2132 701 2174 vélin,
729 2131 854 2166 choisi
881 2142 952 2176 par
971 2129 1159 2166 l’éditeur
1183 2131 1404 2175 lui-même,
1426 2143 1520 2167 avec
1544 2135 1564 2167 6
1588 2134 1668 2168 fac-

202 2175 333 2210 similé
355 2175 541 2211 exécutés
561 2186 655 2210 avec
674 2175 774 2218 soin,
796 2178 836 2210 et
855 2175 893 2210 la
914 2175 1147 2220 généalogie
1169 2175 1214 2210 de
1235 2175 1414 2212 Boileau.

291 2220 341 2255 Ce
362 2220 605 2265 magnifique
625 2220 782 2254 volume
803 2219 850 2254 de
873 2219 1148 2265 bibliothèque
1175 2222 1235 2258 est
1259 2220 1296 2255 le
1322 2221 1586 2266 complément
1611 2221 1669 2256 in¬

202 2263 452 2310 dispensable
473 2263 519 2298 de
540 2266 672 2299 toutes
699 2264 755 2299 les
775 2263 948 2299 éditions
968 2264 1017 2299 de
1035 2263 1216 2307 Boileau,-même
1386 2265 1433 2300 de
1459 2265 1579 2301 celles
1599 2266 1666 2311 qui

201 2319 242 2343 86
263 2308 496 2353 publieront
517 2308 539 2342 à
558 2308 737 2350 l’avenir,
758 2312 827 2343 tous
846 2309 951 2343 droits
968 2312 1060 2343 étant
1079 2311 1217 2344 rései'oés
1238 2313 1342 2354 pour
1367 2309 1405 2344 la
1429 2309 1557 2355 partie
1583 2309 1667 2344 iné¬

202 2352 299 2388 dite.

530 2398 598 2430 Au
620 2397 709 2430 lieu
733 2397 788 2431 de
813 2397 867 2431 10
890 2397 1047 2432 fr.
1096 2396 1174 2431 UN
1198 2397 1340 2433 franc.

315 2452 482 2495 Franco,
502 2462 567 2495 par
586 2453 619 2485 la
637 2454 731 2486 Poste
751 2463 760 2485 :
786 2455 922 2492 France,
945 2453 958 2494 1
981 2453 1029 2494 fr.
1050 2454 1112 2492 80;
1194 2455 1370 2495 Etranger,
1392 2454 1412 2495 2
1429 2454 1478 2495 fr.
1499 2455 1556 2487 50.

466 2576 561 2605 Rouen,
584 2576 607 2602 J.
624 2577 731 2607 Lecerf,
747 2577 894 2609 imprimeur
906 2578 935 2601 de
945 2577 970 2603 la
985 2577 1051 2603 Coui
1067 2578 1196 2609 impériale
1208 2579 1231 2602 et
1241 2579 1272 2603 de
1283 2578 1305 2602 ia
1321 2579 1417 2603 Mairie.
