<?xml version="1.0" encoding="UTF-8" standalone="yes"?>
<PcGts xmlns="http://schema.primaresearch.org/PAGE/gts/pagecontent/2013-07-15" xmlns:xsi="http://www.w3.org/2001/XMLSchema-instance" xsi:schemaLocation="http://schema.primaresearch.org/PAGE/gts/pagecontent/2013-07-15 http://schema.primaresearch.org/PAGE/gts/pagecontent/2013-07-15/pagecontent.xsd">
    <Metadata>
        <Creator></Creator>
        <Created>2018-04-27T11:51:16.402+02:00</Created>
        <LastChange>2018-09-28T23:28:25.481+02:00</LastChange>
        <Comments>
                Measurement unit: pixel
                PrimaryLanguage: English
                Language: FrenchStandard
                Producer: ABBYY FineReader Engine 11</Comments>
        <TranskribusMetadata docId="164153" pageId="6045929" pageNr="116" tsid="10278024" status="DONE" userId="10612" imgUrl="https://files.transkribus.eu/Get?id=MWLQNIQOIOBHICRRGHNUUBIR&amp;fileType=view" xmlUrl="https://files.transkribus.eu/Get?id=CQNIBUEAEXXZCVBFEZFSRNJB" imageId="1316194"/>
    </Metadata>
    <Page imageFilename="2-REV DES AUTO 1868-69 OCR-116.png" imageWidth="1841" imageHeight="2972">
        <PrintSpace>
            <Coords points="254,168 1752,168 1752,2582 254,2582"/>
        </PrintSpace>
        <ReadingOrder>
            <OrderedGroup id="ro_1604139646051" caption="Regions reading order">
                <RegionRefIndexed index="0" regionRef="r_1_1"/>
                <RegionRefIndexed index="1" regionRef="r_2_1"/>
                <RegionRefIndexed index="2" regionRef="r_2_2"/>
                <RegionRefIndexed index="3" regionRef="r_2_3"/>
                <RegionRefIndexed index="4" regionRef="r_2_4"/>
                <RegionRefIndexed index="5" regionRef="r_2_5"/>
            </OrderedGroup>
        </ReadingOrder>
        <TextRegion type="paragraph" id="r_1_1" custom="readingOrder {index:0;}">
            <Coords points="915,176 1091,176 1091,214 915,214"/>
            <TextLine id="tl_1" primaryLanguage="English" custom="readingOrder {index:0;}">
                <Coords points="916,177 1090,177 1090,213 916,213"/>
                <Baseline points="916,213 1090,213"/>
                <Word id="w_w1aab1b1b2b1b1ab1" language="English" custom="readingOrder {index:0;}">
                    <Coords points="916,177 964,177 964,213 916,213"/>
                    <TextEquiv>
                        <Unicode>—</Unicode>
                    </TextEquiv>
                    <TextStyle fontFamily="Times New Roman" fontSize="4.5"/>
                </Word>
                <Word id="w_w1aab1b1b2b1b1b1b1" language="English" custom="readingOrder {index:1;}">
                    <Coords points="992,177 1014,177 1014,213 992,213"/>
                    <TextEquiv>
                        <Unicode>4</Unicode>
                    </TextEquiv>
                    <TextStyle fontFamily="Times New Roman" fontSize="9.0" bold="true"/>
                </Word>
                <Word id="w_w1aab1b1b2b1b1b2b3" language="English" custom="readingOrder {index:2;}">
                    <Coords points="1042,197 1090,197 1090,205 1042,205"/>
                    <TextEquiv>
                        <Unicode>—</Unicode>
                    </TextEquiv>
                    <TextStyle fontFamily="Times New Roman" fontSize="4.5"/>
                </Word>
                <TextEquiv>
                    <Unicode>— 4 —</Unicode>
                </TextEquiv>
            </TextLine>
            <TextEquiv>
                <Unicode>— 4 —</Unicode>
            </TextEquiv>
        </TextRegion>
        <TextRegion type="paragraph" id="r_2_1" custom="readingOrder {index:1;}">
            <Coords points="275,273 1741,273 1741,427 275,427"/>
            <TextLine id="tl_2" primaryLanguage="English" custom="readingOrder {index:0;}">
                <Coords points="277,274 1739,274 1739,326 277,326"/>
                <Baseline points="277,313 1739,313"/>
                <Word id="w_w1aab1b3b2b1b1ab1" language="English" custom="readingOrder {index:0;}">
                    <Coords points="277,275 407,275 407,315 277,315"/>
                    <TextEquiv>
                        <Unicode>Michel</Unicode>
                    </TextEquiv>
                    <TextStyle fontFamily="Times New Roman" fontSize="8.5"/>
                </Word>
                <Word id="w_w1aab1b3b2b1b1ac15" language="English" custom="readingOrder {index:1;}">
                    <Coords points="449,276 458,276 458,326 449,326"/>
                    <TextEquiv>
                        <Unicode>(</Unicode>
                    </TextEquiv>
                    <TextStyle fontFamily="Times New Roman" fontSize="8.5"/>
                </Word>
                <Word id="w_w1aab1b3b2b1b1ac19" language="English" custom="readingOrder {index:2;}">
                    <Coords points="471,275 517,275 517,315 471,315"/>
                    <TextEquiv>
                        <Unicode>de</Unicode>
                    </TextEquiv>
                    <TextStyle fontFamily="Times New Roman" fontSize="8.5"/>
                </Word>
                <Word id="w_w1aab1b3b2b1b1ac25" language="English" custom="readingOrder {index:3;}">
                    <Coords points="537,276 570,276 570,315 537,315"/>
                    <TextEquiv>
                        <Unicode>là</Unicode>
                    </TextEquiv>
                    <TextStyle fontFamily="Times New Roman" fontSize="8.5"/>
                </Word>
                <Word id="w_w1aab1b3b2b1b1ac31" language="English" custom="readingOrder {index:4;}">
                    <Coords points="592,275 624,275 624,313 592,313"/>
                    <TextEquiv>
                        <Unicode>le</Unicode>
                    </TextEquiv>
                    <TextStyle fontFamily="Times New Roman" fontSize="8.5"/>
                </Word>
                <Word id="w_w1aab1b3b2b1b1ac37" language="English" custom="readingOrder {index:5;}">
                    <Coords points="644,286 727,286 727,313 644,313"/>
                    <TextEquiv>
                        <Unicode>nom</Unicode>
                    </TextEquiv>
                    <TextStyle fontFamily="Times New Roman" fontSize="8.5"/>
                </Word>
                <Word id="w_w1aab1b3b2b1b1ac45" language="English" custom="readingOrder {index:6;}">
                    <Coords points="748,276 792,276 792,312 748,312"/>
                    <TextEquiv>
                        <Unicode>de</Unicode>
                    </TextEquiv>
                    <TextStyle fontFamily="Times New Roman" fontSize="8.5"/>
                </Word>
                <Word id="w_w1aab1b3b2b1b1b1b1" language="English" custom="readingOrder {index:7;}">
                    <Coords points="814,274 911,274 911,312 814,312"/>
                    <TextEquiv>
                        <Unicode>mère</Unicode>
                    </TextEquiv>
                    <TextStyle fontFamily="Times New Roman" fontSize="8.5" italic="true"/>
                </Word>
                <Word id="w_w1aab1b3b2b1b1b1c11" language="English" custom="readingOrder {index:8;}">
                    <Coords points="932,275 1072,275 1072,313 932,313"/>
                    <TextEquiv>
                        <Unicode>Michel</Unicode>
                    </TextEquiv>
                    <TextStyle fontFamily="Times New Roman" fontSize="8.5" italic="true"/>
                </Word>
                <Word id="w_w1aab1b3b2b1b1b2b3" language="English" custom="readingOrder {index:9;}">
                    <Coords points="1091,275 1201,275 1201,325 1091,325"/>
                    <TextEquiv>
                        <Unicode>qu’on</Unicode>
                    </TextEquiv>
                    <TextStyle fontFamily="Times New Roman" fontSize="8.5"/>
                </Word>
                <Word id="w_w1aab1b3b2b1b1b2c15" language="English" custom="readingOrder {index:10;}">
                    <Coords points="1223,275 1271,275 1271,313 1223,313"/>
                    <TextEquiv>
                        <Unicode>lui</Unicode>
                    </TextEquiv>
                    <TextStyle fontFamily="Times New Roman" fontSize="8.5"/>
                </Word>
                <Word id="w_w1aab1b3b2b1b1b2c23" language="English" custom="readingOrder {index:11;}">
                    <Coords points="1287,287 1308,287 1308,313 1287,313"/>
                    <TextEquiv>
                        <Unicode>a</Unicode>
                    </TextEquiv>
                    <TextStyle fontFamily="Times New Roman" fontSize="8.5"/>
                </Word>
                <Word id="w_w1aab1b3b2b1b1b2c27" language="English" custom="readingOrder {index:12;}">
                    <Coords points="1323,275 1445,275 1445,313 1323,313"/>
                    <TextEquiv>
                        <Unicode>donné</Unicode>
                    </TextEquiv>
                    <TextStyle fontFamily="Times New Roman" fontSize="8.5"/>
                </Word>
                <Word id="w_w1aab1b3b2b1b1b2c39" language="English" custom="readingOrder {index:13;}">
                    <Coords points="1460,275 1554,275 1554,313 1460,313"/>
                    <TextEquiv>
                        <Unicode>dans</Unicode>
                    </TextEquiv>
                    <TextStyle fontFamily="Times New Roman" fontSize="8.5"/>
                </Word>
                <Word id="w_w1aab1b3b2b1b1b2c49" language="English" custom="readingOrder {index:14;}">
                    <Coords points="1570,275 1620,275 1620,313 1570,313"/>
                    <TextEquiv>
                        <Unicode>les</Unicode>
                    </TextEquiv>
                    <TextStyle fontFamily="Times New Roman" fontSize="8.5"/>
                </Word>
                <Word id="w_w1aab1b3b2b1b1b2c57" language="English" custom="readingOrder {index:15;}">
                    <Coords points="1636,276 1739,276 1739,325 1636,325"/>
                    <TextEquiv>
                        <Unicode>jour¬</Unicode>
                    </TextEquiv>
                    <TextStyle fontFamily="Times New Roman" fontSize="8.5"/>
                </Word>
                <TextEquiv>
                    <Unicode>Michel (de là le nom de mère Michel qu’on lui a donné dans les jour¬</Unicode>
                </TextEquiv>
            </TextLine>
            <TextLine id="tl_3" primaryLanguage="English" custom="readingOrder {index:1;}">
                <Coords points="276,324 1740,324 1740,376 276,376"/>
                <Baseline points="276,363 1740,363"/>
                <Word id="w_w1aab1b3b2b1b3ab1" language="English" custom="readingOrder {index:0;}">
                    <Coords points="276,338 371,338 371,364 276,364"/>
                    <TextEquiv>
                        <Unicode>naux</Unicode>
                    </TextEquiv>
                    <TextStyle fontFamily="Times New Roman" fontSize="8.5"/>
                </Word>
                <Word id="w_w1aab1b3b2b1b3ac11" language="English" custom="readingOrder {index:1;}">
                    <Coords points="387,326 413,326 413,376 387,376"/>
                    <TextEquiv>
                        <Unicode>),</Unicode>
                    </TextEquiv>
                    <TextStyle fontFamily="Times New Roman" fontSize="8.5"/>
                </Word>
                <Word id="w_w1aab1b3b2b1b3ac17" language="English" custom="readingOrder {index:2;}">
                    <Coords points="435,333 470,333 470,365 435,365"/>
                    <TextEquiv>
                        <Unicode>et</Unicode>
                    </TextEquiv>
                    <TextStyle fontFamily="Times New Roman" fontSize="8.5"/>
                </Word>
                <Word id="w_w1aab1b3b2b1b3ac23" language="English" custom="readingOrder {index:3;}">
                    <Coords points="486,326 610,326 610,364 486,364"/>
                    <TextEquiv>
                        <Unicode>donna</Unicode>
                    </TextEquiv>
                    <TextStyle fontFamily="Times New Roman" fontSize="8.5"/>
                </Word>
                <Word id="w_w1aab1b3b2b1b3ac35" language="English" custom="readingOrder {index:4;}">
                    <Coords points="625,336 697,336 697,364 625,364"/>
                    <TextEquiv>
                        <Unicode>une</Unicode>
                    </TextEquiv>
                    <TextStyle fontFamily="Times New Roman" fontSize="8.5"/>
                </Word>
                <Word id="w_w1aab1b3b2b1b3ac43" language="English" custom="readingOrder {index:5;}">
                    <Coords points="716,325 877,325 877,364 716,364"/>
                    <TextEquiv>
                        <Unicode>adresse.</Unicode>
                    </TextEquiv>
                    <TextStyle fontFamily="Times New Roman" fontSize="8.5"/>
                </Word>
                <Word id="w_w1aab1b3b2b1b3ac61" language="English" custom="readingOrder {index:6;}">
                    <Coords points="900,324 1157,324 1157,364 900,364"/>
                    <TextEquiv>
                        <Unicode>Informations</Unicode>
                    </TextEquiv>
                    <TextStyle fontFamily="Times New Roman" fontSize="8.5"/>
                </Word>
                <Word id="w_w1aab1b3b2b1b3ac87" language="English" custom="readingOrder {index:7;}">
                    <Coords points="1180,324 1314,324 1314,375 1180,375"/>
                    <TextEquiv>
                        <Unicode>prises,</Unicode>
                    </TextEquiv>
                    <TextStyle fontFamily="Times New Roman" fontSize="8.5"/>
                </Word>
                <Word id="w_w1aab1b3b2b1b3ad103" language="English" custom="readingOrder {index:8;}">
                    <Coords points="1342,324 1490,324 1490,364 1342,364"/>
                    <TextEquiv>
                        <Unicode>adresse</Unicode>
                    </TextEquiv>
                    <TextStyle fontFamily="Times New Roman" fontSize="8.5"/>
                </Word>
                <Word id="w_w1aab1b3b2b1b3ad119" language="English" custom="readingOrder {index:9;}">
                    <Coords points="1522,331 1558,331 1558,364 1522,364"/>
                    <TextEquiv>
                        <Unicode>et</Unicode>
                    </TextEquiv>
                    <TextStyle fontFamily="Times New Roman" fontSize="8.5"/>
                </Word>
                <Word id="w_w1aab1b3b2b1b3ad125" language="English" custom="readingOrder {index:10;}">
                    <Coords points="1588,336 1671,336 1671,363 1588,363"/>
                    <TextEquiv>
                        <Unicode>nom</Unicode>
                    </TextEquiv>
                    <TextStyle fontFamily="Times New Roman" fontSize="8.5"/>
                </Word>
                <Word id="w_w1aab1b3b2b1b3ad133" language="English" custom="readingOrder {index:11;}">
                    <Coords points="1701,336 1740,336 1740,363 1701,363"/>
                    <TextEquiv>
                        <Unicode>se</Unicode>
                    </TextEquiv>
                    <TextStyle fontFamily="Times New Roman" fontSize="8.5"/>
                </Word>
                <TextEquiv>
                    <Unicode>naux), et donna une adresse. Informations prises, adresse et nom se</Unicode>
                </TextEquiv>
                <TextStyle fontFamily="Times New Roman" fontSize="8.5"/>
            </TextLine>
            <TextLine id="tl_4" primaryLanguage="English" custom="readingOrder {index:2;}">
                <Coords points="277,375 1734,375 1734,426 277,426"/>
                <Baseline points="277,414 1734,414"/>
                <Word id="w_w1aab1b3b2b1b5ab1" language="English" custom="readingOrder {index:0;}">
                    <Coords points="277,381 485,381 485,415 277,415"/>
                    <TextEquiv>
                        <Unicode>trouvèrent</Unicode>
                    </TextEquiv>
                    <TextStyle fontFamily="Times New Roman" fontSize="8.5"/>
                </Word>
                <Word id="w_w1aab1b3b2b1b5ac23" language="English" custom="readingOrder {index:1;}">
                    <Coords points="503,376 596,376 596,415 503,415"/>
                    <TextEquiv>
                        <Unicode>faux.</Unicode>
                    </TextEquiv>
                    <TextStyle fontFamily="Times New Roman" fontSize="8.5"/>
                </Word>
                <Word id="w_w1aab1b3b2b1b5ac35" language="English" custom="readingOrder {index:2;}">
                    <Coords points="624,375 650,375 650,414 624,414"/>
                    <TextEquiv>
                        <Unicode>Il</Unicode>
                    </TextEquiv>
                    <TextStyle fontFamily="Times New Roman" fontSize="8.5"/>
                </Word>
                <Word id="w_w1aab1b3b2b1b5ac41" language="English" custom="readingOrder {index:3;}">
                    <Coords points="669,387 714,387 714,414 669,414"/>
                    <TextEquiv>
                        <Unicode>en</Unicode>
                    </TextEquiv>
                    <TextStyle fontFamily="Times New Roman" fontSize="8.5"/>
                </Word>
                <Word id="w_w1aab1b3b2b1b5ac47" language="English" custom="readingOrder {index:4;}">
                    <Coords points="729,375 819,375 819,414 729,414"/>
                    <TextEquiv>
                        <Unicode>était</Unicode>
                    </TextEquiv>
                    <TextStyle fontFamily="Times New Roman" fontSize="8.5"/>
                </Word>
                <Word id="w_w1aab1b3b2b1b5ac59" language="English" custom="readingOrder {index:5;}">
                    <Coords points="834,375 1188,375 1188,415 834,415"/>
                    <TextEquiv>
                        <Unicode>malheureusement</Unicode>
                    </TextEquiv>
                    <TextStyle fontFamily="Times New Roman" fontSize="8.5"/>
                </Word>
                <Word id="w_w1aab1b3b2b1b5ac91" language="English" custom="readingOrder {index:6;}">
                    <Coords points="1202,375 1246,375 1246,413 1202,413"/>
                    <TextEquiv>
                        <Unicode>de</Unicode>
                    </TextEquiv>
                    <TextStyle fontFamily="Times New Roman" fontSize="8.5"/>
                </Word>
                <Word id="w_w1aab1b3b2b1b5ac97" language="English" custom="readingOrder {index:7;}">
                    <Coords points="1264,376 1382,376 1382,414 1264,414"/>
                    <TextEquiv>
                        <Unicode>même</Unicode>
                    </TextEquiv>
                    <TextStyle fontFamily="Times New Roman" fontSize="8.5"/>
                </Word>
                <Word id="w_w1aab1b3b2b1b5ad107" language="English" custom="readingOrder {index:8;}">
                    <Coords points="1398,376 1463,376 1463,414 1398,414"/>
                    <TextEquiv>
                        <Unicode>des</Unicode>
                    </TextEquiv>
                    <TextStyle fontFamily="Times New Roman" fontSize="8.5"/>
                </Word>
                <Word id="w_w1aab1b3b2b1b5ad115" language="English" custom="readingOrder {index:9;}">
                    <Coords points="1475,375 1734,375 1734,426 1475,426"/>
                    <TextEquiv>
                        <Unicode>autographes.</Unicode>
                    </TextEquiv>
                    <TextStyle fontFamily="Times New Roman" fontSize="8.5"/>
                </Word>
                <TextEquiv>
                    <Unicode>trouvèrent faux. Il en était malheureusement de même des autographes.</Unicode>
                </TextEquiv>
                <TextStyle fontFamily="Times New Roman" fontSize="8.5"/>
            </TextLine>
            <TextEquiv>
                <Unicode>Michel (de là le nom de mère Michel qu’on lui a donné dans les jour¬
naux), et donna une adresse. Informations prises, adresse et nom se
trouvèrent faux. Il en était malheureusement de même des autographes.</Unicode>
            </TextEquiv>
        </TextRegion>
        <TextRegion type="paragraph" id="r_2_2" custom="readingOrder {index:2;}">
            <Coords points="264,435 1740,435 1740,1132 264,1132"/>
            <TextLine id="tl_5" primaryLanguage="English" custom="readingOrder {index:0;}">
                <Coords points="326,436 1738,436 1738,487 326,487"/>
                <Baseline points="326,475 1738,475"/>
                <Word id="w_w1aab1b3b2b3b1ab1" language="English" custom="readingOrder {index:0;}">
                    <Coords points="326,438 373,438 373,476 326,476"/>
                    <TextEquiv>
                        <Unicode>M.</Unicode>
                    </TextEquiv>
                    <TextStyle fontFamily="Times New Roman" fontSize="8.5"/>
                </Word>
                <Word id="w_w1aab1b3b2b3b1ab7" language="English" custom="readingOrder {index:1;}">
                    <Coords points="402,437 539,437 539,486 402,486"/>
                    <TextEquiv>
                        <Unicode>Muffat,</Unicode>
                    </TextEquiv>
                    <TextStyle fontFamily="Times New Roman" fontSize="8.5"/>
                </Word>
                <Word id="w_w1aab1b3b2b3b1ac23" language="English" custom="readingOrder {index:2;}">
                    <Coords points="561,437 622,437 622,487 561,487"/>
                    <TextEquiv>
                        <Unicode>qui</Unicode>
                    </TextEquiv>
                    <TextStyle fontFamily="Times New Roman" fontSize="8.5"/>
                </Word>
                <Word id="w_w1aab1b3b2b3b1ac31" language="English" custom="readingOrder {index:3;}">
                    <Coords points="641,437 738,437 738,475 641,475"/>
                    <TextEquiv>
                        <Unicode>avait</Unicode>
                    </TextEquiv>
                    <TextStyle fontFamily="Times New Roman" fontSize="8.5"/>
                </Word>
                <Word id="w_w1aab1b3b2b3b1ac43" language="English" custom="readingOrder {index:4;}">
                    <Coords points="756,448 870,448 870,486 756,486"/>
                    <TextEquiv>
                        <Unicode>conçu</Unicode>
                    </TextEquiv>
                    <TextStyle fontFamily="Times New Roman" fontSize="8.5"/>
                </Word>
                <Word id="w_w1aab1b3b2b3b1ac55" language="English" custom="readingOrder {index:5;}">
                    <Coords points="893,436 1072,436 1072,487 893,487"/>
                    <TextEquiv>
                        <Unicode>quelques</Unicode>
                    </TextEquiv>
                    <TextStyle fontFamily="Times New Roman" fontSize="8.5"/>
                </Word>
                <Word id="w_w1aab1b3b2b3b1ac73" language="English" custom="readingOrder {index:6;}">
                    <Coords points="1090,437 1232,437 1232,480 1090,480"/>
                    <TextEquiv>
                        <Unicode>doutes,</Unicode>
                    </TextEquiv>
                    <TextStyle fontFamily="Times New Roman" fontSize="8.5"/>
                </Word>
                <Word id="w_w1aab1b3b2b3b1ac89" language="English" custom="readingOrder {index:7;}">
                    <Coords points="1258,437 1298,437 1298,475 1258,475"/>
                    <TextEquiv>
                        <Unicode>fit</Unicode>
                    </TextEquiv>
                    <TextStyle fontFamily="Times New Roman" fontSize="8.5"/>
                </Word>
                <Word id="w_w1aab1b3b2b3b1ac97" language="English" custom="readingOrder {index:8;}">
                    <Coords points="1318,438 1506,438 1506,487 1318,487"/>
                    <TextEquiv>
                        <Unicode>présenter</Unicode>
                    </TextEquiv>
                    <TextStyle fontFamily="Times New Roman" fontSize="8.5"/>
                </Word>
                <Word id="w_w1aab1b3b2b3b1ad117" language="English" custom="readingOrder {index:9;}">
                    <Coords points="1537,448 1598,448 1598,476 1537,476"/>
                    <TextEquiv>
                        <Unicode>ces</Unicode>
                    </TextEquiv>
                    <TextStyle fontFamily="Times New Roman" fontSize="8.5"/>
                </Word>
                <Word id="w_w1aab1b3b2b3b1ad125" language="English" custom="readingOrder {index:10;}">
                    <Coords points="1631,442 1738,442 1738,475 1631,475"/>
                    <TextEquiv>
                        <Unicode>auto¬</Unicode>
                    </TextEquiv>
                    <TextStyle fontFamily="Times New Roman" fontSize="8.5"/>
                </Word>
                <TextEquiv>
                    <Unicode>M. Muffat, qui avait conçu quelques doutes, fit présenter ces auto¬</Unicode>
                </TextEquiv>
                <TextStyle fontFamily="Times New Roman" fontSize="8.5"/>
            </TextLine>
            <TextLine id="tl_6" primaryLanguage="English" custom="readingOrder {index:1;}">
                <Coords points="274,487 1739,487 1739,539 274,539"/>
                <Baseline points="274,526 1739,526"/>
                <Word id="w_w1aab1b3b2b3b3ab1" language="English" custom="readingOrder {index:0;}">
                    <Coords points="274,488 432,488 432,539 274,539"/>
                    <TextEquiv>
                        <Unicode>graphes</Unicode>
                    </TextEquiv>
                    <TextStyle fontFamily="Times New Roman" fontSize="8.5"/>
                </Word>
                <Word id="w_w1aab1b3b2b3b3ac17" language="English" custom="readingOrder {index:1;}">
                    <Coords points="451,491 471,491 471,526 451,526"/>
                    <TextEquiv>
                        <Unicode>à</Unicode>
                    </TextEquiv>
                    <TextStyle fontFamily="Times New Roman" fontSize="8.5"/>
                </Word>
                <Word id="w_w1aab1b3b2b3b3ac21" language="English" custom="readingOrder {index:2;}">
                    <Coords points="495,488 526,488 526,526 495,526"/>
                    <TextEquiv>
                        <Unicode>M</Unicode>
                    </TextEquiv>
                    <TextStyle fontFamily="Times New Roman" fontSize="8.5"/>
                </Word>
                <Word id="w_w1aab1b3b2b3b3ac25" language="English" custom="readingOrder {index:3;}">
                    <Coords points="569,487 723,487 723,527 569,527"/>
                    <TextEquiv>
                        <Unicode>Etienne</Unicode>
                    </TextEquiv>
                    <TextStyle fontFamily="Times New Roman" fontSize="8.5"/>
                </Word>
                <Word id="w_w1aab1b3b2b3b3ac41" language="English" custom="readingOrder {index:4;}">
                    <Coords points="738,487 942,487 942,535 738,535"/>
                    <TextEquiv>
                        <Unicode>Charavay,</Unicode>
                    </TextEquiv>
                    <TextStyle fontFamily="Times New Roman" fontSize="8.5"/>
                </Word>
                <Word id="w_w1aab1b3b2b3b3ac61" language="English" custom="readingOrder {index:5;}">
                    <Coords points="968,487 1029,487 1029,538 968,538"/>
                    <TextEquiv>
                        <Unicode>qui</Unicode>
                    </TextEquiv>
                    <TextStyle fontFamily="Times New Roman" fontSize="8.5"/>
                </Word>
                <Word id="w_w1aab1b3b2b3b3ac69" language="English" custom="readingOrder {index:6;}">
                    <Coords points="1051,487 1149,487 1149,526 1051,526"/>
                    <TextEquiv>
                        <Unicode>n’eut</Unicode>
                    </TextEquiv>
                    <TextStyle fontFamily="Times New Roman" fontSize="8.5"/>
                </Word>
                <Word id="w_w1aab1b3b2b3b3ac81" language="English" custom="readingOrder {index:7;}">
                    <Coords points="1166,498 1230,498 1230,538 1166,538"/>
                    <TextEquiv>
                        <Unicode>pas</Unicode>
                    </TextEquiv>
                    <TextStyle fontFamily="Times New Roman" fontSize="8.5"/>
                </Word>
                <Word id="w_w1aab1b3b2b3b3ac89" language="English" custom="readingOrder {index:8;}">
                    <Coords points="1256,487 1301,487 1301,525 1256,525"/>
                    <TextEquiv>
                        <Unicode>de</Unicode>
                    </TextEquiv>
                    <TextStyle fontFamily="Times New Roman" fontSize="8.5"/>
                </Word>
                <Word id="w_w1aab1b3b2b3b3ac95" language="English" custom="readingOrder {index:9;}">
                    <Coords points="1331,487 1439,487 1439,537 1331,537"/>
                    <TextEquiv>
                        <Unicode>peine</Unicode>
                    </TextEquiv>
                    <TextStyle fontFamily="Times New Roman" fontSize="8.5"/>
                </Word>
                <Word id="w_w1aab1b3b2b3b3ad107" language="English" custom="readingOrder {index:10;}">
                    <Coords points="1462,490 1482,490 1482,526 1462,526"/>
                    <TextEquiv>
                        <Unicode>à</Unicode>
                    </TextEquiv>
                    <TextStyle fontFamily="Times New Roman" fontSize="8.5"/>
                </Word>
                <Word id="w_w1aab1b3b2b3b3ad111" language="English" custom="readingOrder {index:11;}">
                    <Coords points="1506,487 1739,487 1739,525 1506,525"/>
                    <TextEquiv>
                        <Unicode>reconnaître</Unicode>
                    </TextEquiv>
                    <TextStyle fontFamily="Times New Roman" fontSize="8.5"/>
                </Word>
                <TextEquiv>
                    <Unicode>graphes à M Etienne Charavay, qui n’eut pas de peine à reconnaître</Unicode>
                </TextEquiv>
                <TextStyle fontFamily="Times New Roman" fontSize="8.5"/>
            </TextLine>
            <TextLine id="tl_7" primaryLanguage="English" custom="readingOrder {index:2;}">
                <Coords points="276,530 1738,530 1738,589 276,589"/>
                <Baseline points="276,576 1738,576"/>
                <Word id="w_w1aab1b3b2b3b5ab1" language="English" custom="readingOrder {index:0;}">
                    <Coords points="276,541 309,541 309,577 276,577"/>
                    <TextEquiv>
                        <Unicode>la</Unicode>
                    </TextEquiv>
                    <TextStyle fontFamily="Times New Roman" fontSize="8.5"/>
                </Word>
                <Word id="w_w1aab1b3b2b3b5ab7" language="English" custom="readingOrder {index:1;}">
                    <Coords points="349,538 493,538 493,580 349,580"/>
                    <TextEquiv>
                        <Unicode>fraude,</Unicode>
                    </TextEquiv>
                    <TextStyle fontFamily="Times New Roman" fontSize="8.5"/>
                </Word>
                <Word id="w_w1aab1b3b2b3b5ac23" language="English" custom="readingOrder {index:2;}">
                    <Coords points="528,537 697,537 697,577 528,577"/>
                    <TextEquiv>
                        <Unicode>évidente</Unicode>
                    </TextEquiv>
                    <TextStyle fontFamily="Times New Roman" fontSize="8.5"/>
                </Word>
                <Word id="w_w1aab1b3b2b3b5ac41" language="English" custom="readingOrder {index:3;}">
                    <Coords points="731,549 820,549 820,588 731,588"/>
                    <TextEquiv>
                        <Unicode>pour</Unicode>
                    </TextEquiv>
                    <TextStyle fontFamily="Times New Roman" fontSize="8.5"/>
                </Word>
                <Word id="w_w1aab1b3b2b3b5ac51" language="English" custom="readingOrder {index:4;}">
                    <Coords points="935,543 1074,541 1074,589 935,591"/>
                    <TextEquiv>
                        <Unicode>un'expert.</Unicode>
                    </TextEquiv>
                    <TextStyle fontFamily="Times New Roman" fontSize="8.5"/>
                </Word>
                <Word id="w_w1aab1b3b2b3b5ac73" language="English" custom="readingOrder {index:5;}">
                    <Coords points="1119,541 1143,541 1143,575 1119,575"/>
                    <TextEquiv>
                        <Unicode>A</Unicode>
                    </TextEquiv>
                    <TextStyle fontFamily="Times New Roman" fontSize="8.5"/>
                </Word>
                <Word id="w_w1aab1b3b2b3b5ac77" language="English" custom="readingOrder {index:6;}">
                    <Coords points="1182,538 1359,538 1359,588 1182,588"/>
                    <TextEquiv>
                        <Unicode>quelques</Unicode>
                    </TextEquiv>
                    <TextStyle fontFamily="Times New Roman" fontSize="8.5"/>
                </Word>
                <Word id="w_w1aab1b3b2b3b5ac95" language="English" custom="readingOrder {index:7;}">
                    <Coords points="1392,537 1493,537 1493,587 1392,587"/>
                    <TextEquiv>
                        <Unicode>jours</Unicode>
                    </TextEquiv>
                    <TextStyle fontFamily="Times New Roman" fontSize="8.5"/>
                </Word>
                <Word id="w_w1aab1b3b2b3b5ad107" language="English" custom="readingOrder {index:8;}">
                    <Coords points="1533,537 1578,537 1578,576 1533,576"/>
                    <TextEquiv>
                        <Unicode>de</Unicode>
                    </TextEquiv>
                    <TextStyle fontFamily="Times New Roman" fontSize="8.5"/>
                </Word>
                <Word id="w_w1aab1b3b2b3b5ad113" language="English" custom="readingOrder {index:9;}">
                    <Coords points="1612,538 1659,538 1659,581 1612,581"/>
                    <TextEquiv>
                        <Unicode>là.</Unicode>
                    </TextEquiv>
                    <TextStyle fontFamily="Times New Roman" fontSize="8.5"/>
                </Word>
                <Word id="w_w1aab1b3b2b3b5ad121" language="English" custom="readingOrder {index:10;}">
                    <Coords points="1705,537 1738,537 1738,575 1705,575"/>
                    <TextEquiv>
                        <Unicode>la</Unicode>
                    </TextEquiv>
                    <TextStyle fontFamily="Times New Roman" fontSize="8.5"/>
                </Word>
                <Word id="word_1538170004027_425" custom="readingOrder {index:11;}">
                    <Coords points="847,546 904,546 904,578 847,578"/>
                    <TextEquiv>
                        <Unicode></Unicode>
                    </TextEquiv>
                </Word>
                <TextEquiv>
                    <Unicode>la fraude, évidente pour un'expert. A quelques jours de là. la</Unicode>
                </TextEquiv>
                <TextStyle fontFamily="Times New Roman" fontSize="8.5"/>
            </TextLine>
            <TextLine id="tl_8" primaryLanguage="English" custom="readingOrder {index:3;}">
                <Coords points="274,587 1734,587 1734,639 274,639"/>
                <Baseline points="274,626 1734,626"/>
                <Word id="w_w1aab1b3b2b3b7ab1" language="English" custom="readingOrder {index:0;}">
                    <Coords points="274,591 372,591 372,628 274,628"/>
                    <TextEquiv>
                        <Unicode>mère</Unicode>
                    </TextEquiv>
                    <TextStyle fontFamily="Times New Roman" fontSize="8.5"/>
                </Word>
                <Word id="w_w1aab1b3b2b3b7ac11" language="English" custom="readingOrder {index:1;}">
                    <Coords points="394,589 434,589 434,627 394,627"/>
                    <TextEquiv>
                        <Unicode>II.</Unicode>
                    </TextEquiv>
                    <TextStyle fontFamily="Times New Roman" fontSize="8.5"/>
                </Word>
                <Word id="w_w1aab1b3b2b3b7ac19" language="English" custom="readingOrder {index:2;}">
                    <Coords points="459,590 661,590 661,639 459,639"/>
                    <TextEquiv>
                        <Unicode>présentait</Unicode>
                    </TextEquiv>
                    <TextStyle fontFamily="Times New Roman" fontSize="8.5"/>
                </Word>
                <Word id="w_w1aab1b3b2b3b7ac41" language="English" custom="readingOrder {index:3;}">
                    <Coords points="690,600 738,600 738,627 690,627"/>
                    <TextEquiv>
                        <Unicode>un</Unicode>
                    </TextEquiv>
                    <TextStyle fontFamily="Times New Roman" fontSize="8.5"/>
                </Word>
                <Word id="w_w1aab1b3b2b3b7ac47" language="English" custom="readingOrder {index:4;}">
                    <Coords points="765,599 929,599 929,627 765,627"/>
                    <TextEquiv>
                        <Unicode>nouveau</Unicode>
                    </TextEquiv>
                    <TextStyle fontFamily="Times New Roman" fontSize="8.5"/>
                </Word>
                <Word id="w_w1aab1b3b2b3b7ac63" language="English" custom="readingOrder {index:5;}">
                    <Coords points="965,588 1014,588 1014,626 965,626"/>
                    <TextEquiv>
                        <Unicode>lot</Unicode>
                    </TextEquiv>
                    <TextStyle fontFamily="Times New Roman" fontSize="8.5"/>
                </Word>
                <Word id="w_w1aab1b3b2b3b7ac71" language="English" custom="readingOrder {index:6;}">
                    <Coords points="1041,587 1322,587 1322,639 1041,639"/>
                    <TextEquiv>
                        <Unicode>d’autographes</Unicode>
                    </TextEquiv>
                    <TextStyle fontFamily="Times New Roman" fontSize="8.5"/>
                </Word>
                <Word id="w_w1aab1b3b2b3b7ac99" language="English" custom="readingOrder {index:7;}">
                    <Coords points="1340,587 1385,587 1385,626 1340,626"/>
                    <TextEquiv>
                        <Unicode>de</Unicode>
                    </TextEquiv>
                    <TextStyle fontFamily="Times New Roman" fontSize="8.5"/>
                </Word>
                <Word id="w_w1aab1b3b2b3b7ad105" language="English" custom="readingOrder {index:8;}">
                    <Coords points="1406,588 1439,588 1439,626 1406,626"/>
                    <TextEquiv>
                        <Unicode>la</Unicode>
                    </TextEquiv>
                    <TextStyle fontFamily="Times New Roman" fontSize="8.5"/>
                </Word>
                <Word id="w_w1aab1b3b2b3b7ad111" language="English" custom="readingOrder {index:9;}">
                    <Coords points="1459,587 1576,587 1576,626 1459,626"/>
                    <TextEquiv>
                        <Unicode>même</Unicode>
                    </TextEquiv>
                    <TextStyle fontFamily="Times New Roman" fontSize="8.5"/>
                </Word>
                <Word id="w_w1aab1b3b2b3b7ad121" language="English" custom="readingOrder {index:10;}">
                    <Coords points="1604,587 1734,587 1734,632 1604,632"/>
                    <TextEquiv>
                        <Unicode>farine,</Unicode>
                    </TextEquiv>
                    <TextStyle fontFamily="Times New Roman" fontSize="8.5"/>
                </Word>
                <TextEquiv>
                    <Unicode>mère II. présentait un nouveau lot d’autographes de la même farine,</Unicode>
                </TextEquiv>
                <TextStyle fontFamily="Times New Roman" fontSize="8.5"/>
            </TextLine>
            <TextLine id="tl_9" primaryLanguage="English" custom="readingOrder {index:4;}">
                <Coords points="274,638 1738,638 1738,690 274,690"/>
                <Baseline points="274,677 1738,677"/>
                <Word id="w_w1aab1b3b2b3b9ab1" language="English" custom="readingOrder {index:0;}">
                    <Coords points="274,651 345,651 345,678 274,678"/>
                    <TextEquiv>
                        <Unicode>non</Unicode>
                    </TextEquiv>
                    <TextStyle fontFamily="Times New Roman" fontSize="8.5"/>
                </Word>
                <Word id="w_w1aab1b3b2b3b9ab9" language="English" custom="readingOrder {index:1;}">
                    <Coords points="366,640 445,640 445,690 366,690"/>
                    <TextEquiv>
                        <Unicode>plus</Unicode>
                    </TextEquiv>
                    <TextStyle fontFamily="Times New Roman" fontSize="8.5"/>
                </Word>
                <Word id="w_w1aab1b3b2b3b9ac19" language="English" custom="readingOrder {index:2;}">
                    <Coords points="465,642 487,642 487,678 465,678"/>
                    <TextEquiv>
                        <Unicode>à</Unicode>
                    </TextEquiv>
                    <TextStyle fontFamily="Times New Roman" fontSize="8.5"/>
                </Word>
                <Word id="w_w1aab1b3b2b3b9ac23" language="English" custom="readingOrder {index:3;}">
                    <Coords points="508,639 556,639 556,677 508,677"/>
                    <TextEquiv>
                        <Unicode>M.</Unicode>
                    </TextEquiv>
                    <TextStyle fontFamily="Times New Roman" fontSize="8.5"/>
                </Word>
                <Word id="w_w1aab1b3b2b3b9ac29" language="English" custom="readingOrder {index:4;}">
                    <Coords points="581,638 720,638 720,687 581,687"/>
                    <TextEquiv>
                        <Unicode>Muffat,</Unicode>
                    </TextEquiv>
                    <TextStyle fontFamily="Times New Roman" fontSize="8.5"/>
                </Word>
                <Word id="w_w1aab1b3b2b3b9ac45" language="English" custom="readingOrder {index:5;}">
                    <Coords points="744,638 805,638 805,689 744,689"/>
                    <TextEquiv>
                        <Unicode>qui</Unicode>
                    </TextEquiv>
                    <TextStyle fontFamily="Times New Roman" fontSize="8.5"/>
                </Word>
                <Word id="w_w1aab1b3b2b3b9ac53" language="English" custom="readingOrder {index:6;}">
                    <Coords points="823,649 863,649 863,677 823,677"/>
                    <TextEquiv>
                        <Unicode>se</Unicode>
                    </TextEquiv>
                    <TextStyle fontFamily="Times New Roman" fontSize="8.5"/>
                </Word>
                <Word id="w_w1aab1b3b2b3b9ac59" language="English" custom="readingOrder {index:7;}">
                    <Coords points="885,638 939,638 939,676 885,676"/>
                    <TextEquiv>
                        <Unicode>fût</Unicode>
                    </TextEquiv>
                    <TextStyle fontFamily="Times New Roman" fontSize="8.5"/>
                </Word>
                <Word id="w_w1aab1b3b2b3b9ac67" language="English" custom="readingOrder {index:8;}">
                    <Coords points="957,640 1131,640 1131,677 957,677"/>
                    <TextEquiv>
                        <Unicode>contenté</Unicode>
                    </TextEquiv>
                    <TextStyle fontFamily="Times New Roman" fontSize="8.5"/>
                </Word>
                <Word id="w_w1aab1b3b2b3b9ac85" language="English" custom="readingOrder {index:9;}">
                    <Coords points="1148,639 1195,639 1195,678 1148,678"/>
                    <TextEquiv>
                        <Unicode>de</Unicode>
                    </TextEquiv>
                    <TextStyle fontFamily="Times New Roman" fontSize="8.5"/>
                </Word>
                <Word id="w_w1aab1b3b2b3b9ac91" language="English" custom="readingOrder {index:10;}">
                    <Coords points="1217,639 1250,639 1250,676 1217,676"/>
                    <TextEquiv>
                        <Unicode>la</Unicode>
                    </TextEquiv>
                    <TextStyle fontFamily="Times New Roman" fontSize="8.5"/>
                </Word>
                <Word id="w_w1aab1b3b2b3b9ac97" language="English" custom="readingOrder {index:11;}">
                    <Coords points="1273,638 1420,638 1420,677 1273,677"/>
                    <TextEquiv>
                        <Unicode>chasser</Unicode>
                    </TextEquiv>
                    <TextStyle fontFamily="Times New Roman" fontSize="8.5"/>
                </Word>
                <Word id="w_w1aab1b3b2b3b9ad113" language="English" custom="readingOrder {index:12;}">
                    <Coords points="1452,649 1540,649 1540,676 1452,676"/>
                    <TextEquiv>
                        <Unicode>avec</Unicode>
                    </TextEquiv>
                    <TextStyle fontFamily="Times New Roman" fontSize="8.5"/>
                </Word>
                <Word id="w_w1aab1b3b2b3b9ad123" language="English" custom="readingOrder {index:13;}">
                    <Coords points="1568,649 1738,649 1738,677 1568,677"/>
                    <TextEquiv>
                        <Unicode>semonce</Unicode>
                    </TextEquiv>
                    <TextStyle fontFamily="Times New Roman" fontSize="8.5"/>
                </Word>
                <TextEquiv>
                    <Unicode>non plus à M. Muffat, qui se fût contenté de la chasser avec semonce</Unicode>
                </TextEquiv>
                <TextStyle fontFamily="Times New Roman" fontSize="8.5"/>
            </TextLine>
            <TextLine id="tl_10" primaryLanguage="English" custom="readingOrder {index:5;}">
                <Coords points="271,688 1739,688 1739,740 271,740"/>
                <Baseline points="271,727 1739,727"/>
                <Word id="w_w1aab1b3b2b3c11ab1" language="English" custom="readingOrder {index:0;}">
                    <Coords points="271,696 308,696 308,729 271,729"/>
                    <TextEquiv>
                        <Unicode>et</Unicode>
                    </TextEquiv>
                    <TextStyle fontFamily="Times New Roman" fontSize="8.5"/>
                </Word>
                <Word id="w_w1aab1b3b2b3c11ab7" language="English" custom="readingOrder {index:1;}">
                    <Coords points="328,701 505,701 505,732 328,732"/>
                    <TextEquiv>
                        <Unicode>menaces,</Unicode>
                    </TextEquiv>
                    <TextStyle fontFamily="Times New Roman" fontSize="8.5"/>
                </Word>
                <Word id="w_w1aab1b3b2b3c11ac25" language="English" custom="readingOrder {index:2;}">
                    <Coords points="525,689 615,689 615,727 525,727"/>
                    <TextEquiv>
                        <Unicode>mais</Unicode>
                    </TextEquiv>
                    <TextStyle fontFamily="Times New Roman" fontSize="8.5"/>
                </Word>
                <Word id="w_w1aab1b3b2b3c11ac35" language="English" custom="readingOrder {index:3;}">
                    <Coords points="631,691 652,691 652,727 631,727"/>
                    <TextEquiv>
                        <Unicode>à</Unicode>
                    </TextEquiv>
                    <TextStyle fontFamily="Times New Roman" fontSize="8.5"/>
                </Word>
                <Word id="w_w1aab1b3b2b3c11ac39" language="English" custom="readingOrder {index:4;}">
                    <Coords points="671,689 705,689 705,727 671,727"/>
                    <TextEquiv>
                        <Unicode>M</Unicode>
                    </TextEquiv>
                    <TextStyle fontFamily="Times New Roman" fontSize="8.5"/>
                </Word>
                <Word id="w_w1aab1b3b2b3c11ac43" language="English" custom="readingOrder {index:5;}">
                    <Coords points="742,689 896,689 896,727 742,727"/>
                    <TextEquiv>
                        <Unicode>Etienne</Unicode>
                    </TextEquiv>
                    <TextStyle fontFamily="Times New Roman" fontSize="8.5"/>
                </Word>
                <Word id="w_w1aab1b3b2b3c11ac59" language="English" custom="readingOrder {index:6;}">
                    <Coords points="914,688 1117,688 1117,740 914,740"/>
                    <TextEquiv>
                        <Unicode>Charavay,</Unicode>
                    </TextEquiv>
                    <TextStyle fontFamily="Times New Roman" fontSize="8.5"/>
                </Word>
                <Word id="w_w1aab1b3b2b3c11ac79" language="English" custom="readingOrder {index:7;}">
                    <Coords points="1140,690 1201,690 1201,739 1140,739"/>
                    <TextEquiv>
                        <Unicode>qui</Unicode>
                    </TextEquiv>
                    <TextStyle fontFamily="Times New Roman" fontSize="8.5"/>
                </Word>
                <Word id="w_w1aab1b3b2b3c11ac87" language="English" custom="readingOrder {index:8;}">
                    <Coords points="1222,689 1254,689 1254,726 1222,726"/>
                    <TextEquiv>
                        <Unicode>la</Unicode>
                    </TextEquiv>
                    <TextStyle fontFamily="Times New Roman" fontSize="8.5"/>
                </Word>
                <Word id="w_w1aab1b3b2b3c11ac93" language="English" custom="readingOrder {index:9;}">
                    <Coords points="1270,689 1308,689 1308,727 1270,727"/>
                    <TextEquiv>
                        <Unicode>fit</Unicode>
                    </TextEquiv>
                    <TextStyle fontFamily="Times New Roman" fontSize="8.5"/>
                </Word>
                <Word id="w_w1aab1b3b2b3c11ad101" language="English" custom="readingOrder {index:10;}">
                    <Coords points="1322,689 1474,689 1474,727 1322,727"/>
                    <TextEquiv>
                        <Unicode>arrêter.</Unicode>
                    </TextEquiv>
                    <TextStyle fontFamily="Times New Roman" fontSize="8.5"/>
                </Word>
                <Word id="w_w1aab1b3b2b3c11ad119" language="English" custom="readingOrder {index:11;}">
                    <Coords points="1497,688 1548,688 1548,726 1497,726"/>
                    <TextEquiv>
                        <Unicode>En</Unicode>
                    </TextEquiv>
                    <TextStyle fontFamily="Times New Roman" fontSize="8.5"/>
                </Word>
                <Word id="w_w1aab1b3b2b3c11ad125" language="English" custom="readingOrder {index:12;}">
                    <Coords points="1565,694 1739,694 1739,739 1565,739"/>
                    <TextEquiv>
                        <Unicode>présence</Unicode>
                    </TextEquiv>
                    <TextStyle fontFamily="Times New Roman" fontSize="8.5"/>
                </Word>
                <TextEquiv>
                    <Unicode>et menaces, mais à M Etienne Charavay, qui la fit arrêter. En présence</Unicode>
                </TextEquiv>
                <TextStyle fontFamily="Times New Roman" fontSize="8.5"/>
            </TextLine>
            <TextLine id="tl_11" primaryLanguage="English" custom="readingOrder {index:6;}">
                <Coords points="271,731 1738,731 1738,789 271,789"/>
                <Baseline points="271,777 1738,777"/>
                <Word id="w_w1aab1b3b2b3c13ab1" language="English" custom="readingOrder {index:0;}">
                    <Coords points="271,740 315,740 315,779 271,779"/>
                    <TextEquiv>
                        <Unicode>de</Unicode>
                    </TextEquiv>
                    <TextStyle fontFamily="Times New Roman" fontSize="8.5"/>
                </Word>
                <Word id="w_w1aab1b3b2b3c13ab7" language="English" custom="readingOrder {index:1;}">
                    <Coords points="339,741 384,741 384,778 339,778"/>
                    <TextEquiv>
                        <Unicode>M.</Unicode>
                    </TextEquiv>
                    <TextStyle fontFamily="Times New Roman" fontSize="8.5"/>
                </Word>
                <Word id="w_w1aab1b3b2b3c13ac13" language="English" custom="readingOrder {index:2;}">
                    <Coords points="410,739 582,739 582,784 410,784"/>
                    <TextEquiv>
                        <Unicode>Bérillon,</Unicode>
                    </TextEquiv>
                    <TextStyle fontFamily="Times New Roman" fontSize="8.5"/>
                </Word>
                <Word id="w_w1aab1b3b2b3c13ac33" language="English" custom="readingOrder {index:3;}">
                    <Coords points="604,738 854,738 854,778 604,778"/>
                    <TextEquiv>
                        <Unicode>commissaire</Unicode>
                    </TextEquiv>
                    <TextStyle fontFamily="Times New Roman" fontSize="8.5"/>
                </Word>
                <Word id="w_w1aab1b3b2b3c13ac57" language="English" custom="readingOrder {index:4;}">
                    <Coords points="874,739 919,739 919,777 874,777"/>
                    <TextEquiv>
                        <Unicode>de</Unicode>
                    </TextEquiv>
                    <TextStyle fontFamily="Times New Roman" fontSize="8.5"/>
                </Word>
                <Word id="w_w1aab1b3b2b3c13ac63" language="English" custom="readingOrder {index:5;}">
                    <Coords points="951,740 1067,740 1067,789 951,789"/>
                    <TextEquiv>
                        <Unicode>police</Unicode>
                    </TextEquiv>
                    <TextStyle fontFamily="Times New Roman" fontSize="8.5"/>
                </Word>
                <Word id="w_w1aab1b3b2b3c13ac77" language="English" custom="readingOrder {index:6;}">
                    <Coords points="1083,731 1140,731 1140,778 1083,778"/>
                    <TextEquiv>
                        <Unicode>W</Unicode>
                    </TextEquiv>
                    <TextStyle fontFamily="Times New Roman" fontSize="8.5"/>
                </Word>
                <Word id="w_w1aab1b3b2b3c13ac81" language="English" custom="readingOrder {index:7;}">
                    <Coords points="1159,738 1508,738 1508,778 1159,778"/>
                    <TextEquiv>
                        <Unicode>Palais-de-Juslice</Unicode>
                    </TextEquiv>
                    <TextStyle fontFamily="Times New Roman" fontSize="8.5"/>
                </Word>
                <Word id="w_w1aab1b3b2b3c13ad117" language="English" custom="readingOrder {index:8;}">
                    <Coords points="1524,770 1532,770 1532,787 1524,787"/>
                    <TextEquiv>
                        <Unicode>,</Unicode>
                    </TextEquiv>
                    <TextStyle fontFamily="Times New Roman" fontSize="8.5"/>
                </Word>
                <Word id="w_w1aab1b3b2b3c13ad121" language="English" custom="readingOrder {index:9;}">
                    <Coords points="1567,738 1637,738 1637,777 1567,777"/>
                    <TextEquiv>
                        <Unicode>elle</Unicode>
                    </TextEquiv>
                    <TextStyle fontFamily="Times New Roman" fontSize="8.5"/>
                </Word>
                <Word id="w_w1aab1b3b2b3c13ad131" language="English" custom="readingOrder {index:10;}">
                    <Coords points="1670,740 1738,740 1738,777 1670,777"/>
                    <TextEquiv>
                        <Unicode>dut</Unicode>
                    </TextEquiv>
                    <TextStyle fontFamily="Times New Roman" fontSize="8.5"/>
                </Word>
                <TextEquiv>
                    <Unicode>de M. Bérillon, commissaire de police au Palais-de-Justice, elle dut</Unicode>
                </TextEquiv>
                <TextStyle fontFamily="Times New Roman" fontSize="8.5"/>
            </TextLine>
            <TextLine id="tl_12" primaryLanguage="English" custom="readingOrder {index:7;}">
                <Coords points="271,789 1738,789 1738,839 271,839"/>
                <Baseline points="271,828 1738,828"/>
                <Word id="w_w1aab1b3b2b3c15ab1" language="English" custom="readingOrder {index:0;}">
                    <Coords points="271,791 434,791 434,829 271,829"/>
                    <TextEquiv>
                        <Unicode>décliner</Unicode>
                    </TextEquiv>
                    <TextStyle fontFamily="Times New Roman" fontSize="8.5"/>
                </Word>
                <Word id="w_w1aab1b3b2b3c15ac19" language="English" custom="readingOrder {index:1;}">
                    <Coords points="455,801 513,801 513,829 455,829"/>
                    <TextEquiv>
                        <Unicode>ses</Unicode>
                    </TextEquiv>
                    <TextStyle fontFamily="Times New Roman" fontSize="8.5"/>
                </Word>
                <Word id="w_w1aab1b3b2b3c15ac27" language="English" custom="readingOrder {index:2;}">
                    <Coords points="531,790 725,790 725,829 531,829"/>
                    <TextEquiv>
                        <Unicode>véritables</Unicode>
                    </TextEquiv>
                    <TextStyle fontFamily="Times New Roman" fontSize="8.5"/>
                </Word>
                <Word id="w_w1aab1b3b2b3c15ac49" language="English" custom="readingOrder {index:3;}">
                    <Coords points="744,801 849,801 849,828 744,828"/>
                    <TextEquiv>
                        <Unicode>noms</Unicode>
                    </TextEquiv>
                    <TextStyle fontFamily="Times New Roman" fontSize="8.5"/>
                </Word>
                <Word id="w_w1aab1b3b2b3c15ac59" language="English" custom="readingOrder {index:4;}">
                    <Coords points="871,796 907,796 907,828 871,828"/>
                    <TextEquiv>
                        <Unicode>et</Unicode>
                    </TextEquiv>
                    <TextStyle fontFamily="Times New Roman" fontSize="8.5"/>
                </Word>
                <Word id="w_w1aab1b3b2b3c15ac65" language="English" custom="readingOrder {index:5;}">
                    <Coords points="926,789 1085,789 1085,828 926,828"/>
                    <TextEquiv>
                        <Unicode>adresse.</Unicode>
                    </TextEquiv>
                    <TextStyle fontFamily="Times New Roman" fontSize="8.5"/>
                </Word>
                <Word id="w_w1aab1b3b2b3c15ac83" language="English" custom="readingOrder {index:6;}">
                    <Coords points="1110,790 1189,790 1189,828 1110,828"/>
                    <TextEquiv>
                        <Unicode>Elle</Unicode>
                    </TextEquiv>
                    <TextStyle fontFamily="Times New Roman" fontSize="8.5"/>
                </Word>
                <Word id="w_w1aab1b3b2b3c15ac93" language="English" custom="readingOrder {index:7;}">
                    <Coords points="1208,801 1339,801 1339,835 1208,835"/>
                    <TextEquiv>
                        <Unicode>avoua,</Unicode>
                    </TextEquiv>
                    <TextStyle fontFamily="Times New Roman" fontSize="8.5"/>
                </Word>
                <Word id="w_w1aab1b3b2b3c15ad107" language="English" custom="readingOrder {index:8;}">
                    <Coords points="1362,801 1407,801 1407,827 1362,827"/>
                    <TextEquiv>
                        <Unicode>en</Unicode>
                    </TextEquiv>
                    <TextStyle fontFamily="Times New Roman" fontSize="8.5"/>
                </Word>
                <Word id="w_w1aab1b3b2b3c15ad113" language="English" custom="readingOrder {index:9;}">
                    <Coords points="1423,789 1568,789 1568,834 1423,834"/>
                    <TextEquiv>
                        <Unicode>larmes,</Unicode>
                    </TextEquiv>
                    <TextStyle fontFamily="Times New Roman" fontSize="8.5"/>
                </Word>
                <Word id="w_w1aab1b3b2b3c15ad129" language="English" custom="readingOrder {index:10;}">
                    <Coords points="1589,800 1662,800 1662,839 1589,839"/>
                    <TextEquiv>
                        <Unicode>que</Unicode>
                    </TextEquiv>
                    <TextStyle fontFamily="Times New Roman" fontSize="8.5"/>
                </Word>
                <Word id="w_w1aab1b3b2b3c15ad137" language="English" custom="readingOrder {index:11;}">
                    <Coords points="1677,800 1738,800 1738,828 1677,828"/>
                    <TextEquiv>
                        <Unicode>ces</Unicode>
                    </TextEquiv>
                    <TextStyle fontFamily="Times New Roman" fontSize="8.5"/>
                </Word>
                <TextEquiv>
                    <Unicode>décliner ses véritables noms et adresse. Elle avoua, en larmes, que ces</Unicode>
                </TextEquiv>
                <TextStyle fontFamily="Times New Roman" fontSize="8.5"/>
            </TextLine>
            <TextLine id="tl_13" primaryLanguage="English" custom="readingOrder {index:8;}">
                <Coords points="271,839 1737,839 1737,892 271,892"/>
                <Baseline points="271,878 1737,878"/>
                <Word id="w_w1aab1b3b2b3c17ab1" language="English" custom="readingOrder {index:0;}">
                    <Coords points="271,841 515,841 515,892 271,892"/>
                    <TextEquiv>
                        <Unicode>autographes</Unicode>
                    </TextEquiv>
                    <TextStyle fontFamily="Times New Roman" fontSize="8.5"/>
                </Word>
                <Word id="w_w1aab1b3b2b3c17ac25" language="English" custom="readingOrder {index:1;}">
                    <Coords points="534,840 680,840 680,879 534,879"/>
                    <TextEquiv>
                        <Unicode>avaient</Unicode>
                    </TextEquiv>
                    <TextStyle fontFamily="Times New Roman" fontSize="8.5"/>
                </Word>
                <Word id="w_w1aab1b3b2b3c17ac41" language="English" custom="readingOrder {index:2;}">
                    <Coords points="698,841 756,841 756,879 698,879"/>
                    <TextEquiv>
                        <Unicode>été</Unicode>
                    </TextEquiv>
                    <TextStyle fontFamily="Times New Roman" fontSize="8.5"/>
                </Word>
                <Word id="w_w1aab1b3b2b3c17ac49" language="English" custom="readingOrder {index:3;}">
                    <Coords points="777,839 960,839 960,890 777,890"/>
                    <TextEquiv>
                        <Unicode>fabriqués</Unicode>
                    </TextEquiv>
                    <TextStyle fontFamily="Times New Roman" fontSize="8.5"/>
                </Word>
                <Word id="w_w1aab1b3b2b3c17ac69" language="English" custom="readingOrder {index:4;}">
                    <Coords points="980,851 1043,851 1043,890 980,890"/>
                    <TextEquiv>
                        <Unicode>par</Unicode>
                    </TextEquiv>
                    <TextStyle fontFamily="Times New Roman" fontSize="8.5"/>
                </Word>
                <Word id="w_w1aab1b3b2b3c17ac77" language="English" custom="readingOrder {index:5;}">
                    <Coords points="1063,851 1126,851 1126,879 1063,879"/>
                    <TextEquiv>
                        <Unicode>son</Unicode>
                    </TextEquiv>
                    <TextStyle fontFamily="Times New Roman" fontSize="8.5"/>
                </Word>
                <Word id="w_w1aab1b3b2b3c17ac85" language="English" custom="readingOrder {index:6;}">
                    <Coords points="1148,840 1218,840 1218,886 1148,886"/>
                    <TextEquiv>
                        <Unicode>fils,</Unicode>
                    </TextEquiv>
                    <TextStyle fontFamily="Times New Roman" fontSize="8.5"/>
                </Word>
                <Word id="w_w1aab1b3b2b3c17ac97" language="English" custom="readingOrder {index:7;}">
                    <Coords points="1235,840 1404,840 1404,891 1235,891"/>
                    <TextEquiv>
                        <Unicode>employé</Unicode>
                    </TextEquiv>
                    <TextStyle fontFamily="Times New Roman" fontSize="8.5"/>
                </Word>
                <Word id="w_w1aab1b3b2b3c17ad113" language="English" custom="readingOrder {index:8;}">
                    <Coords points="1418,842 1439,842 1439,878 1418,878"/>
                    <TextEquiv>
                        <Unicode>à</Unicode>
                    </TextEquiv>
                    <TextStyle fontFamily="Times New Roman" fontSize="8.5"/>
                </Word>
                <Word id="w_w1aab1b3b2b3c17ad117" language="English" custom="readingOrder {index:9;}">
                    <Coords points="1458,839 1490,839 1490,877 1458,877"/>
                    <TextEquiv>
                        <Unicode>la</Unicode>
                    </TextEquiv>
                    <TextStyle fontFamily="Times New Roman" fontSize="8.5"/>
                </Word>
                <Word id="w_w1aab1b3b2b3c17ad123" language="English" custom="readingOrder {index:10;}">
                    <Coords points="1511,840 1737,840 1737,889 1511,889"/>
                    <TextEquiv>
                        <Unicode>Compagnie</Unicode>
                    </TextEquiv>
                    <TextStyle fontFamily="Times New Roman" fontSize="8.5"/>
                </Word>
                <TextEquiv>
                    <Unicode>autographes avaient été fabriqués par son fils, employé à la Compagnie</Unicode>
                </TextEquiv>
                <TextStyle fontFamily="Times New Roman" fontSize="8.5"/>
            </TextLine>
            <TextLine id="tl_14" primaryLanguage="English" custom="readingOrder {index:9;}">
                <Coords points="269,889 1734,889 1734,938 269,938"/>
                <Baseline points="269,928 1734,928"/>
                <Word id="w_w1aab1b3b2b3c19ab1" language="English" custom="readingOrder {index:0;}">
                    <Coords points="269,891 502,891 502,930 269,930"/>
                    <TextEquiv>
                        <Unicode>d’assurance</Unicode>
                    </TextEquiv>
                    <TextStyle fontFamily="Times New Roman" fontSize="8.5"/>
                </Word>
                <Word id="w_w1aab1b3b2b3c19b1b1" language="English" custom="readingOrder {index:1;}">
                    <Coords points="522,892 553,892 553,928 522,928"/>
                    <TextEquiv>
                        <Unicode>le</Unicode>
                    </TextEquiv>
                    <TextStyle fontFamily="Times New Roman" fontSize="8.5" italic="true"/>
                </Word>
                <Word id="w_w1aab1b3b2b3c19b1b7" language="English" custom="readingOrder {index:2;}">
                    <Coords points="576,891 707,891 707,929 576,929"/>
                    <TextEquiv>
                        <Unicode>Soleil.</Unicode>
                    </TextEquiv>
                    <TextStyle fontFamily="Times New Roman" fontSize="8.5" italic="true"/>
                </Word>
                <Word id="w_w1aab1b3b2b3c19b2b3" language="English" custom="readingOrder {index:3;}">
                    <Coords points="732,890 789,890 789,929 732,929"/>
                    <TextEquiv>
                        <Unicode>On</Unicode>
                    </TextEquiv>
                    <TextStyle fontFamily="Times New Roman" fontSize="8.5"/>
                </Word>
                <Word id="w_w1aab1b3b2b3c19b2b9" language="English" custom="readingOrder {index:4;}">
                    <Coords points="810,903 829,903 829,927 810,927"/>
                    <TextEquiv>
                        <Unicode>a</Unicode>
                    </TextEquiv>
                    <TextStyle fontFamily="Times New Roman" fontSize="8.5"/>
                </Word>
                <Word id="w_w1aab1b3b2b3c19b2c13" language="English" custom="readingOrder {index:5;}">
                    <Coords points="846,890 968,890 968,929 846,929"/>
                    <TextEquiv>
                        <Unicode>arrêté</Unicode>
                    </TextEquiv>
                    <TextStyle fontFamily="Times New Roman" fontSize="8.5"/>
                </Word>
                <Word id="w_w1aab1b3b2b3c19b2c27" language="English" custom="readingOrder {index:6;}">
                    <Coords points="983,890 1135,890 1135,929 983,929"/>
                    <TextEquiv>
                        <Unicode>celui-ci</Unicode>
                    </TextEquiv>
                    <TextStyle fontFamily="Times New Roman" fontSize="8.5"/>
                </Word>
                <Word id="w_w1aab1b3b2b3c19b2c45" language="English" custom="readingOrder {index:7;}">
                    <Coords points="1157,895 1174,895 1174,928 1157,928"/>
                    <TextEquiv>
                        <Unicode>à</Unicode>
                    </TextEquiv>
                    <TextStyle fontFamily="Times New Roman" fontSize="8.5"/>
                </Word>
                <Word id="w_w1aab1b3b2b3c19b2c49" language="English" custom="readingOrder {index:8;}">
                    <Coords points="1196,902 1262,902 1262,929 1196,929"/>
                    <TextEquiv>
                        <Unicode>son</Unicode>
                    </TextEquiv>
                    <TextStyle fontFamily="Times New Roman" fontSize="8.5"/>
                </Word>
                <Word id="w_w1aab1b3b2b3c19b2c57" language="English" custom="readingOrder {index:9;}">
                    <Coords points="1283,890 1435,890 1435,938 1283,938"/>
                    <TextEquiv>
                        <Unicode>bureau,</Unicode>
                    </TextEquiv>
                    <TextStyle fontFamily="Times New Roman" fontSize="8.5"/>
                </Word>
                <Word id="w_w1aab1b3b2b3c19b2c73" language="English" custom="readingOrder {index:10;}">
                    <Coords points="1460,891 1508,891 1508,928 1460,928"/>
                    <TextEquiv>
                        <Unicode>où</Unicode>
                    </TextEquiv>
                    <TextStyle fontFamily="Times New Roman" fontSize="8.5"/>
                </Word>
                <Word id="w_w1aab1b3b2b3c19b2c79" language="English" custom="readingOrder {index:11;}">
                    <Coords points="1528,889 1551,889 1551,928 1528,928"/>
                    <TextEquiv>
                        <Unicode>il</Unicode>
                    </TextEquiv>
                    <TextStyle fontFamily="Times New Roman" fontSize="8.5"/>
                </Word>
                <Word id="w_w1aab1b3b2b3c19b2c85" language="English" custom="readingOrder {index:12;}">
                    <Coords points="1573,891 1665,891 1665,928 1573,928"/>
                    <TextEquiv>
                        <Unicode>était</Unicode>
                    </TextEquiv>
                    <TextStyle fontFamily="Times New Roman" fontSize="8.5"/>
                </Word>
                <Word id="w_w1aab1b3b2b3c19b2c97" language="English" custom="readingOrder {index:13;}">
                    <Coords points="1690,902 1734,902 1734,928 1690,928"/>
                    <TextEquiv>
                        <Unicode>en</Unicode>
                    </TextEquiv>
                    <TextStyle fontFamily="Times New Roman" fontSize="8.5"/>
                </Word>
                <TextEquiv>
                    <Unicode>d’assurance le Soleil. On a arrêté celui-ci à son bureau, où il était en</Unicode>
                </TextEquiv>
            </TextLine>
            <TextLine id="tl_15" primaryLanguage="English" custom="readingOrder {index:10;}">
                <Coords points="270,939 1734,939 1734,992 270,992"/>
                <Baseline points="270,979 1734,979"/>
                <Word id="w_w1aab1b3b2b3c21ab1" language="English" custom="readingOrder {index:0;}">
                    <Coords points="270,942 365,942 365,980 270,980"/>
                    <TextEquiv>
                        <Unicode>train</Unicode>
                    </TextEquiv>
                    <TextStyle fontFamily="Times New Roman" fontSize="8.5"/>
                </Word>
                <Word id="w_w1aab1b3b2b3c21ac13" language="English" custom="readingOrder {index:1;}">
                    <Coords points="386,940 430,940 430,980 386,980"/>
                    <TextEquiv>
                        <Unicode>de</Unicode>
                    </TextEquiv>
                    <TextStyle fontFamily="Times New Roman" fontSize="8.5"/>
                </Word>
                <Word id="w_w1aab1b3b2b3c21ac19" language="English" custom="readingOrder {index:2;}">
                    <Coords points="449,942 572,942 572,992 449,992"/>
                    <TextEquiv>
                        <Unicode>copier</Unicode>
                    </TextEquiv>
                    <TextStyle fontFamily="Times New Roman" fontSize="8.5"/>
                </Word>
                <Word id="w_w1aab1b3b2b3c21ac33" language="English" custom="readingOrder {index:3;}">
                    <Coords points="590,953 640,953 640,980 590,980"/>
                    <TextEquiv>
                        <Unicode>un</Unicode>
                    </TextEquiv>
                    <TextStyle fontFamily="Times New Roman" fontSize="8.5"/>
                </Word>
                <Word id="w_w1aab1b3b2b3c21ac39" language="English" custom="readingOrder {index:4;}">
                    <Coords points="660,940 885,940 885,990 660,990"/>
                    <TextEquiv>
                        <Unicode>autographe</Unicode>
                    </TextEquiv>
                    <TextStyle fontFamily="Times New Roman" fontSize="8.5"/>
                </Word>
                <Word id="w_w1aab1b3b2b3c21ac61" language="English" custom="readingOrder {index:5;}">
                    <Coords points="905,940 951,940 951,979 905,979"/>
                    <TextEquiv>
                        <Unicode>de</Unicode>
                    </TextEquiv>
                    <TextStyle fontFamily="Times New Roman" fontSize="8.5"/>
                </Word>
                <Word id="w_w1aab1b3b2b3c21ac67" language="English" custom="readingOrder {index:6;}">
                    <Coords points="967,940 1082,940 1082,980 967,980"/>
                    <TextEquiv>
                        <Unicode>Silvio</Unicode>
                    </TextEquiv>
                    <TextStyle fontFamily="Times New Roman" fontSize="8.5"/>
                </Word>
                <Word id="w_w1aab1b3b2b3c21ac81" language="English" custom="readingOrder {index:7;}">
                    <Coords points="1103,941 1254,941 1254,989 1103,989"/>
                    <TextEquiv>
                        <Unicode>Pellico,</Unicode>
                    </TextEquiv>
                    <TextStyle fontFamily="Times New Roman" fontSize="8.5"/>
                </Word>
                <Word id="w_w1aab1b3b2b3c21ac99" language="English" custom="readingOrder {index:8;}">
                    <Coords points="1275,947 1311,947 1311,979 1275,979"/>
                    <TextEquiv>
                        <Unicode>et</Unicode>
                    </TextEquiv>
                    <TextStyle fontFamily="Times New Roman" fontSize="8.5"/>
                </Word>
                <Word id="w_w1aab1b3b2b3c21ad105" language="English" custom="readingOrder {index:9;}">
                    <Coords points="1332,941 1404,941 1404,979 1332,979"/>
                    <TextEquiv>
                        <Unicode>l’on</Unicode>
                    </TextEquiv>
                    <TextStyle fontFamily="Times New Roman" fontSize="8.5"/>
                </Word>
                <Word id="w_w1aab1b3b2b3c21ad115" language="English" custom="readingOrder {index:10;}">
                    <Coords points="1429,940 1469,940 1469,979 1429,979"/>
                    <TextEquiv>
                        <Unicode>fit</Unicode>
                    </TextEquiv>
                    <TextStyle fontFamily="Times New Roman" fontSize="8.5"/>
                </Word>
                <Word id="w_w1aab1b3b2b3c21ad123" language="English" custom="readingOrder {index:11;}">
                    <Coords points="1486,939 1734,939 1734,991 1486,991"/>
                    <TextEquiv>
                        <Unicode>perquisition</Unicode>
                    </TextEquiv>
                    <TextStyle fontFamily="Times New Roman" fontSize="8.5"/>
                </Word>
                <TextEquiv>
                    <Unicode>train de copier un autographe de Silvio Pellico, et l’on fit perquisition</Unicode>
                </TextEquiv>
                <TextStyle fontFamily="Times New Roman" fontSize="8.5"/>
            </TextLine>
            <TextLine id="tl_16" primaryLanguage="English" custom="readingOrder {index:11;}">
                <Coords points="268,989 1735,989 1735,1042 268,1042"/>
                <Baseline points="268,1029 1735,1029"/>
                <Word id="w_w1aab1b3b2b3c23ab1" language="English" custom="readingOrder {index:0;}">
                    <Coords points="268,994 288,994 288,1030 268,1030"/>
                    <TextEquiv>
                        <Unicode>à</Unicode>
                    </TextEquiv>
                    <TextStyle fontFamily="Times New Roman" fontSize="8.5"/>
                </Word>
                <Word id="w_w1aab1b3b2b3c23ab5" language="English" custom="readingOrder {index:1;}">
                    <Coords points="308,1004 373,1004 373,1031 308,1031"/>
                    <TextEquiv>
                        <Unicode>son</Unicode>
                    </TextEquiv>
                    <TextStyle fontFamily="Times New Roman" fontSize="8.5"/>
                </Word>
                <Word id="w_w1aab1b3b2b3c23ac13" language="English" custom="readingOrder {index:2;}">
                    <Coords points="396,991 582,991 582,1041 396,1041"/>
                    <TextEquiv>
                        <Unicode>domicile,</Unicode>
                    </TextEquiv>
                    <TextStyle fontFamily="Times New Roman" fontSize="8.5"/>
                </Word>
                <Word id="w_w1aab1b3b2b3c23ac33" language="English" custom="readingOrder {index:3;}">
                    <Coords points="606,994 627,994 627,1030 606,1030"/>
                    <TextEquiv>
                        <Unicode>à</Unicode>
                    </TextEquiv>
                    <TextStyle fontFamily="Times New Roman" fontSize="8.5"/>
                </Word>
                <Word id="w_w1aab1b3b2b3c23ac37" language="English" custom="readingOrder {index:4;}">
                    <Coords points="647,991 993,991 993,1030 647,1030"/>
                    <TextEquiv>
                        <Unicode>Levallois-Perret.</Unicode>
                    </TextEquiv>
                    <TextStyle fontFamily="Times New Roman" fontSize="8.5"/>
                </Word>
                <Word id="w_w1aab1b3b2b3c23ac73" language="English" custom="readingOrder {index:5;}">
                    <Coords points="1016,991 1071,991 1071,1029 1016,1029"/>
                    <TextEquiv>
                        <Unicode>On</Unicode>
                    </TextEquiv>
                    <TextStyle fontFamily="Times New Roman" fontSize="8.5"/>
                </Word>
                <Word id="w_w1aab1b3b2b3c23ac79" language="English" custom="readingOrder {index:6;}">
                    <Coords points="1096,1004 1118,1004 1118,1042 1096,1042"/>
                    <TextEquiv>
                        <Unicode>y</Unicode>
                    </TextEquiv>
                    <TextStyle fontFamily="Times New Roman" fontSize="8.5"/>
                </Word>
                <Word id="w_w1aab1b3b2b3c23ac83" language="English" custom="readingOrder {index:7;}">
                    <Coords points="1140,998 1268,998 1268,1030 1140,1030"/>
                    <TextEquiv>
                        <Unicode>trouva</Unicode>
                    </TextEquiv>
                    <TextStyle fontFamily="Times New Roman" fontSize="8.5"/>
                </Word>
                <Word id="w_w1aab1b3b2b3c23ac97" language="English" custom="readingOrder {index:8;}">
                    <Coords points="1293,991 1356,991 1356,1030 1293,1030"/>
                    <TextEquiv>
                        <Unicode>des</Unicode>
                    </TextEquiv>
                    <TextStyle fontFamily="Times New Roman" fontSize="8.5"/>
                </Word>
                <Word id="w_w1aab1b3b2b3c23ad105" language="English" custom="readingOrder {index:9;}">
                    <Coords points="1376,989 1620,989 1620,1041 1376,1041"/>
                    <TextEquiv>
                        <Unicode>autographes</Unicode>
                    </TextEquiv>
                    <TextStyle fontFamily="Times New Roman" fontSize="8.5"/>
                </Word>
                <Word id="w_w1aab1b3b2b3c23ad129" language="English" custom="readingOrder {index:10;}">
                    <Coords points="1651,991 1735,991 1735,1029 1651,1029"/>
                    <TextEquiv>
                        <Unicode>faux</Unicode>
                    </TextEquiv>
                    <TextStyle fontFamily="Times New Roman" fontSize="8.5"/>
                </Word>
                <TextEquiv>
                    <Unicode>à son domicile, à Levallois-Perret. On y trouva des autographes faux</Unicode>
                </TextEquiv>
                <TextStyle fontFamily="Times New Roman" fontSize="8.5"/>
            </TextLine>
            <TextLine id="tl_17" primaryLanguage="English" custom="readingOrder {index:12;}">
                <Coords points="268,1040 1737,1040 1737,1091 268,1091"/>
                <Baseline points="268,1080 1737,1080"/>
                <Word id="w_w1aab1b3b2b3c25ab1" language="English" custom="readingOrder {index:0;}">
                    <Coords points="268,1042 380,1042 380,1081 268,1081"/>
                    <TextEquiv>
                        <Unicode>mêlés</Unicode>
                    </TextEquiv>
                    <TextStyle fontFamily="Times New Roman" fontSize="8.5"/>
                </Word>
                <Word id="w_w1aab1b3b2b3c25ac13" language="English" custom="readingOrder {index:1;}">
                    <Coords points="398,1053 486,1053 486,1080 398,1080"/>
                    <TextEquiv>
                        <Unicode>avec</Unicode>
                    </TextEquiv>
                    <TextStyle fontFamily="Times New Roman" fontSize="8.5"/>
                </Word>
                <Word id="w_w1aab1b3b2b3c25ac23" language="English" custom="readingOrder {index:2;}">
                    <Coords points="505,1041 570,1041 570,1080 505,1080"/>
                    <TextEquiv>
                        <Unicode>des</Unicode>
                    </TextEquiv>
                    <TextStyle fontFamily="Times New Roman" fontSize="8.5"/>
                </Word>
                <Word id="w_w1aab1b3b2b3c25ac31" language="English" custom="readingOrder {index:3;}">
                    <Coords points="588,1041 697,1041 697,1088 588,1088"/>
                    <TextEquiv>
                        <Unicode>vrais,</Unicode>
                    </TextEquiv>
                    <TextStyle fontFamily="Times New Roman" fontSize="8.5"/>
                </Word>
                <Word id="w_w1aab1b3b2b3c25ac45" language="English" custom="readingOrder {index:4;}">
                    <Coords points="724,1041 788,1041 788,1080 724,1080"/>
                    <TextEquiv>
                        <Unicode>des</Unicode>
                    </TextEquiv>
                    <TextStyle fontFamily="Times New Roman" fontSize="8.5"/>
                </Word>
                <Word id="w_w1aab1b3b2b3c25ac53" language="English" custom="readingOrder {index:5;}">
                    <Coords points="809,1041 1008,1041 1008,1080 809,1080"/>
                    <TextEquiv>
                        <Unicode>fac-similé</Unicode>
                    </TextEquiv>
                    <TextStyle fontFamily="Times New Roman" fontSize="8.5"/>
                </Word>
                <Word id="w_w1aab1b3b2b3c25ac75" language="English" custom="readingOrder {index:6;}">
                    <Coords points="1029,1041 1245,1041 1245,1080 1029,1080"/>
                    <TextEquiv>
                        <Unicode>d’écritures</Unicode>
                    </TextEquiv>
                    <TextStyle fontFamily="Times New Roman" fontSize="8.5"/>
                </Word>
                <Word id="w_w1aab1b3b2b3c25ac99" language="English" custom="readingOrder {index:7;}">
                    <Coords points="1264,1047 1301,1047 1301,1080 1264,1080"/>
                    <TextEquiv>
                        <Unicode>et</Unicode>
                    </TextEquiv>
                    <TextStyle fontFamily="Times New Roman" fontSize="8.5"/>
                </Word>
                <Word id="w_w1aab1b3b2b3c25ad105" language="English" custom="readingOrder {index:8;}">
                    <Coords points="1319,1041 1384,1041 1384,1080 1319,1080"/>
                    <TextEquiv>
                        <Unicode>des</Unicode>
                    </TextEquiv>
                    <TextStyle fontFamily="Times New Roman" fontSize="8.5"/>
                </Word>
                <Word id="w_w1aab1b3b2b3c25ad113" language="English" custom="readingOrder {index:9;}">
                    <Coords points="1404,1040 1547,1040 1547,1080 1404,1080"/>
                    <TextEquiv>
                        <Unicode>feuilles</Unicode>
                    </TextEquiv>
                    <TextStyle fontFamily="Times New Roman" fontSize="8.5"/>
                </Word>
                <Word id="w_w1aab1b3b2b3c25ad131" language="English" custom="readingOrder {index:10;}">
                    <Coords points="1564,1041 1609,1041 1609,1080 1564,1080"/>
                    <TextEquiv>
                        <Unicode>de</Unicode>
                    </TextEquiv>
                    <TextStyle fontFamily="Times New Roman" fontSize="8.5"/>
                </Word>
                <Word id="w_w1aab1b3b2b3c25ad137" language="English" custom="readingOrder {index:11;}">
                    <Coords points="1624,1041 1737,1041 1737,1091 1624,1091"/>
                    <TextEquiv>
                        <Unicode>garde</Unicode>
                    </TextEquiv>
                    <TextStyle fontFamily="Times New Roman" fontSize="8.5"/>
                </Word>
                <TextEquiv>
                    <Unicode>mêlés avec des vrais, des fac-similé d’écritures et des feuilles de garde</Unicode>
                </TextEquiv>
                <TextStyle fontFamily="Times New Roman" fontSize="8.5"/>
            </TextLine>
            <TextLine id="tl_18" primaryLanguage="English" custom="readingOrder {index:13;}">
                <Coords points="265,1091 894,1091 894,1131 265,1131"/>
                <Baseline points="265,1131 894,1131"/>
                <Word id="w_w1aab1b3b2b3c27ab1" language="English" custom="readingOrder {index:0;}">
                    <Coords points="265,1092 455,1092 455,1131 265,1131"/>
                    <TextEquiv>
                        <Unicode>arrachées</Unicode>
                    </TextEquiv>
                    <TextStyle fontFamily="Times New Roman" fontSize="8.5"/>
                </Word>
                <Word id="w_w1aab1b3b2b3c27ac21" language="English" custom="readingOrder {index:1;}">
                    <Coords points="477,1094 499,1094 499,1131 477,1131"/>
                    <TextEquiv>
                        <Unicode>à</Unicode>
                    </TextEquiv>
                    <TextStyle fontFamily="Times New Roman" fontSize="8.5"/>
                </Word>
                <Word id="w_w1aab1b3b2b3c27ac25" language="English" custom="readingOrder {index:2;}">
                    <Coords points="516,1091 579,1091 579,1131 516,1131"/>
                    <TextEquiv>
                        <Unicode>des</Unicode>
                    </TextEquiv>
                    <TextStyle fontFamily="Times New Roman" fontSize="8.5"/>
                </Word>
                <Word id="w_w1aab1b3b2b3c27ac33" language="English" custom="readingOrder {index:3;}">
                    <Coords points="600,1091 710,1091 710,1130 600,1130"/>
                    <TextEquiv>
                        <Unicode>livres</Unicode>
                    </TextEquiv>
                    <TextStyle fontFamily="Times New Roman" fontSize="8.5"/>
                </Word>
                <Word id="w_w1aab1b3b2b3c27ac47" language="English" custom="readingOrder {index:4;}">
                    <Coords points="729,1091 894,1091 894,1130 729,1130"/>
                    <TextEquiv>
                        <Unicode>anciens.</Unicode>
                    </TextEquiv>
                    <TextStyle fontFamily="Times New Roman" fontSize="8.5"/>
                </Word>
                <TextEquiv>
                    <Unicode>arrachées à des livres anciens.</Unicode>
                </TextEquiv>
                <TextStyle fontFamily="Times New Roman" fontSize="8.5"/>
            </TextLine>
            <TextEquiv>
                <Unicode>M. Muffat, qui avait conçu quelques doutes, fit présenter ces auto¬
graphes à M Etienne Charavay, qui n’eut pas de peine à reconnaître
la fraude, évidente pour un'expert. A quelques jours de là. la
mère II. présentait un nouveau lot d’autographes de la même farine,
non plus à M. Muffat, qui se fût contenté de la chasser avec semonce
et menaces, mais à M Etienne Charavay, qui la fit arrêter. En présence
de M. Bérillon, commissaire de police au Palais-de-Justice, elle dut
décliner ses véritables noms et adresse. Elle avoua, en larmes, que ces
autographes avaient été fabriqués par son fils, employé à la Compagnie
d’assurance le Soleil. On a arrêté celui-ci à son bureau, où il était en
train de copier un autographe de Silvio Pellico, et l’on fit perquisition
à son domicile, à Levallois-Perret. On y trouva des autographes faux
mêlés avec des vrais, des fac-similé d’écritures et des feuilles de garde
arrachées à des livres anciens.</Unicode>
            </TextEquiv>
        </TextRegion>
        <TextRegion type="paragraph" id="r_2_3" custom="readingOrder {index:3;}">
            <Coords points="261,1149 1739,1149 1739,1707 261,1707"/>
            <TextLine id="tl_19" primaryLanguage="English" custom="readingOrder {index:0;}">
                <Coords points="315,1150 1728,1150 1728,1203 315,1203"/>
                <Baseline points="315,1191 1728,1191"/>
                <Word id="w_w1aab1b3b2b5b1ab1" language="English" custom="readingOrder {index:0;}">
                    <Coords points="315,1154 364,1154 364,1192 315,1192"/>
                    <TextEquiv>
                        <Unicode>Ce</Unicode>
                    </TextEquiv>
                    <TextStyle fontFamily="Times New Roman" fontSize="8.5"/>
                </Word>
                <Word id="w_w1aab1b3b2b5b1ab7" language="English" custom="readingOrder {index:1;}">
                    <Coords points="381,1154 492,1154 492,1203 381,1203"/>
                    <TextEquiv>
                        <Unicode>jeune</Unicode>
                    </TextEquiv>
                    <TextStyle fontFamily="Times New Roman" fontSize="8.5"/>
                </Word>
                <Word id="w_w1aab1b3b2b5b1ac19" language="English" custom="readingOrder {index:2;}">
                    <Coords points="510,1152 668,1152 668,1198 510,1198"/>
                    <TextEquiv>
                        <Unicode>homme,</Unicode>
                    </TextEquiv>
                    <TextStyle fontFamily="Times New Roman" fontSize="8.5"/>
                </Word>
                <Word id="w_w1aab1b3b2b5b1ac33" language="English" custom="readingOrder {index:3;}">
                    <Coords points="687,1150 755,1150 755,1202 687,1202"/>
                    <TextEquiv>
                        <Unicode>âgé</Unicode>
                    </TextEquiv>
                    <TextStyle fontFamily="Times New Roman" fontSize="8.5"/>
                </Word>
                <Word id="w_w1aab1b3b2b5b1ac41" language="English" custom="readingOrder {index:4;}">
                    <Coords points="767,1151 812,1151 812,1191 767,1191"/>
                    <TextEquiv>
                        <Unicode>de</Unicode>
                    </TextEquiv>
                    <TextStyle fontFamily="Times New Roman" fontSize="8.5"/>
                </Word>
                <Word id="w_w1aab1b3b2b5b1ac47" language="English" custom="readingOrder {index:5;}">
                    <Coords points="833,1152 1042,1152 1042,1203 833,1203"/>
                    <TextEquiv>
                        <Unicode>vingt-huit</Unicode>
                    </TextEquiv>
                    <TextStyle fontFamily="Times New Roman" fontSize="8.5"/>
                </Word>
                <Word id="w_w1aab1b3b2b5b1ac69" language="English" custom="readingOrder {index:6;}">
                    <Coords points="1059,1164 1138,1164 1138,1201 1059,1201"/>
                    <TextEquiv>
                        <Unicode>ans,</Unicode>
                    </TextEquiv>
                    <TextStyle fontFamily="Times New Roman" fontSize="8.5"/>
                </Word>
                <Word id="w_w1aab1b3b2b5b1ac79" language="English" custom="readingOrder {index:7;}">
                    <Coords points="1158,1158 1214,1158 1214,1191 1158,1191"/>
                    <TextEquiv>
                        <Unicode>est</Unicode>
                    </TextEquiv>
                    <TextStyle fontFamily="Times New Roman" fontSize="8.5"/>
                </Word>
                <Word id="w_w1aab1b3b2b5b1ac87" language="English" custom="readingOrder {index:8;}">
                    <Coords points="1229,1152 1343,1152 1343,1191 1229,1191"/>
                    <TextEquiv>
                        <Unicode>marié</Unicode>
                    </TextEquiv>
                    <TextStyle fontFamily="Times New Roman" fontSize="8.5"/>
                </Word>
                <Word id="w_w1aab1b3b2b5b1ac99" language="English" custom="readingOrder {index:9;}">
                    <Coords points="1362,1158 1399,1158 1399,1191 1362,1191"/>
                    <TextEquiv>
                        <Unicode>et</Unicode>
                    </TextEquiv>
                    <TextStyle fontFamily="Times New Roman" fontSize="8.5"/>
                </Word>
                <Word id="w_w1aab1b3b2b5b1ad105" language="English" custom="readingOrder {index:10;}">
                    <Coords points="1421,1154 1506,1154 1506,1203 1421,1203"/>
                    <TextEquiv>
                        <Unicode>père</Unicode>
                    </TextEquiv>
                    <TextStyle fontFamily="Times New Roman" fontSize="8.5"/>
                </Word>
                <Word id="w_w1aab1b3b2b5b1ad115" language="English" custom="readingOrder {index:11;}">
                    <Coords points="1518,1152 1563,1152 1563,1190 1518,1190"/>
                    <TextEquiv>
                        <Unicode>de</Unicode>
                    </TextEquiv>
                    <TextStyle fontFamily="Times New Roman" fontSize="8.5"/>
                </Word>
                <Word id="w_w1aab1b3b2b5b1ad121" language="English" custom="readingOrder {index:12;}">
                    <Coords points="1580,1152 1728,1152 1728,1192 1580,1192"/>
                    <TextEquiv>
                        <Unicode>famille.</Unicode>
                    </TextEquiv>
                    <TextStyle fontFamily="Times New Roman" fontSize="8.5"/>
                </Word>
                <TextEquiv>
                    <Unicode>Ce jeune homme, âgé de vingt-huit ans, est marié et père de famille.</Unicode>
                </TextEquiv>
                <TextStyle fontFamily="Times New Roman" fontSize="8.5"/>
            </TextLine>
            <TextLine id="tl_20" primaryLanguage="English" custom="readingOrder {index:1;}">
                <Coords points="268,1202 1729,1202 1729,1254 268,1254"/>
                <Baseline points="268,1241 1729,1241"/>
                <Word id="w_w1aab1b3b2b5b3ab1" language="English" custom="readingOrder {index:0;}">
                    <Coords points="268,1204 292,1204 292,1241 268,1241"/>
                    <TextEquiv>
                        <Unicode>Il</Unicode>
                    </TextEquiv>
                    <TextStyle fontFamily="Times New Roman" fontSize="8.5"/>
                </Word>
                <Word id="w_w1aab1b3b2b5b3ab7" language="English" custom="readingOrder {index:1;}">
                    <Coords points="312,1205 410,1205 410,1242 312,1242"/>
                    <TextEquiv>
                        <Unicode>avait</Unicode>
                    </TextEquiv>
                    <TextStyle fontFamily="Times New Roman" fontSize="8.5"/>
                </Word>
                <Word id="w_w1aab1b3b2b5b3ac19" language="English" custom="readingOrder {index:2;}">
                    <Coords points="428,1203 637,1203 637,1254 428,1254"/>
                    <TextEquiv>
                        <Unicode>également</Unicode>
                    </TextEquiv>
                    <TextStyle fontFamily="Times New Roman" fontSize="8.5"/>
                </Word>
                <Word id="w_w1aab1b3b2b5b3ac39" language="English" custom="readingOrder {index:3;}">
                    <Coords points="655,1214 719,1214 719,1241 655,1241"/>
                    <TextEquiv>
                        <Unicode>son</Unicode>
                    </TextEquiv>
                    <TextStyle fontFamily="Times New Roman" fontSize="8.5"/>
                </Word>
                <Word id="w_w1aab1b3b2b5b3ac47" language="English" custom="readingOrder {index:4;}">
                    <Coords points="738,1205 835,1205 835,1253 738,1253"/>
                    <TextEquiv>
                        <Unicode>père;</Unicode>
                    </TextEquiv>
                    <TextStyle fontFamily="Times New Roman" fontSize="8.5"/>
                </Word>
                <Word id="w_w1aab1b3b2b5b3ac59" language="English" custom="readingOrder {index:5;}">
                    <Coords points="847,1209 928,1209 928,1241 847,1241"/>
                    <TextEquiv>
                        <Unicode>tous</Unicode>
                    </TextEquiv>
                    <TextStyle fontFamily="Times New Roman" fontSize="8.5"/>
                </Word>
                <Word id="w_w1aab1b3b2b5b3ac69" language="English" custom="readingOrder {index:6;}">
                    <Coords points="947,1202 1151,1202 1151,1241 947,1241"/>
                    <TextEquiv>
                        <Unicode>habitaient</Unicode>
                    </TextEquiv>
                    <TextStyle fontFamily="Times New Roman" fontSize="8.5"/>
                </Word>
                <Word id="w_w1aab1b3b2b5b3ac91" language="English" custom="readingOrder {index:7;}">
                    <Coords points="1166,1202 1199,1202 1199,1241 1166,1241"/>
                    <TextEquiv>
                        <Unicode>le</Unicode>
                    </TextEquiv>
                    <TextStyle fontFamily="Times New Roman" fontSize="8.5"/>
                </Word>
                <Word id="w_w1aab1b3b2b5b3ac97" language="English" custom="readingOrder {index:8;}">
                    <Coords points="1215,1202 1332,1202 1332,1241 1215,1241"/>
                    <TextEquiv>
                        <Unicode>même</Unicode>
                    </TextEquiv>
                    <TextStyle fontFamily="Times New Roman" fontSize="8.5"/>
                </Word>
                <Word id="w_w1aab1b3b2b5b3ad107" language="English" custom="readingOrder {index:9;}">
                    <Coords points="1347,1202 1529,1202 1529,1241 1347,1241"/>
                    <TextEquiv>
                        <Unicode>domicile.</Unicode>
                    </TextEquiv>
                    <TextStyle fontFamily="Times New Roman" fontSize="8.5"/>
                </Word>
                <Word id="w_w1aab1b3b2b5b3ad127" language="English" custom="readingOrder {index:10;}">
                    <Coords points="1548,1203 1596,1203 1596,1240 1548,1240"/>
                    <TextEquiv>
                        <Unicode>La</Unicode>
                    </TextEquiv>
                    <TextStyle fontFamily="Times New Roman" fontSize="8.5"/>
                </Word>
                <Word id="w_w1aab1b3b2b5b3ad133" language="English" custom="readingOrder {index:11;}">
                    <Coords points="1620,1205 1729,1205 1729,1247 1620,1247"/>
                    <TextEquiv>
                        <Unicode>mère,</Unicode>
                    </TextEquiv>
                    <TextStyle fontFamily="Times New Roman" fontSize="8.5"/>
                </Word>
                <TextEquiv>
                    <Unicode>Il avait également son père; tous habitaient le même domicile. La mère,</Unicode>
                </TextEquiv>
                <TextStyle fontFamily="Times New Roman" fontSize="8.5"/>
            </TextLine>
            <TextLine id="tl_21" primaryLanguage="English" custom="readingOrder {index:2;}">
                <Coords points="266,1252 1734,1252 1734,1304 266,1304"/>
                <Baseline points="266,1291 1734,1291"/>
                <Word id="w_w1aab1b3b2b5b5ab1" language="English" custom="readingOrder {index:0;}">
                    <Coords points="266,1266 310,1266 310,1292 266,1292"/>
                    <TextEquiv>
                        <Unicode>en</Unicode>
                    </TextEquiv>
                    <TextStyle fontFamily="Times New Roman" fontSize="8.5"/>
                </Word>
                <Word id="w_w1aab1b3b2b5b5ab7" language="English" custom="readingOrder {index:1;}">
                    <Coords points="331,1254 519,1254 519,1294 331,1294"/>
                    <TextEquiv>
                        <Unicode>déclarant</Unicode>
                    </TextEquiv>
                    <TextStyle fontFamily="Times New Roman" fontSize="8.5"/>
                </Word>
                <Word id="w_w1aab1b3b2b5b5ac27" language="English" custom="readingOrder {index:2;}">
                    <Coords points="542,1253 573,1253 573,1292 542,1292"/>
                    <TextEquiv>
                        <Unicode>le</Unicode>
                    </TextEquiv>
                    <TextStyle fontFamily="Times New Roman" fontSize="8.5"/>
                </Word>
                <Word id="w_w1aab1b3b2b5b5ac33" language="English" custom="readingOrder {index:3;}">
                    <Coords points="595,1264 677,1264 677,1291 595,1291"/>
                    <TextEquiv>
                        <Unicode>nom</Unicode>
                    </TextEquiv>
                    <TextStyle fontFamily="Times New Roman" fontSize="8.5"/>
                </Word>
                <Word id="w_w1aab1b3b2b5b5ac41" language="English" custom="readingOrder {index:4;}">
                    <Coords points="698,1253 742,1253 742,1291 698,1291"/>
                    <TextEquiv>
                        <Unicode>de</Unicode>
                    </TextEquiv>
                    <TextStyle fontFamily="Times New Roman" fontSize="8.5"/>
                </Word>
                <Word id="w_w1aab1b3b2b5b5ac47" language="English" custom="readingOrder {index:5;}">
                    <Coords points="761,1265 825,1265 825,1291 761,1291"/>
                    <TextEquiv>
                        <Unicode>son</Unicode>
                    </TextEquiv>
                    <TextStyle fontFamily="Times New Roman" fontSize="8.5"/>
                </Word>
                <Word id="w_w1aab1b3b2b5b5ac55" language="English" custom="readingOrder {index:6;}">
                    <Coords points="849,1252 919,1252 919,1295 849,1295"/>
                    <TextEquiv>
                        <Unicode>fils,</Unicode>
                    </TextEquiv>
                    <TextStyle fontFamily="Times New Roman" fontSize="8.5"/>
                </Word>
                <Word id="w_w1aab1b3b2b5b5ac67" language="English" custom="readingOrder {index:7;}">
                    <Coords points="942,1252 1041,1252 1041,1291 942,1291"/>
                    <TextEquiv>
                        <Unicode>avait</Unicode>
                    </TextEquiv>
                    <TextStyle fontFamily="Times New Roman" fontSize="8.5"/>
                </Word>
                <Word id="w_w1aab1b3b2b5b5ac79" language="English" custom="readingOrder {index:8;}">
                    <Coords points="1060,1253 1194,1253 1194,1303 1060,1303"/>
                    <TextEquiv>
                        <Unicode>ajouté,</Unicode>
                    </TextEquiv>
                    <TextStyle fontFamily="Times New Roman" fontSize="8.5"/>
                </Word>
                <Word id="w_w1aab1b3b2b5b5ac95" language="English" custom="readingOrder {index:9;}">
                    <Coords points="1220,1253 1272,1253 1272,1292 1220,1292"/>
                    <TextEquiv>
                        <Unicode>les</Unicode>
                    </TextEquiv>
                    <TextStyle fontFamily="Times New Roman" fontSize="8.5"/>
                </Word>
                <Word id="w_w1aab1b3b2b5b5ad103" language="English" custom="readingOrder {index:10;}">
                    <Coords points="1292,1253 1424,1253 1424,1291 1292,1291"/>
                    <TextEquiv>
                        <Unicode>larmes</Unicode>
                    </TextEquiv>
                    <TextStyle fontFamily="Times New Roman" fontSize="8.5"/>
                </Word>
                <Word id="w_w1aab1b3b2b5b5ad117" language="English" custom="readingOrder {index:11;}">
                    <Coords points="1438,1264 1510,1264 1510,1291 1438,1291"/>
                    <TextEquiv>
                        <Unicode>aux</Unicode>
                    </TextEquiv>
                    <TextStyle fontFamily="Times New Roman" fontSize="8.5"/>
                </Word>
                <Word id="w_w1aab1b3b2b5b5ad125" language="English" custom="readingOrder {index:12;}">
                    <Coords points="1529,1264 1637,1264 1637,1298 1529,1298"/>
                    <TextEquiv>
                        <Unicode>veux,</Unicode>
                    </TextEquiv>
                    <TextStyle fontFamily="Times New Roman" fontSize="8.5"/>
                </Word>
                <Word id="w_w1aab1b3b2b5b5ad137" language="English" custom="readingOrder {index:13;}">
                    <Coords points="1662,1265 1734,1265 1734,1304 1662,1304"/>
                    <TextEquiv>
                        <Unicode>que</Unicode>
                    </TextEquiv>
                    <TextStyle fontFamily="Times New Roman" fontSize="8.5"/>
                </Word>
                <TextEquiv>
                    <Unicode>en déclarant le nom de son fils, avait ajouté, les larmes aux veux, que</Unicode>
                </TextEquiv>
                <TextStyle fontFamily="Times New Roman" fontSize="8.5"/>
            </TextLine>
            <TextLine id="tl_22" primaryLanguage="English" custom="readingOrder {index:3;}">
                <Coords points="265,1302 1732,1302 1732,1354 265,1354"/>
                <Baseline points="265,1342 1732,1342"/>
                <Word id="w_w1aab1b3b2b5b7ab1" language="English" custom="readingOrder {index:0;}">
                    <Coords points="265,1316 329,1316 329,1343 265,1343"/>
                    <TextEquiv>
                        <Unicode>son</Unicode>
                    </TextEquiv>
                    <TextStyle fontFamily="Times New Roman" fontSize="8.5"/>
                </Word>
                <Word id="w_w1aab1b3b2b5b7ab9" language="English" custom="readingOrder {index:1;}">
                    <Coords points="351,1304 482,1304 482,1354 351,1354"/>
                    <TextEquiv>
                        <Unicode>emploi</Unicode>
                    </TextEquiv>
                    <TextStyle fontFamily="Times New Roman" fontSize="8.5"/>
                </Word>
                <Word id="w_w1aab1b3b2b5b7ac23" language="English" custom="readingOrder {index:2;}">
                    <Coords points="503,1306 524,1306 524,1342 503,1342"/>
                    <TextEquiv>
                        <Unicode>à</Unicode>
                    </TextEquiv>
                    <TextStyle fontFamily="Times New Roman" fontSize="8.5"/>
                </Word>
                <Word id="w_w1aab1b3b2b5b7ac27" language="English" custom="readingOrder {index:3;}">
                    <Coords points="543,1303 575,1303 575,1342 543,1342"/>
                    <TextEquiv>
                        <Unicode>la</Unicode>
                    </TextEquiv>
                    <TextStyle fontFamily="Times New Roman" fontSize="8.5"/>
                </Word>
                <Word id="w_w1aab1b3b2b5b7ac33" language="English" custom="readingOrder {index:4;}">
                    <Coords points="594,1303 820,1303 820,1353 594,1353"/>
                    <TextEquiv>
                        <Unicode>Compagnie</Unicode>
                    </TextEquiv>
                    <TextStyle fontFamily="Times New Roman" fontSize="8.5"/>
                </Word>
                <Word id="w_w1aab1b3b2b5b7ac53" language="English" custom="readingOrder {index:5;}">
                    <Coords points="838,1302 1075,1302 1075,1342 838,1342"/>
                    <TextEquiv>
                        <Unicode>d’assurance</Unicode>
                    </TextEquiv>
                    <TextStyle fontFamily="Times New Roman" fontSize="8.5"/>
                </Word>
                <Word id="w_w1aab1b3b2b5b7ac77" language="English" custom="readingOrder {index:6;}">
                    <Coords points="1094,1315 1140,1315 1140,1342 1094,1342"/>
                    <TextEquiv>
                        <Unicode>ne</Unicode>
                    </TextEquiv>
                    <TextStyle fontFamily="Times New Roman" fontSize="8.5"/>
                </Word>
                <Word id="w_w1aab1b3b2b5b7ac83" language="English" custom="readingOrder {index:7;}">
                    <Coords points="1158,1303 1206,1303 1206,1342 1158,1342"/>
                    <TextEquiv>
                        <Unicode>lui</Unicode>
                    </TextEquiv>
                    <TextStyle fontFamily="Times New Roman" fontSize="8.5"/>
                </Word>
                <Word id="w_w1aab1b3b2b5b7ac91" language="English" custom="readingOrder {index:8;}">
                    <Coords points="1229,1308 1452,1308 1452,1353 1229,1353"/>
                    <TextEquiv>
                        <Unicode>permettant</Unicode>
                    </TextEquiv>
                    <TextStyle fontFamily="Times New Roman" fontSize="8.5"/>
                </Word>
                <Word id="w_w1aab1b3b2b5b7ad113" language="English" custom="readingOrder {index:9;}">
                    <Coords points="1473,1314 1537,1314 1537,1354 1473,1354"/>
                    <TextEquiv>
                        <Unicode>pas</Unicode>
                    </TextEquiv>
                    <TextStyle fontFamily="Times New Roman" fontSize="8.5"/>
                </Word>
                <Word id="w_w1aab1b3b2b5b7ad121" language="English" custom="readingOrder {index:10;}">
                    <Coords points="1552,1303 1597,1303 1597,1342 1552,1342"/>
                    <TextEquiv>
                        <Unicode>de</Unicode>
                    </TextEquiv>
                    <TextStyle fontFamily="Times New Roman" fontSize="8.5"/>
                </Word>
                <Word id="w_w1aab1b3b2b5b7ad127" language="English" custom="readingOrder {index:11;}">
                    <Coords points="1619,1303 1732,1303 1732,1353 1619,1353"/>
                    <TextEquiv>
                        <Unicode>vivre,</Unicode>
                    </TextEquiv>
                    <TextStyle fontFamily="Times New Roman" fontSize="8.5"/>
                </Word>
                <TextEquiv>
                    <Unicode>son emploi à la Compagnie d’assurance ne lui permettant pas de vivre,</Unicode>
                </TextEquiv>
                <TextStyle fontFamily="Times New Roman" fontSize="8.5"/>
            </TextLine>
            <TextLine id="tl_23" primaryLanguage="English" custom="readingOrder {index:4;}">
                <Coords points="267,1352 1736,1352 1736,1405 267,1405"/>
                <Baseline points="267,1392 1736,1392"/>
                <Word id="w_w1aab1b3b2b5b9ab1" language="English" custom="readingOrder {index:0;}">
                    <Coords points="267,1354 288,1354 288,1392 267,1392"/>
                    <TextEquiv>
                        <Unicode>il</Unicode>
                    </TextEquiv>
                    <TextStyle fontFamily="Times New Roman" fontSize="8.5"/>
                </Word>
                <Word id="w_w1aab1b3b2b5b9ab7" language="English" custom="readingOrder {index:1;}">
                    <Coords points="314,1354 509,1354 509,1405 314,1405"/>
                    <TextEquiv>
                        <Unicode>fabriquait</Unicode>
                    </TextEquiv>
                    <TextStyle fontFamily="Times New Roman" fontSize="8.5"/>
                </Word>
                <Word id="w_w1aab1b3b2b5b9ac29" language="English" custom="readingOrder {index:2;}">
                    <Coords points="541,1365 600,1365 600,1392 541,1392"/>
                    <TextEquiv>
                        <Unicode>ces</Unicode>
                    </TextEquiv>
                    <TextStyle fontFamily="Times New Roman" fontSize="8.5"/>
                </Word>
                <Word id="w_w1aab1b3b2b5b9ac37" language="English" custom="readingOrder {index:3;}">
                    <Coords points="630,1353 711,1353 711,1391 630,1391"/>
                    <TextEquiv>
                        <Unicode>faux</Unicode>
                    </TextEquiv>
                    <TextStyle fontFamily="Times New Roman" fontSize="8.5"/>
                </Word>
                <Word id="w_w1aab1b3b2b5b9ac47" language="English" custom="readingOrder {index:4;}">
                    <Coords points="743,1353 989,1353 989,1404 743,1404"/>
                    <TextEquiv>
                        <Unicode>autographes</Unicode>
                    </TextEquiv>
                    <TextStyle fontFamily="Times New Roman" fontSize="8.5"/>
                </Word>
                <Word id="w_w1aab1b3b2b5b9ac71" language="English" custom="readingOrder {index:5;}">
                    <Coords points="1022,1365 1114,1365 1114,1404 1022,1404"/>
                    <TextEquiv>
                        <Unicode>pour</Unicode>
                    </TextEquiv>
                    <TextStyle fontFamily="Times New Roman" fontSize="8.5"/>
                </Word>
                <Word id="w_w1aab1b3b2b5b9ac81" language="English" custom="readingOrder {index:6;}">
                    <Coords points="1142,1353 1319,1353 1319,1392 1142,1392"/>
                    <TextEquiv>
                        <Unicode>subvenir</Unicode>
                    </TextEquiv>
                    <TextStyle fontFamily="Times New Roman" fontSize="8.5"/>
                </Word>
                <Word id="w_w1aab1b3b2b5b9ac99" language="English" custom="readingOrder {index:7;}">
                    <Coords points="1351,1355 1373,1355 1373,1391 1351,1391"/>
                    <TextEquiv>
                        <Unicode>à</Unicode>
                    </TextEquiv>
                    <TextStyle fontFamily="Times New Roman" fontSize="8.5"/>
                </Word>
                <Word id="w_w1aab1b3b2b5b9ad103" language="English" custom="readingOrder {index:8;}">
                    <Coords points="1404,1365 1461,1365 1461,1392 1404,1392"/>
                    <TextEquiv>
                        <Unicode>ses</Unicode>
                    </TextEquiv>
                    <TextStyle fontFamily="Times New Roman" fontSize="8.5"/>
                </Word>
                <Word id="w_w1aab1b3b2b5b9ad111" language="English" custom="readingOrder {index:9;}">
                    <Coords points="1496,1352 1736,1352 1736,1393 1496,1393"/>
                    <TextEquiv>
                        <Unicode>nombreuses</Unicode>
                    </TextEquiv>
                    <TextStyle fontFamily="Times New Roman" fontSize="8.5"/>
                </Word>
                <TextEquiv>
                    <Unicode>il fabriquait ces faux autographes pour subvenir à ses nombreuses</Unicode>
                </TextEquiv>
                <TextStyle fontFamily="Times New Roman" fontSize="8.5"/>
            </TextLine>
            <TextLine id="tl_24" primaryLanguage="English" custom="readingOrder {index:5;}">
                <Coords points="265,1402 1734,1402 1734,1454 265,1454"/>
                <Baseline points="265,1442 1734,1442"/>
                <Word id="w_w1aab1b3b2b5c11ab1" language="English" custom="readingOrder {index:0;}">
                    <Coords points="265,1404 428,1404 428,1454 265,1454"/>
                    <TextEquiv>
                        <Unicode>charges.</Unicode>
                    </TextEquiv>
                    <TextStyle fontFamily="Times New Roman" fontSize="8.5"/>
                </Word>
                <Word id="w_w1aab1b3b2b5c11ac19" language="English" custom="readingOrder {index:1;}">
                    <Coords points="452,1404 509,1404 509,1443 452,1443"/>
                    <TextEquiv>
                        <Unicode>On</Unicode>
                    </TextEquiv>
                    <TextStyle fontFamily="Times New Roman" fontSize="8.5"/>
                </Word>
                <Word id="w_w1aab1b3b2b5c11ac25" language="English" custom="readingOrder {index:2;}">
                    <Coords points="525,1415 564,1415 564,1442 525,1442"/>
                    <TextEquiv>
                        <Unicode>se</Unicode>
                    </TextEquiv>
                    <TextStyle fontFamily="Times New Roman" fontSize="8.5"/>
                </Word>
                <Word id="w_w1aab1b3b2b5c11ac31" language="English" custom="readingOrder {index:3;}">
                    <Coords points="582,1402 762,1402 762,1442 582,1442"/>
                    <TextEquiv>
                        <Unicode>demande</Unicode>
                    </TextEquiv>
                    <TextStyle fontFamily="Times New Roman" fontSize="8.5"/>
                </Word>
                <Word id="w_w1aab1b3b2b5c11ac47" language="English" custom="readingOrder {index:4;}">
                    <Coords points="791,1403 932,1403 932,1454 791,1454"/>
                    <TextEquiv>
                        <Unicode>quelles</Unicode>
                    </TextEquiv>
                    <TextStyle fontFamily="Times New Roman" fontSize="8.5"/>
                </Word>
                <Word id="w_w1aab1b3b2b5c11ac63" language="English" custom="readingOrder {index:5;}">
                    <Coords points="965,1415 1173,1415 1173,1442 965,1442"/>
                    <TextEquiv>
                        <Unicode>ressources</Unicode>
                    </TextEquiv>
                    <TextStyle fontFamily="Times New Roman" fontSize="8.5"/>
                </Word>
                <Word id="w_w1aab1b3b2b5c11ac85" language="English" custom="readingOrder {index:6;}">
                    <Coords points="1207,1403 1405,1403 1405,1454 1207,1454"/>
                    <TextEquiv>
                        <Unicode>pouvaient</Unicode>
                    </TextEquiv>
                    <TextStyle fontFamily="Times New Roman" fontSize="8.5"/>
                </Word>
                <Word id="w_w1aab1b3b2b5c11ad105" language="English" custom="readingOrder {index:7;}">
                    <Coords points="1436,1410 1610,1410 1610,1453 1436,1453"/>
                    <TextEquiv>
                        <Unicode>apporter</Unicode>
                    </TextEquiv>
                    <TextStyle fontFamily="Times New Roman" fontSize="8.5"/>
                </Word>
                <Word id="w_w1aab1b3b2b5c11ad123" language="English" custom="readingOrder {index:8;}">
                    <Coords points="1642,1405 1734,1405 1734,1444 1642,1444"/>
                    <TextEquiv>
                        <Unicode>dans</Unicode>
                    </TextEquiv>
                    <TextStyle fontFamily="Times New Roman" fontSize="8.5"/>
                </Word>
                <TextEquiv>
                    <Unicode>charges. On se demande quelles ressources pouvaient apporter dans</Unicode>
                </TextEquiv>
                <TextStyle fontFamily="Times New Roman" fontSize="8.5"/>
            </TextLine>
            <TextLine id="tl_25" primaryLanguage="English" custom="readingOrder {index:6;}">
                <Coords points="262,1453 1733,1453 1733,1507 262,1507"/>
                <Baseline points="262,1492 1733,1492"/>
                <Word id="w_w1aab1b3b2b5c13ab1" language="English" custom="readingOrder {index:0;}">
                    <Coords points="262,1461 358,1461 358,1494 262,1494"/>
                    <TextEquiv>
                        <Unicode>cette</Unicode>
                    </TextEquiv>
                    <TextStyle fontFamily="Times New Roman" fontSize="8.5"/>
                </Word>
                <Word id="w_w1aab1b3b2b5c13ac13" language="English" custom="readingOrder {index:1;}">
                    <Coords points="380,1454 631,1454 631,1494 380,1494"/>
                    <TextEquiv>
                        <Unicode>malheureuse</Unicode>
                    </TextEquiv>
                    <TextStyle fontFamily="Times New Roman" fontSize="8.5"/>
                </Word>
                <Word id="w_w1aab1b3b2b5c13ac37" language="English" custom="readingOrder {index:2;}">
                    <Coords points="652,1453 789,1453 789,1492 652,1492"/>
                    <TextEquiv>
                        <Unicode>famille</Unicode>
                    </TextEquiv>
                    <TextStyle fontFamily="Times New Roman" fontSize="8.5"/>
                </Word>
                <Word id="w_w1aab1b3b2b5c13ac53" language="English" custom="readingOrder {index:3;}">
                    <Coords points="810,1455 860,1455 860,1492 810,1492"/>
                    <TextEquiv>
                        <Unicode>les</Unicode>
                    </TextEquiv>
                    <TextStyle fontFamily="Times New Roman" fontSize="8.5"/>
                </Word>
                <Word id="w_w1aab1b3b2b5c13ac61" language="English" custom="readingOrder {index:4;}">
                    <Coords points="883,1454 989,1454 989,1503 883,1503"/>
                    <TextEquiv>
                        <Unicode>vingt</Unicode>
                    </TextEquiv>
                    <TextStyle fontFamily="Times New Roman" fontSize="8.5"/>
                </Word>
                <Word id="w_w1aab1b3b2b5c13ac73" language="English" custom="readingOrder {index:5;}">
                    <Coords points="1005,1453 1126,1453 1126,1493 1005,1493"/>
                    <TextEquiv>
                        <Unicode>francs</Unicode>
                    </TextEquiv>
                    <TextStyle fontFamily="Times New Roman" fontSize="8.5"/>
                </Word>
                <Word id="w_w1aab1b3b2b5c13ac87" language="English" custom="readingOrder {index:6;}">
                    <Coords points="1143,1456 1272,1456 1272,1504 1143,1504"/>
                    <TextEquiv>
                        <Unicode>qu’ont</Unicode>
                    </TextEquiv>
                    <TextStyle fontFamily="Times New Roman" fontSize="8.5"/>
                </Word>
                <Word id="w_w1aab1b3b2b5c13ad101" language="English" custom="readingOrder {index:7;}">
                    <Coords points="1289,1454 1437,1454 1437,1505 1289,1505"/>
                    <TextEquiv>
                        <Unicode>produit</Unicode>
                    </TextEquiv>
                    <TextStyle fontFamily="Times New Roman" fontSize="8.5"/>
                </Word>
                <Word id="w_w1aab1b3b2b5c13ad117" language="English" custom="readingOrder {index:8;}">
                    <Coords points="1458,1455 1509,1455 1509,1492 1458,1492"/>
                    <TextEquiv>
                        <Unicode>les</Unicode>
                    </TextEquiv>
                    <TextStyle fontFamily="Times New Roman" fontSize="8.5"/>
                </Word>
                <Word id="w_w1aab1b3b2b5c13ad125" language="English" custom="readingOrder {index:9;}">
                    <Coords points="1526,1454 1733,1454 1733,1507 1526,1507"/>
                    <TextEquiv>
                        <Unicode>vingt-cinq</Unicode>
                    </TextEquiv>
                    <TextStyle fontFamily="Times New Roman" fontSize="8.5"/>
                </Word>
                <TextEquiv>
                    <Unicode>cette malheureuse famille les vingt francs qu’ont produit les vingt-cinq</Unicode>
                </TextEquiv>
                <TextStyle fontFamily="Times New Roman" fontSize="8.5"/>
            </TextLine>
            <TextLine id="tl_26" primaryLanguage="English" custom="readingOrder {index:7;}">
                <Coords points="264,1503 1733,1503 1733,1556 264,1556"/>
                <Baseline points="264,1542 1733,1542"/>
                <Word id="w_w1aab1b3b2b5c15ab1" language="English" custom="readingOrder {index:0;}">
                    <Coords points="264,1504 507,1504 507,1555 264,1555"/>
                    <TextEquiv>
                        <Unicode>autographes</Unicode>
                    </TextEquiv>
                    <TextStyle fontFamily="Times New Roman" fontSize="8.5"/>
                </Word>
                <Word id="w_w1aab1b3b2b5c15ac25" language="English" custom="readingOrder {index:1;}">
                    <Coords points="526,1504 609,1504 609,1543 526,1543"/>
                    <TextEquiv>
                        <Unicode>faux</Unicode>
                    </TextEquiv>
                    <TextStyle fontFamily="Times New Roman" fontSize="8.5"/>
                </Word>
                <Word id="w_w1aab1b3b2b5c15ac35" language="English" custom="readingOrder {index:2;}">
                    <Coords points="628,1504 768,1504 768,1542 628,1542"/>
                    <TextEquiv>
                        <Unicode>vendus</Unicode>
                    </TextEquiv>
                    <TextStyle fontFamily="Times New Roman" fontSize="8.5"/>
                </Word>
                <Word id="w_w1aab1b3b2b5c15ac49" language="English" custom="readingOrder {index:3;}">
                    <Coords points="790,1506 811,1506 811,1542 790,1542"/>
                    <TextEquiv>
                        <Unicode>à</Unicode>
                    </TextEquiv>
                    <TextStyle fontFamily="Times New Roman" fontSize="8.5"/>
                </Word>
                <Word id="w_w1aab1b3b2b5c15ac53" language="English" custom="readingOrder {index:4;}">
                    <Coords points="832,1504 879,1504 879,1542 832,1542"/>
                    <TextEquiv>
                        <Unicode>M.</Unicode>
                    </TextEquiv>
                    <TextStyle fontFamily="Times New Roman" fontSize="8.5"/>
                </Word>
                <Word id="w_w1aab1b3b2b5c15ac59" language="English" custom="readingOrder {index:5;}">
                    <Coords points="905,1503 1029,1503 1029,1543 905,1543"/>
                    <TextEquiv>
                        <Unicode>Muffat</Unicode>
                    </TextEquiv>
                    <TextStyle fontFamily="Times New Roman" fontSize="8.5"/>
                </Word>
                <Word id="w_w1aab1b3b2b5c15ac73" language="English" custom="readingOrder {index:6;}">
                    <Coords points="1044,1506 1050,1506 1050,1542 1044,1542"/>
                    <TextEquiv>
                        <Unicode>1</Unicode>
                    </TextEquiv>
                    <TextStyle fontFamily="Times New Roman" fontSize="8.5"/>
                </Word>
                <Word id="w_w1aab1b3b2b5c15ac77" language="English" custom="readingOrder {index:7;}">
                    <Coords points="1076,1504 1205,1504 1205,1543 1076,1543"/>
                    <TextEquiv>
                        <Unicode>Est-ce</Unicode>
                    </TextEquiv>
                    <TextStyle fontFamily="Times New Roman" fontSize="8.5"/>
                </Word>
                <Word id="w_w1aab1b3b2b5c15ac91" language="English" custom="readingOrder {index:8;}">
                    <Coords points="1223,1505 1318,1505 1318,1543 1223,1543"/>
                    <TextEquiv>
                        <Unicode>donc</Unicode>
                    </TextEquiv>
                    <TextStyle fontFamily="Times New Roman" fontSize="8.5"/>
                </Word>
                <Word id="w_w1aab1b3b2b5c15ad101" language="English" custom="readingOrder {index:9;}">
                    <Coords points="1338,1504 1372,1504 1372,1542 1338,1542"/>
                    <TextEquiv>
                        <Unicode>la</Unicode>
                    </TextEquiv>
                    <TextStyle fontFamily="Times New Roman" fontSize="8.5"/>
                </Word>
                <Word id="w_w1aab1b3b2b5c15ad107" language="English" custom="readingOrder {index:10;}">
                    <Coords points="1388,1505 1493,1505 1493,1555 1388,1555"/>
                    <TextEquiv>
                        <Unicode>peine</Unicode>
                    </TextEquiv>
                    <TextStyle fontFamily="Times New Roman" fontSize="8.5"/>
                </Word>
                <Word id="w_w1aab1b3b2b5c15ad119" language="English" custom="readingOrder {index:11;}">
                    <Coords points="1512,1503 1557,1503 1557,1543 1512,1543"/>
                    <TextEquiv>
                        <Unicode>de</Unicode>
                    </TextEquiv>
                    <TextStyle fontFamily="Times New Roman" fontSize="8.5"/>
                </Word>
                <Word id="w_w1aab1b3b2b5c15ad125" language="English" custom="readingOrder {index:12;}">
                    <Coords points="1579,1505 1733,1505 1733,1556 1579,1556"/>
                    <TextEquiv>
                        <Unicode>s’appli¬</Unicode>
                    </TextEquiv>
                    <TextStyle fontFamily="Times New Roman" fontSize="8.5"/>
                </Word>
                <TextEquiv>
                    <Unicode>autographes faux vendus à M. Muffat! Est-ce donc la peine de s’appli¬</Unicode>
                </TextEquiv>
                <TextStyle fontFamily="Times New Roman" fontSize="8.5"/>
            </TextLine>
            <TextLine id="tl_27" primaryLanguage="English" custom="readingOrder {index:8;}">
                <Coords points="264,1554 1729,1554 1729,1606 264,1606"/>
                <Baseline points="264,1593 1729,1593"/>
                <Word id="w_w1aab1b3b2b5c17ab1" language="English" custom="readingOrder {index:0;}">
                    <Coords points="264,1567 368,1567 368,1606 264,1606"/>
                    <TextEquiv>
                        <Unicode>quer,</Unicode>
                    </TextEquiv>
                    <TextStyle fontFamily="Times New Roman" fontSize="8.5"/>
                </Word>
                <Word id="w_w1aab1b3b2b5c17ac13" language="English" custom="readingOrder {index:1;}">
                    <Coords points="393,1554 438,1554 438,1594 393,1594"/>
                    <TextEquiv>
                        <Unicode>de</Unicode>
                    </TextEquiv>
                    <TextStyle fontFamily="Times New Roman" fontSize="8.5"/>
                </Word>
                <Word id="w_w1aab1b3b2b5c17ac19" language="English" custom="readingOrder {index:2;}">
                    <Coords points="457,1555 625,1555 625,1594 457,1594"/>
                    <TextEquiv>
                        <Unicode>tâtonner</Unicode>
                    </TextEquiv>
                    <TextStyle fontFamily="Times New Roman" fontSize="8.5"/>
                </Word>
                <Word id="w_w1aab1b3b2b5c17ac37" language="English" custom="readingOrder {index:3;}">
                    <Coords points="643,1565 706,1565 706,1592 643,1592"/>
                    <TextEquiv>
                        <Unicode>sur</Unicode>
                    </TextEquiv>
                    <TextStyle fontFamily="Times New Roman" fontSize="8.5"/>
                </Word>
                <Word id="w_w1aab1b3b2b5c17ac45" language="English" custom="readingOrder {index:4;}">
                    <Coords points="721,1554 787,1554 787,1592 721,1592"/>
                    <TextEquiv>
                        <Unicode>des</Unicode>
                    </TextEquiv>
                    <TextStyle fontFamily="Times New Roman" fontSize="8.5"/>
                </Word>
                <Word id="w_w1aab1b3b2b5c17ac53" language="English" custom="readingOrder {index:5;}">
                    <Coords points="803,1554 996,1554 996,1604 803,1604"/>
                    <TextEquiv>
                        <Unicode>originaux</Unicode>
                    </TextEquiv>
                    <TextStyle fontFamily="Times New Roman" fontSize="8.5"/>
                </Word>
                <Word id="w_w1aab1b3b2b5c17ac73" language="English" custom="readingOrder {index:6;}">
                    <Coords points="1014,1566 1059,1566 1059,1593 1014,1593"/>
                    <TextEquiv>
                        <Unicode>ou</Unicode>
                    </TextEquiv>
                    <TextStyle fontFamily="Times New Roman" fontSize="8.5"/>
                </Word>
                <Word id="w_w1aab1b3b2b5c17ac79" language="English" custom="readingOrder {index:7;}">
                    <Coords points="1075,1555 1138,1555 1138,1593 1075,1593"/>
                    <TextEquiv>
                        <Unicode>des</Unicode>
                    </TextEquiv>
                    <TextStyle fontFamily="Times New Roman" fontSize="8.5"/>
                </Word>
                <Word id="w_w1aab1b3b2b5c17ac87" language="English" custom="readingOrder {index:8;}">
                    <Coords points="1159,1554 1373,1554 1373,1599 1159,1599"/>
                    <TextEquiv>
                        <Unicode>fac-similé,</Unicode>
                    </TextEquiv>
                    <TextStyle fontFamily="Times New Roman" fontSize="8.5"/>
                </Word>
                <Word id="w_w1aab1b3b2b5c17ad111" language="English" custom="readingOrder {index:9;}">
                    <Coords points="1391,1554 1436,1554 1436,1593 1391,1593"/>
                    <TextEquiv>
                        <Unicode>de</Unicode>
                    </TextEquiv>
                    <TextStyle fontFamily="Times New Roman" fontSize="8.5"/>
                </Word>
                <Word id="w_w1aab1b3b2b5c17ad117" language="English" custom="readingOrder {index:10;}">
                    <Coords points="1451,1554 1670,1554 1670,1594 1451,1594"/>
                    <TextEquiv>
                        <Unicode>rassembler</Unicode>
                    </TextEquiv>
                    <TextStyle fontFamily="Times New Roman" fontSize="8.5"/>
                </Word>
                <Word id="w_w1aab1b3b2b5c17ad139" language="English" custom="readingOrder {index:11;}">
                    <Coords points="1682,1556 1729,1556 1729,1594 1682,1594"/>
                    <TextEquiv>
                        <Unicode>du</Unicode>
                    </TextEquiv>
                    <TextStyle fontFamily="Times New Roman" fontSize="8.5"/>
                </Word>
                <TextEquiv>
                    <Unicode>quer, de tâtonner sur des originaux ou des fac-similé, de rassembler du</Unicode>
                </TextEquiv>
                <TextStyle fontFamily="Times New Roman" fontSize="8.5"/>
            </TextLine>
            <TextLine id="tl_28" primaryLanguage="English" custom="readingOrder {index:9;}">
                <Coords points="264,1604 1733,1604 1733,1656 264,1656"/>
                <Baseline points="264,1643 1733,1643"/>
                <Word id="w_w1aab1b3b2b5c19ab1" language="English" custom="readingOrder {index:0;}">
                    <Coords points="264,1606 391,1606 391,1656 264,1656"/>
                    <TextEquiv>
                        <Unicode>papiei*</Unicode>
                    </TextEquiv>
                    <TextStyle fontFamily="Times New Roman" fontSize="8.5"/>
                </Word>
                <Word id="w_w1aab1b3b2b5c19b1b1" language="English" custom="readingOrder {index:1;}">
                    <Coords points="410,1606 459,1606 459,1642 410,1642"/>
                    <TextEquiv>
                        <Unicode>ad</Unicode>
                    </TextEquiv>
                    <TextStyle fontFamily="Times New Roman" fontSize="8.5" italic="true"/>
                </Word>
                <Word id="w_w1aab1b3b2b5c19b1b7" language="English" custom="readingOrder {index:2;}">
                    <Coords points="480,1605 562,1605 562,1647 480,1647"/>
                    <TextEquiv>
                        <Unicode>hoc,</Unicode>
                    </TextEquiv>
                    <TextStyle fontFamily="Times New Roman" fontSize="8.5" italic="true"/>
                </Word>
                <Word id="w_w1aab1b3b2b5c19b2b3" language="English" custom="readingOrder {index:3;}">
                    <Coords points="587,1611 676,1611 676,1652 587,1652"/>
                    <TextEquiv>
                        <Unicode>etc.,</Unicode>
                    </TextEquiv>
                    <TextStyle fontFamily="Times New Roman" fontSize="8.5"/>
                </Word>
                <Word id="w_w1aab1b3b2b5c19b2c15" language="English" custom="readingOrder {index:4;}">
                    <Coords points="712,1616 803,1616 803,1655 712,1655"/>
                    <TextEquiv>
                        <Unicode>pour</Unicode>
                    </TextEquiv>
                    <TextStyle fontFamily="Times New Roman" fontSize="8.5"/>
                </Word>
                <Word id="w_w1aab1b3b2b5c19b2c25" language="English" custom="readingOrder {index:5;}">
                    <Coords points="835,1604 984,1604 984,1649 835,1649"/>
                    <TextEquiv>
                        <Unicode>toucher</Unicode>
                    </TextEquiv>
                    <TextStyle fontFamily="Times New Roman" fontSize="8.5"/>
                </Word>
                <Word id="w_w1aab1b3b2b5c19b2c41" language="English" custom="readingOrder {index:6;}">
                    <Coords points="1016,1605 1136,1605 1136,1643 1016,1643"/>
                    <TextEquiv>
                        <Unicode>moins</Unicode>
                    </TextEquiv>
                    <TextStyle fontFamily="Times New Roman" fontSize="8.5"/>
                </Word>
                <Word id="w_w1aab1b3b2b5c19b2c53" language="English" custom="readingOrder {index:7;}">
                    <Coords points="1166,1604 1255,1604 1255,1644 1166,1644"/>
                    <TextEquiv>
                        <Unicode>d’un</Unicode>
                    </TextEquiv>
                    <TextStyle fontFamily="Times New Roman" fontSize="8.5"/>
                </Word>
                <Word id="w_w1aab1b3b2b5c19b2c63" language="English" custom="readingOrder {index:8;}">
                    <Coords points="1290,1605 1393,1605 1393,1644 1290,1644"/>
                    <TextEquiv>
                        <Unicode>franc</Unicode>
                    </TextEquiv>
                    <TextStyle fontFamily="Times New Roman" fontSize="8.5"/>
                </Word>
                <Word id="w_w1aab1b3b2b5c19b2c75" language="English" custom="readingOrder {index:9;}">
                    <Coords points="1420,1616 1485,1616 1485,1655 1420,1655"/>
                    <TextEquiv>
                        <Unicode>par</Unicode>
                    </TextEquiv>
                    <TextStyle fontFamily="Times New Roman" fontSize="8.5"/>
                </Word>
                <Word id="w_w1aab1b3b2b5c19b2c83" language="English" custom="readingOrder {index:10;}">
                    <Coords points="1518,1605 1652,1605 1652,1654 1518,1654"/>
                    <TextEquiv>
                        <Unicode>pièce?</Unicode>
                    </TextEquiv>
                    <TextStyle fontFamily="Times New Roman" fontSize="8.5"/>
                </Word>
                <Word id="w_w1aab1b3b2b5c19b2c97" language="English" custom="readingOrder {index:11;}">
                    <Coords points="1687,1607 1733,1607 1733,1645 1687,1645"/>
                    <TextEquiv>
                        <Unicode>Le</Unicode>
                    </TextEquiv>
                    <TextStyle fontFamily="Times New Roman" fontSize="8.5"/>
                </Word>
                <TextEquiv>
                    <Unicode>papier ad hoc, etc., pour toucher moins d’un franc par pièce? Le</Unicode>
                </TextEquiv>
            </TextLine>
            <TextLine id="tl_29" primaryLanguage="English" custom="readingOrder {index:10;}">
                <Coords points="264,1644 1738,1644 1738,1706 264,1706"/>
                <Baseline points="264,1694 1738,1694"/>
                <Word id="w_w1aab1b3b2b5c21ab1" language="English" custom="readingOrder {index:0;}">
                    <Coords points="264,1667 398,1667 398,1705 264,1705"/>
                    <TextEquiv>
                        <Unicode>pauvre</Unicode>
                    </TextEquiv>
                    <TextStyle fontFamily="Times New Roman" fontSize="8.5"/>
                </Word>
                <Word id="w_w1aab1b3b2b5c21ac15" language="English" custom="readingOrder {index:1;}">
                    <Coords points="415,1654 538,1654 538,1694 415,1694"/>
                    <TextEquiv>
                        <Unicode>diable</Unicode>
                    </TextEquiv>
                    <TextStyle fontFamily="Times New Roman" fontSize="8.5"/>
                </Word>
                <Word id="w_w1aab1b3b2b5c21ac29" language="English" custom="readingOrder {index:2;}">
                    <Coords points="556,1654 697,1654 697,1693 556,1693"/>
                    <TextEquiv>
                        <Unicode>n’eût-il</Unicode>
                    </TextEquiv>
                    <TextStyle fontFamily="Times New Roman" fontSize="8.5"/>
                </Word>
                <Word id="w_w1aab1b3b2b5c21ac47" language="English" custom="readingOrder {index:3;}">
                    <Coords points="722,1666 787,1666 787,1704 722,1704"/>
                    <TextEquiv>
                        <Unicode>pas</Unicode>
                    </TextEquiv>
                    <TextStyle fontFamily="Times New Roman" fontSize="8.5"/>
                </Word>
                <Word id="w_w1aab1b3b2b5c21ac55" language="English" custom="readingOrder {index:4;}">
                    <Coords points="813,1654 894,1654 894,1705 813,1705"/>
                    <TextEquiv>
                        <Unicode>plus</Unicode>
                    </TextEquiv>
                    <TextStyle fontFamily="Times New Roman" fontSize="8.5"/>
                </Word>
                <Word id="w_w1aab1b3b2b5c21ac65" language="English" custom="readingOrder {index:5;}">
                    <Coords points="922,1657 1041,1657 1041,1705 922,1705"/>
                    <TextEquiv>
                        <Unicode>gagné</Unicode>
                    </TextEquiv>
                    <TextStyle fontFamily="Times New Roman" fontSize="8.5"/>
                </Word>
                <Word id="w_w1aab1b3b2b5c21ac77" language="English" custom="readingOrder {index:6;}">
                    <Coords points="1062,1658 1084,1658 1084,1693 1062,1693"/>
                    <TextEquiv>
                        <Unicode>à</Unicode>
                    </TextEquiv>
                    <TextStyle fontFamily="Times New Roman" fontSize="8.5"/>
                </Word>
                <Word id="w_w1aab1b3b2b5c21ac81" language="English" custom="readingOrder {index:7;}">
                    <Coords points="1104,1655 1227,1655 1227,1705 1104,1705"/>
                    <TextEquiv>
                        <Unicode>copier</Unicode>
                    </TextEquiv>
                    <TextStyle fontFamily="Times New Roman" fontSize="8.5"/>
                </Word>
                <Word id="w_w1aab1b3b2b5c21ac95" language="English" custom="readingOrder {index:8;}">
                    <Coords points="1245,1655 1310,1655 1310,1694 1245,1694"/>
                    <TextEquiv>
                        <Unicode>des</Unicode>
                    </TextEquiv>
                    <TextStyle fontFamily="Times New Roman" fontSize="8.5"/>
                </Word>
                <Word id="w_w1aab1b3b2b5c21ad103" language="English" custom="readingOrder {index:9;}">
                    <Coords points="1331,1655 1489,1655 1489,1706 1331,1706"/>
                    <TextEquiv>
                        <Unicode>exploits</Unicode>
                    </TextEquiv>
                    <TextStyle fontFamily="Times New Roman" fontSize="8.5"/>
                </Word>
                <Word id="w_w1aab1b3b2b5c21ad121" language="English" custom="readingOrder {index:10;}">
                    <Coords points="1504,1644 1702,1644 1702,1695 1504,1695"/>
                    <TextEquiv>
                        <Unicode>d’huissier</Unicode>
                    </TextEquiv>
                    <TextStyle fontFamily="Times New Roman" fontSize="8.5"/>
                </Word>
                <Word id="w_w1aab1b3b2b5c21ad143" language="English" custom="readingOrder {index:11;}">
                    <Coords points="1718,1658 1738,1658 1738,1695 1718,1695"/>
                    <TextEquiv>
                        <Unicode>?</Unicode>
                    </TextEquiv>
                    <TextStyle fontFamily="Times New Roman" fontSize="8.5"/>
                </Word>
                <TextEquiv>
                    <Unicode>pauvre diable n’eût-il pas plus gagné à copier des exploits d’huissier ?</Unicode>
                </TextEquiv>
                <TextStyle fontFamily="Times New Roman" fontSize="8.5"/>
            </TextLine>
            <TextEquiv>
                <Unicode>Ce jeune homme, âgé de vingt-huit ans, est marié et père de famille.
Il avait également son père; tous habitaient le même domicile. La mère,
en déclarant le nom de son fils, avait ajouté, les larmes aux veux, que
son emploi à la Compagnie d’assurance ne lui permettant pas de vivre,
il fabriquait ces faux autographes pour subvenir à ses nombreuses
charges. On se demande quelles ressources pouvaient apporter dans
cette malheureuse famille les vingt francs qu’ont produit les vingt-cinq
autographes faux vendus à M. Muffat! Est-ce donc la peine de s’appli¬
quer, de tâtonner sur des originaux ou des fac-similé, de rassembler du
papier ad hoc, etc., pour toucher moins d’un franc par pièce? Le
pauvre diable n’eût-il pas plus gagné à copier des exploits d’huissier ?</Unicode>
            </TextEquiv>
        </TextRegion>
        <TextRegion type="paragraph" id="r_2_4" custom="readingOrder {index:4;}">
            <Coords points="262,1709 1741,1709 1741,2164 262,2164"/>
            <TextLine id="tl_30" primaryLanguage="English" custom="readingOrder {index:0;}">
                <Coords points="314,1710 1737,1710 1737,1762 314,1762"/>
                <Baseline points="314,1749 1737,1749"/>
                <Word id="w_w1aab1b3b2b7b1ab1" language="English" custom="readingOrder {index:0;}">
                    <Coords points="314,1710 410,1710 410,1750 314,1750"/>
                    <TextEquiv>
                        <Unicode>C’est</Unicode>
                    </TextEquiv>
                    <TextStyle fontFamily="Times New Roman" fontSize="8.5"/>
                </Word>
                <Word id="w_w1aab1b3b2b7b1ac13" language="English" custom="readingOrder {index:1;}">
                    <Coords points="445,1710 635,1710 635,1762 445,1762"/>
                    <TextEquiv>
                        <Unicode>peut-être</Unicode>
                    </TextEquiv>
                    <TextStyle fontFamily="Times New Roman" fontSize="8.5"/>
                </Word>
                <Word id="w_w1aab1b3b2b7b1ac33" language="English" custom="readingOrder {index:2;}">
                    <Coords points="654,1721 695,1721 695,1748 654,1748"/>
                    <TextEquiv>
                        <Unicode>ce</Unicode>
                    </TextEquiv>
                    <TextStyle fontFamily="Times New Roman" fontSize="8.5"/>
                </Word>
                <Word id="w_w1aab1b3b2b7b1ac39" language="English" custom="readingOrder {index:3;}">
                    <Coords points="714,1710 803,1710 803,1760 714,1760"/>
                    <TextEquiv>
                        <Unicode>qu’il</Unicode>
                    </TextEquiv>
                    <TextStyle fontFamily="Times New Roman" fontSize="8.5"/>
                </Word>
                <Word id="w_w1aab1b3b2b7b1ac51" language="English" custom="readingOrder {index:4;}">
                    <Coords points="828,1712 890,1712 890,1749 828,1749"/>
                    <TextEquiv>
                        <Unicode>eût</Unicode>
                    </TextEquiv>
                    <TextStyle fontFamily="Times New Roman" fontSize="8.5"/>
                </Word>
                <Word id="w_w1aab1b3b2b7b1ac59" language="English" custom="readingOrder {index:5;}">
                    <Coords points="922,1710 984,1710 984,1749 922,1749"/>
                    <TextEquiv>
                        <Unicode>fini</Unicode>
                    </TextEquiv>
                    <TextStyle fontFamily="Times New Roman" fontSize="8.5"/>
                </Word>
                <Word id="w_w1aab1b3b2b7b1ac69" language="English" custom="readingOrder {index:6;}">
                    <Coords points="1018,1722 1081,1722 1081,1760 1018,1760"/>
                    <TextEquiv>
                        <Unicode>par</Unicode>
                    </TextEquiv>
                    <TextStyle fontFamily="Times New Roman" fontSize="8.5"/>
                </Word>
                <Word id="w_w1aab1b3b2b7b1ac77" language="English" custom="readingOrder {index:7;}">
                    <Coords points="1114,1711 1349,1711 1349,1750 1114,1750"/>
                    <TextEquiv>
                        <Unicode>reconnaître</Unicode>
                    </TextEquiv>
                    <TextStyle fontFamily="Times New Roman" fontSize="8.5"/>
                </Word>
                <Word id="w_w1aab1b3b2b7b1ad101" language="English" custom="readingOrder {index:8;}">
                    <Coords points="1381,1710 1437,1710 1437,1749 1381,1749"/>
                    <TextEquiv>
                        <Unicode>s’il</Unicode>
                    </TextEquiv>
                    <TextStyle fontFamily="Times New Roman" fontSize="8.5"/>
                </Word>
                <Word id="w_w1aab1b3b2b7b1ad111" language="English" custom="readingOrder {index:9;}">
                    <Coords points="1471,1711 1573,1711 1573,1749 1471,1749"/>
                    <TextEquiv>
                        <Unicode>n’eût</Unicode>
                    </TextEquiv>
                    <TextStyle fontFamily="Times New Roman" fontSize="8.5"/>
                </Word>
                <Word id="w_w1aab1b3b2b7b1ad123" language="English" custom="readingOrder {index:10;}">
                    <Coords points="1593,1723 1658,1723 1658,1762 1593,1762"/>
                    <TextEquiv>
                        <Unicode>pas</Unicode>
                    </TextEquiv>
                    <TextStyle fontFamily="Times New Roman" fontSize="8.5"/>
                </Word>
                <Word id="w_w1aab1b3b2b7b1ad131" language="English" custom="readingOrder {index:11;}">
                    <Coords points="1679,1714 1737,1714 1737,1752 1679,1752"/>
                    <TextEquiv>
                        <Unicode>été</Unicode>
                    </TextEquiv>
                    <TextStyle fontFamily="Times New Roman" fontSize="8.5"/>
                </Word>
                <TextEquiv>
                    <Unicode>C’est peut-être ce qu’il eût fini par reconnaître s’il n’eût pas été</Unicode>
                </TextEquiv>
                <TextStyle fontFamily="Times New Roman" fontSize="8.5"/>
            </TextLine>
            <TextLine id="tl_31" primaryLanguage="English" custom="readingOrder {index:1;}">
                <Coords points="263,1760 1735,1760 1735,1812 263,1812"/>
                <Baseline points="263,1799 1735,1799"/>
                <Word id="w_w1aab1b3b2b7b3ab1" language="English" custom="readingOrder {index:0;}">
                    <Coords points="263,1762 404,1762 404,1812 263,1812"/>
                    <TextEquiv>
                        <Unicode>surpris</Unicode>
                    </TextEquiv>
                    <TextStyle fontFamily="Times New Roman" fontSize="8.5"/>
                </Word>
                <Word id="w_w1aab1b3b2b7b3ac17" language="English" custom="readingOrder {index:1;}">
                    <Coords points="425,1772 472,1772 472,1800 425,1800"/>
                    <TextEquiv>
                        <Unicode>au</Unicode>
                    </TextEquiv>
                    <TextStyle fontFamily="Times New Roman" fontSize="8.5"/>
                </Word>
                <Word id="w_w1aab1b3b2b7b3ac23" language="English" custom="readingOrder {index:2;}">
                    <Coords points="493,1760 604,1760 604,1800 493,1800"/>
                    <TextEquiv>
                        <Unicode>début</Unicode>
                    </TextEquiv>
                    <TextStyle fontFamily="Times New Roman" fontSize="8.5"/>
                </Word>
                <Word id="w_w1aab1b3b2b7b3ac35" language="English" custom="readingOrder {index:3;}">
                    <Coords points="637,1760 682,1760 682,1798 637,1798"/>
                    <TextEquiv>
                        <Unicode>de</Unicode>
                    </TextEquiv>
                    <TextStyle fontFamily="Times New Roman" fontSize="8.5"/>
                </Word>
                <Word id="w_w1aab1b3b2b7b3ac41" language="English" custom="readingOrder {index:4;}">
                    <Coords points="700,1772 741,1772 741,1799 700,1799"/>
                    <TextEquiv>
                        <Unicode>sa</Unicode>
                    </TextEquiv>
                    <TextStyle fontFamily="Times New Roman" fontSize="8.5"/>
                </Word>
                <Word id="w_w1aab1b3b2b7b3ac47" language="English" custom="readingOrder {index:5;}">
                    <Coords points="763,1761 934,1761 934,1799 763,1799"/>
                    <TextEquiv>
                        <Unicode>carrière.</Unicode>
                    </TextEquiv>
                    <TextStyle fontFamily="Times New Roman" fontSize="8.5"/>
                </Word>
                <Word id="w_w1aab1b3b2b7b3ac67" language="English" custom="readingOrder {index:6;}">
                    <Coords points="976,1761 1028,1761 1028,1799 976,1799"/>
                    <TextEquiv>
                        <Unicode>Du</Unicode>
                    </TextEquiv>
                    <TextStyle fontFamily="Times New Roman" fontSize="8.5"/>
                </Word>
                <Word id="w_w1aab1b3b2b7b3ac73" language="English" custom="readingOrder {index:7;}">
                    <Coords points="1062,1767 1172,1767 1172,1803 1062,1803"/>
                    <TextEquiv>
                        <Unicode>reste,</Unicode>
                    </TextEquiv>
                    <TextStyle fontFamily="Times New Roman" fontSize="8.5"/>
                </Word>
                <Word id="w_w1aab1b3b2b7b3ac87" language="English" custom="readingOrder {index:8;}">
                    <Coords points="1200,1762 1222,1762 1222,1799 1200,1799"/>
                    <TextEquiv>
                        <Unicode>il</Unicode>
                    </TextEquiv>
                    <TextStyle fontFamily="Times New Roman" fontSize="8.5"/>
                </Word>
                <Word id="w_w1aab1b3b2b7b3ac93" language="English" custom="readingOrder {index:9;}">
                    <Coords points="1257,1773 1303,1773 1303,1800 1257,1800"/>
                    <TextEquiv>
                        <Unicode>ne</Unicode>
                    </TextEquiv>
                    <TextStyle fontFamily="Times New Roman" fontSize="8.5"/>
                </Word>
                <Word id="w_w1aab1b3b2b7b3ac99" language="English" custom="readingOrder {index:10;}">
                    <Coords points="1336,1761 1485,1761 1485,1811 1336,1811"/>
                    <TextEquiv>
                        <Unicode>pouvait</Unicode>
                    </TextEquiv>
                    <TextStyle fontFamily="Times New Roman" fontSize="8.5"/>
                </Word>
                <Word id="w_w1aab1b3b2b7b3ad115" language="English" custom="readingOrder {index:11;}">
                    <Coords points="1521,1761 1613,1761 1613,1800 1521,1800"/>
                    <TextEquiv>
                        <Unicode>aller</Unicode>
                    </TextEquiv>
                    <TextStyle fontFamily="Times New Roman" fontSize="8.5"/>
                </Word>
                <Word id="w_w1aab1b3b2b7b3ad127" language="English" custom="readingOrder {index:12;}">
                    <Coords points="1644,1762 1735,1762 1735,1801 1644,1801"/>
                    <TextEquiv>
                        <Unicode>loin.</Unicode>
                    </TextEquiv>
                    <TextStyle fontFamily="Times New Roman" fontSize="8.5"/>
                </Word>
                <TextEquiv>
                    <Unicode>surpris au début de sa carrière. Du reste, il ne pouvait aller loin.</Unicode>
                </TextEquiv>
                <TextStyle fontFamily="Times New Roman" fontSize="8.5"/>
            </TextLine>
            <TextLine id="tl_32" primaryLanguage="English" custom="readingOrder {index:2;}">
                <Coords points="268,1810 1738,1810 1738,1862 268,1862"/>
                <Baseline points="268,1850 1738,1850"/>
                <Word id="w_w1aab1b3b2b7b5ab1" language="English" custom="readingOrder {index:0;}">
                    <Coords points="268,1813 406,1813 406,1850 268,1850"/>
                    <TextEquiv>
                        <Unicode>Autour</Unicode>
                    </TextEquiv>
                    <TextStyle fontFamily="Times New Roman" fontSize="8.5"/>
                </Word>
                <Word id="w_w1aab1b3b2b7b5ac15" language="English" custom="readingOrder {index:1;}">
                    <Coords points="427,1811 474,1811 474,1850 427,1850"/>
                    <TextEquiv>
                        <Unicode>de</Unicode>
                    </TextEquiv>
                    <TextStyle fontFamily="Times New Roman" fontSize="8.5"/>
                </Word>
                <Word id="w_w1aab1b3b2b7b5ac21" language="English" custom="readingOrder {index:2;}">
                    <Coords points="487,1810 553,1810 553,1854 487,1854"/>
                    <TextEquiv>
                        <Unicode>soi,</Unicode>
                    </TextEquiv>
                    <TextStyle fontFamily="Times New Roman" fontSize="8.5"/>
                </Word>
                <Word id="w_w1aab1b3b2b7b5ac31" language="English" custom="readingOrder {index:3;}">
                    <Coords points="573,1822 620,1822 620,1849 573,1849"/>
                    <TextEquiv>
                        <Unicode>on</Unicode>
                    </TextEquiv>
                    <TextStyle fontFamily="Times New Roman" fontSize="8.5"/>
                </Word>
                <Word id="w_w1aab1b3b2b7b5ac37" language="English" custom="readingOrder {index:4;}">
                    <Coords points="637,1817 763,1817 763,1849 637,1849"/>
                    <TextEquiv>
                        <Unicode>trouve</Unicode>
                    </TextEquiv>
                    <TextStyle fontFamily="Times New Roman" fontSize="8.5"/>
                </Word>
                <Word id="w_w1aab1b3b2b7b5ac51" language="English" custom="readingOrder {index:5;}">
                    <Coords points="778,1822 845,1822 845,1861 778,1861"/>
                    <TextEquiv>
                        <Unicode>peu</Unicode>
                    </TextEquiv>
                    <TextStyle fontFamily="Times New Roman" fontSize="8.5"/>
                </Word>
                <Word id="w_w1aab1b3b2b7b5ac59" language="English" custom="readingOrder {index:6;}">
                    <Coords points="860,1810 906,1810 906,1849 860,1849"/>
                    <TextEquiv>
                        <Unicode>de</Unicode>
                    </TextEquiv>
                    <TextStyle fontFamily="Times New Roman" fontSize="8.5"/>
                </Word>
                <Word id="w_w1aab1b3b2b7b5ac65" language="English" custom="readingOrder {index:7;}">
                    <Coords points="924,1822 1124,1822 1124,1861 924,1861"/>
                    <TextEquiv>
                        <Unicode>personnes</Unicode>
                    </TextEquiv>
                    <TextStyle fontFamily="Times New Roman" fontSize="8.5"/>
                </Word>
                <Word id="w_w1aab1b3b2b7b5ac85" language="English" custom="readingOrder {index:8;}">
                    <Coords points="1142,1810 1328,1810 1328,1862 1142,1862"/>
                    <TextEquiv>
                        <Unicode>disposées</Unicode>
                    </TextEquiv>
                    <TextStyle fontFamily="Times New Roman" fontSize="8.5"/>
                </Word>
                <Word id="w_w1aab1b3b2b7b5ad105" language="English" custom="readingOrder {index:9;}">
                    <Coords points="1343,1815 1365,1815 1365,1850 1343,1850"/>
                    <TextEquiv>
                        <Unicode>à</Unicode>
                    </TextEquiv>
                    <TextStyle fontFamily="Times New Roman" fontSize="8.5"/>
                </Word>
                <Word id="w_w1aab1b3b2b7b5ad109" language="English" custom="readingOrder {index:10;}">
                    <Coords points="1385,1811 1532,1811 1532,1849 1385,1849"/>
                    <TextEquiv>
                        <Unicode>acheter</Unicode>
                    </TextEquiv>
                    <TextStyle fontFamily="Times New Roman" fontSize="8.5"/>
                </Word>
                <Word id="w_w1aab1b3b2b7b5ad125" language="English" custom="readingOrder {index:11;}">
                    <Coords points="1544,1812 1610,1812 1610,1850 1544,1850"/>
                    <TextEquiv>
                        <Unicode>des</Unicode>
                    </TextEquiv>
                    <TextStyle fontFamily="Times New Roman" fontSize="8.5"/>
                </Word>
                <Word id="w_w1aab1b3b2b7b5ad133" language="English" custom="readingOrder {index:12;}">
                    <Coords points="1630,1819 1738,1819 1738,1851 1630,1851"/>
                    <TextEquiv>
                        <Unicode>auto¬</Unicode>
                    </TextEquiv>
                    <TextStyle fontFamily="Times New Roman" fontSize="8.5"/>
                </Word>
                <TextEquiv>
                    <Unicode>Autour de soi, on trouve peu de personnes disposées à acheter des auto¬</Unicode>
                </TextEquiv>
                <TextStyle fontFamily="Times New Roman" fontSize="8.5"/>
            </TextLine>
            <TextLine id="tl_33" primaryLanguage="English" custom="readingOrder {index:3;}">
                <Coords points="266,1860 1737,1860 1737,1917 266,1917"/>
                <Baseline points="266,1900 1737,1900"/>
                <Word id="w_w1aab1b3b2b7b7ab1" language="English" custom="readingOrder {index:0;}">
                    <Coords points="266,1862 435,1862 435,1912 266,1912"/>
                    <TextEquiv>
                        <Unicode>graphes.</Unicode>
                    </TextEquiv>
                    <TextStyle fontFamily="Times New Roman" fontSize="8.5"/>
                </Word>
                <Word id="w_w1aab1b3b2b7b7ac19" language="English" custom="readingOrder {index:1;}">
                    <Coords points="475,1861 570,1861 570,1901 475,1901"/>
                    <TextEquiv>
                        <Unicode>Pour</Unicode>
                    </TextEquiv>
                    <TextStyle fontFamily="Times New Roman" fontSize="8.5"/>
                </Word>
                <Word id="w_w1aab1b3b2b7b7ac29" language="English" custom="readingOrder {index:2;}">
                    <Coords points="604,1861 726,1861 726,1917 604,1917"/>
                    <TextEquiv>
                        <Unicode>placer</Unicode>
                    </TextEquiv>
                    <TextStyle fontFamily="Times New Roman" fontSize="8.5"/>
                </Word>
                <Word id="w_w1aab1b3b2b7b7ac43" language="English" custom="readingOrder {index:3;}">
                    <Coords points="762,1872 821,1872 821,1899 762,1899"/>
                    <TextEquiv>
                        <Unicode>ces</Unicode>
                    </TextEquiv>
                    <TextStyle fontFamily="Times New Roman" fontSize="8.5"/>
                </Word>
                <Word id="w_w1aab1b3b2b7b7ac51" language="English" custom="readingOrder {index:4;}">
                    <Coords points="853,1860 971,1860 971,1911 853,1911"/>
                    <TextEquiv>
                        <Unicode>objets</Unicode>
                    </TextEquiv>
                    <TextStyle fontFamily="Times New Roman" fontSize="8.5"/>
                </Word>
                <Word id="w_w1aab1b3b2b7b7ac65" language="English" custom="readingOrder {index:5;}">
                    <Coords points="1003,1861 1048,1861 1048,1900 1003,1900"/>
                    <TextEquiv>
                        <Unicode>de</Unicode>
                    </TextEquiv>
                    <TextStyle fontFamily="Times New Roman" fontSize="8.5"/>
                </Word>
                <Word id="w_w1aab1b3b2b7b7ac71" language="English" custom="readingOrder {index:6;}">
                    <Coords points="1078,1861 1265,1861 1265,1906 1078,1906"/>
                    <TextEquiv>
                        <Unicode>curiosité,</Unicode>
                    </TextEquiv>
                    <TextStyle fontFamily="Times New Roman" fontSize="8.5"/>
                </Word>
                <Word id="w_w1aab1b3b2b7b7ac93" language="English" custom="readingOrder {index:7;}">
                    <Coords points="1304,1861 1327,1861 1327,1900 1304,1900"/>
                    <TextEquiv>
                        <Unicode>il</Unicode>
                    </TextEquiv>
                    <TextStyle fontFamily="Times New Roman" fontSize="8.5"/>
                </Word>
                <Word id="w_w1aab1b3b2b7b7ac99" language="English" custom="readingOrder {index:8;}">
                    <Coords points="1362,1861 1437,1861 1437,1900 1362,1900"/>
                    <TextEquiv>
                        <Unicode>faut</Unicode>
                    </TextEquiv>
                    <TextStyle fontFamily="Times New Roman" fontSize="8.5"/>
                </Word>
                <Word id="w_w1aab1b3b2b7b7ad109" language="English" custom="readingOrder {index:9;}">
                    <Coords points="1464,1862 1566,1862 1566,1900 1464,1900"/>
                    <TextEquiv>
                        <Unicode>avoir</Unicode>
                    </TextEquiv>
                    <TextStyle fontFamily="Times New Roman" fontSize="8.5"/>
                </Word>
                <Word id="w_w1aab1b3b2b7b7ad121" language="English" custom="readingOrder {index:10;}">
                    <Coords points="1588,1873 1737,1873 1737,1901 1588,1901"/>
                    <TextEquiv>
                        <Unicode>recours</Unicode>
                    </TextEquiv>
                    <TextStyle fontFamily="Times New Roman" fontSize="8.5"/>
                </Word>
                <TextEquiv>
                    <Unicode>graphes. Pour placer ces objets de curiosité, il faut avoir recours</Unicode>
                </TextEquiv>
                <TextStyle fontFamily="Times New Roman" fontSize="8.5"/>
            </TextLine>
            <TextLine id="tl_34" primaryLanguage="English" custom="readingOrder {index:4;}">
                <Coords points="266,1910 1740,1910 1740,1963 266,1963"/>
                <Baseline points="266,1950 1740,1950"/>
                <Word id="w_w1aab1b3b2b7b9ab1" language="English" custom="readingOrder {index:0;}">
                    <Coords points="266,1923 338,1923 338,1950 266,1950"/>
                    <TextEquiv>
                        <Unicode>aux</Unicode>
                    </TextEquiv>
                    <TextStyle fontFamily="Times New Roman" fontSize="8.5"/>
                </Word>
                <Word id="w_w1aab1b3b2b7b9ab9" language="English" custom="readingOrder {index:1;}">
                    <Coords points="375,1917 522,1917 522,1963 375,1963"/>
                    <TextEquiv>
                        <Unicode>experts</Unicode>
                    </TextEquiv>
                    <TextStyle fontFamily="Times New Roman" fontSize="8.5"/>
                </Word>
                <Word id="w_w1aab1b3b2b7b9ac25" language="English" custom="readingOrder {index:2;}">
                    <Coords points="564,1910 625,1910 625,1961 564,1961"/>
                    <TextEquiv>
                        <Unicode>qui</Unicode>
                    </TextEquiv>
                    <TextStyle fontFamily="Times New Roman" fontSize="8.5"/>
                </Word>
                <Word id="w_w1aab1b3b2b7b9ac33" language="English" custom="readingOrder {index:3;}">
                    <Coords points="669,1921 713,1921 713,1949 669,1949"/>
                    <TextEquiv>
                        <Unicode>en</Unicode>
                    </TextEquiv>
                    <TextStyle fontFamily="Times New Roman" fontSize="8.5"/>
                </Word>
                <Word id="w_w1aab1b3b2b7b9ac39" language="English" custom="readingOrder {index:4;}">
                    <Coords points="762,1911 839,1911 839,1949 762,1949"/>
                    <TextEquiv>
                        <Unicode>font</Unicode>
                    </TextEquiv>
                    <TextStyle fontFamily="Times New Roman" fontSize="8.5"/>
                </Word>
                <Word id="w_w1aab1b3b2b7b9ac49" language="English" custom="readingOrder {index:5;}">
                    <Coords points="886,1911 921,1911 921,1949 886,1949"/>
                    <TextEquiv>
                        <Unicode>le</Unicode>
                    </TextEquiv>
                    <TextStyle fontFamily="Times New Roman" fontSize="8.5"/>
                </Word>
                <Word id="w_w1aab1b3b2b7b9ac55" language="English" custom="readingOrder {index:6;}">
                    <Coords points="967,1922 1196,1922 1196,1955 967,1955"/>
                    <TextEquiv>
                        <Unicode>commerce,</Unicode>
                    </TextEquiv>
                    <TextStyle fontFamily="Times New Roman" fontSize="8.5"/>
                </Word>
                <Word id="w_w1aab1b3b2b7b9ac75" language="English" custom="readingOrder {index:7;}">
                    <Coords points="1239,1911 1300,1911 1300,1962 1239,1962"/>
                    <TextEquiv>
                        <Unicode>qui</Unicode>
                    </TextEquiv>
                    <TextStyle fontFamily="Times New Roman" fontSize="8.5"/>
                </Word>
                <Word id="w_w1aab1b3b2b7b9ac83" language="English" custom="readingOrder {index:8;}">
                    <Coords points="1346,1911 1445,1911 1445,1950 1346,1950"/>
                    <TextEquiv>
                        <Unicode>seuls</Unicode>
                    </TextEquiv>
                    <TextStyle fontFamily="Times New Roman" fontSize="8.5"/>
                </Word>
                <Word id="w_w1aab1b3b2b7b9ac95" language="English" custom="readingOrder {index:9;}">
                    <Coords points="1489,1918 1649,1918 1649,1961 1489,1961"/>
                    <TextEquiv>
                        <Unicode>peuvent</Unicode>
                    </TextEquiv>
                    <TextStyle fontFamily="Times New Roman" fontSize="8.5"/>
                </Word>
                <Word id="w_w1aab1b3b2b7b9ad111" language="English" custom="readingOrder {index:10;}">
                    <Coords points="1687,1913 1740,1913 1740,1952 1687,1952"/>
                    <TextEquiv>
                        <Unicode>les</Unicode>
                    </TextEquiv>
                    <TextStyle fontFamily="Times New Roman" fontSize="8.5"/>
                </Word>
                <TextEquiv>
                    <Unicode>aux experts qui en font le commerce, qui seuls peuvent les</Unicode>
                </TextEquiv>
                <TextStyle fontFamily="Times New Roman" fontSize="8.5"/>
            </TextLine>
            <TextLine id="tl_35" primaryLanguage="English" custom="readingOrder {index:5;}">
                <Coords points="268,1960 1737,1960 1737,2012 268,2012"/>
                <Baseline points="268,2000 1737,2000"/>
                <Word id="w_w1aab1b3b2b7c11ab1" language="English" custom="readingOrder {index:0;}">
                    <Coords points="268,1962 423,1962 423,2007 268,2007"/>
                    <TextEquiv>
                        <Unicode>écouler,</Unicode>
                    </TextEquiv>
                    <TextStyle fontFamily="Times New Roman" fontSize="8.5"/>
                </Word>
                <Word id="w_w1aab1b3b2b7c11ac19" language="English" custom="readingOrder {index:1;}">
                    <Coords points="450,1972 555,1972 555,2012 450,2012"/>
                    <TextEquiv>
                        <Unicode>parce</Unicode>
                    </TextEquiv>
                    <TextStyle fontFamily="Times New Roman" fontSize="8.5"/>
                </Word>
                <Word id="w_w1aab1b3b2b7c11ac31" language="English" custom="readingOrder {index:2;}">
                    <Coords points="577,1960 687,1960 687,2011 577,2011"/>
                    <TextEquiv>
                        <Unicode>qu’ils</Unicode>
                    </TextEquiv>
                    <TextStyle fontFamily="Times New Roman" fontSize="8.5"/>
                </Word>
                <Word id="w_w1aab1b3b2b7c11ac45" language="English" custom="readingOrder {index:3;}">
                    <Coords points="707,1966 770,1966 770,1999 707,1999"/>
                    <TextEquiv>
                        <Unicode>ont</Unicode>
                    </TextEquiv>
                    <TextStyle fontFamily="Times New Roman" fontSize="8.5"/>
                </Word>
                <Word id="w_w1aab1b3b2b7c11ac53" language="English" custom="readingOrder {index:4;}">
                    <Coords points="792,1961 825,1961 825,1999 792,1999"/>
                    <TextEquiv>
                        <Unicode>la</Unicode>
                    </TextEquiv>
                    <TextStyle fontFamily="Times New Roman" fontSize="8.5"/>
                </Word>
                <Word id="w_w1aab1b3b2b7c11ac59" language="English" custom="readingOrder {index:5;}">
                    <Coords points="851,1961 1042,1961 1042,1999 851,1999"/>
                    <TextEquiv>
                        <Unicode>confiance</Unicode>
                    </TextEquiv>
                    <TextStyle fontFamily="Times New Roman" fontSize="8.5"/>
                </Word>
                <Word id="w_w1aab1b3b2b7c11ac79" language="English" custom="readingOrder {index:6;}">
                    <Coords points="1071,1960 1134,1960 1134,1999 1071,1999"/>
                    <TextEquiv>
                        <Unicode>des</Unicode>
                    </TextEquiv>
                    <TextStyle fontFamily="Times New Roman" fontSize="8.5"/>
                </Word>
                <Word id="w_w1aab1b3b2b7c11ac87" language="English" custom="readingOrder {index:7;}">
                    <Coords points="1169,1969 1367,1969 1367,2008 1169,2008"/>
                    <TextEquiv>
                        <Unicode>amateurs,</Unicode>
                    </TextEquiv>
                    <TextStyle fontFamily="Times New Roman" fontSize="8.5"/>
                </Word>
                <Word id="w_w1aab1b3b2b7c11ad107" language="English" custom="readingOrder {index:8;}">
                    <Coords points="1393,1964 1414,1964 1414,2000 1393,2000"/>
                    <TextEquiv>
                        <Unicode>à</Unicode>
                    </TextEquiv>
                    <TextStyle fontFamily="Times New Roman" fontSize="8.5"/>
                </Word>
                <Word id="w_w1aab1b3b2b7c11ad111" language="English" custom="readingOrder {index:9;}">
                    <Coords points="1444,1964 1507,1964 1507,2012 1444,2012"/>
                    <TextEquiv>
                        <Unicode>qui</Unicode>
                    </TextEquiv>
                    <TextStyle fontFamily="Times New Roman" fontSize="8.5"/>
                </Word>
                <Word id="w_w1aab1b3b2b7c11ad119" language="English" custom="readingOrder {index:10;}">
                    <Coords points="1529,1962 1574,1962 1574,2002 1529,2002"/>
                    <TextEquiv>
                        <Unicode>ils</Unicode>
                    </TextEquiv>
                    <TextStyle fontFamily="Times New Roman" fontSize="8.5"/>
                </Word>
                <Word id="w_w1aab1b3b2b7c11ad127" language="English" custom="readingOrder {index:11;}">
                    <Coords points="1601,1974 1737,1974 1737,2012 1601,2012"/>
                    <TextEquiv>
                        <Unicode>garan¬</Unicode>
                    </TextEquiv>
                    <TextStyle fontFamily="Times New Roman" fontSize="8.5"/>
                </Word>
                <TextEquiv>
                    <Unicode>écouler, parce qu’ils ont la confiance des amateurs, à qui ils garan¬</Unicode>
                </TextEquiv>
                <TextStyle fontFamily="Times New Roman" fontSize="8.5"/>
            </TextLine>
            <TextLine id="tl_36" primaryLanguage="English" custom="readingOrder {index:6;}">
                <Coords points="268,2010 1738,2010 1738,2064 268,2064"/>
                <Baseline points="268,2050 1738,2050"/>
                <Word id="w_w1aab1b3b2b7c13ab1" language="English" custom="readingOrder {index:0;}">
                    <Coords points="268,2012 402,2012 402,2051 268,2051"/>
                    <TextEquiv>
                        <Unicode>tissent</Unicode>
                    </TextEquiv>
                    <TextStyle fontFamily="Times New Roman" fontSize="8.5"/>
                </Word>
                <Word id="w_w1aab1b3b2b7c13ac17" language="English" custom="readingOrder {index:1;}">
                    <Coords points="430,2010 700,2010 700,2050 430,2050"/>
                    <TextEquiv>
                        <Unicode>l’authenticité</Unicode>
                    </TextEquiv>
                    <TextStyle fontFamily="Times New Roman" fontSize="8.5"/>
                </Word>
                <Word id="w_w1aab1b3b2b7c13ac47" language="English" custom="readingOrder {index:2;}">
                    <Coords points="719,2010 782,2010 782,2049 719,2049"/>
                    <TextEquiv>
                        <Unicode>des</Unicode>
                    </TextEquiv>
                    <TextStyle fontFamily="Times New Roman" fontSize="8.5"/>
                </Word>
                <Word id="w_w1aab1b3b2b7c13ac55" language="English" custom="readingOrder {index:3;}">
                    <Coords points="804,2010 936,2010 936,2062 804,2062"/>
                    <TextEquiv>
                        <Unicode>pièces.</Unicode>
                    </TextEquiv>
                    <TextStyle fontFamily="Times New Roman" fontSize="8.5"/>
                </Word>
                <Word id="w_w1aab1b3b2b7c13ac71" language="English" custom="readingOrder {index:4;}">
                    <Coords points="962,2011 1053,2011 1053,2050 962,2050"/>
                    <TextEquiv>
                        <Unicode>Mais</Unicode>
                    </TextEquiv>
                    <TextStyle fontFamily="Times New Roman" fontSize="8.5"/>
                </Word>
                <Word id="w_w1aab1b3b2b7c13ac81" language="English" custom="readingOrder {index:5;}">
                    <Coords points="1074,2010 1272,2010 1272,2051 1074,2051"/>
                    <TextEquiv>
                        <Unicode>s’adresser</Unicode>
                    </TextEquiv>
                    <TextStyle fontFamily="Times New Roman" fontSize="8.5"/>
                </Word>
                <Word id="w_w1aab1b3b2b7c13ad103" language="English" custom="readingOrder {index:6;}">
                    <Coords points="1298,2024 1368,2024 1368,2051 1298,2051"/>
                    <TextEquiv>
                        <Unicode>aux</Unicode>
                    </TextEquiv>
                    <TextStyle fontFamily="Times New Roman" fontSize="8.5"/>
                </Word>
                <Word id="w_w1aab1b3b2b7c13ad111" language="English" custom="readingOrder {index:7;}">
                    <Coords points="1400,2018 1562,2018 1562,2061 1400,2061"/>
                    <TextEquiv>
                        <Unicode>experts,</Unicode>
                    </TextEquiv>
                    <TextStyle fontFamily="Times New Roman" fontSize="8.5"/>
                </Word>
                <Word id="w_w1aab1b3b2b7c13ad129" language="English" custom="readingOrder {index:8;}">
                    <Coords points="1588,2014 1650,2014 1650,2064 1588,2064"/>
                    <TextEquiv>
                        <Unicode>qui</Unicode>
                    </TextEquiv>
                    <TextStyle fontFamily="Times New Roman" fontSize="8.5"/>
                </Word>
                <Word id="w_w1aab1b3b2b7c13ad137" language="English" custom="readingOrder {index:9;}">
                    <Coords points="1672,2021 1738,2021 1738,2053 1672,2053"/>
                    <TextEquiv>
                        <Unicode>ont</Unicode>
                    </TextEquiv>
                    <TextStyle fontFamily="Times New Roman" fontSize="8.5"/>
                </Word>
                <TextEquiv>
                    <Unicode>tissent l’authenticité des pièces. Mais s’adresser aux experts, qui ont</Unicode>
                </TextEquiv>
                <TextStyle fontFamily="Times New Roman" fontSize="8.5"/>
            </TextLine>
            <TextLine id="tl_37" primaryLanguage="English" custom="readingOrder {index:7;}">
                <Coords points="269,2061 1740,2061 1740,2113 269,2113"/>
                <Baseline points="269,2101 1740,2101"/>
                <Word id="w_w1aab1b3b2b7c15ab1" language="English" custom="readingOrder {index:0;}">
                    <Coords points="269,2061 510,2061 510,2113 269,2113"/>
                    <TextEquiv>
                        <Unicode>l’expérience</Unicode>
                    </TextEquiv>
                    <TextStyle fontFamily="Times New Roman" fontSize="8.5"/>
                </Word>
                <Word id="w_w1aab1b3b2b7c15ac27" language="English" custom="readingOrder {index:1;}">
                    <Coords points="528,2066 564,2066 564,2100 528,2100"/>
                    <TextEquiv>
                        <Unicode>et</Unicode>
                    </TextEquiv>
                    <TextStyle fontFamily="Times New Roman" fontSize="8.5"/>
                </Word>
                <Word id="w_w1aab1b3b2b7c15ac33" language="English" custom="readingOrder {index:2;}">
                    <Coords points="583,2067 665,2067 665,2100 583,2100"/>
                    <TextEquiv>
                        <Unicode>tous</Unicode>
                    </TextEquiv>
                    <TextStyle fontFamily="Times New Roman" fontSize="8.5"/>
                </Word>
                <Word id="w_w1aab1b3b2b7c15ac43" language="English" custom="readingOrder {index:3;}">
                    <Coords points="688,2061 738,2061 738,2099 688,2099"/>
                    <TextEquiv>
                        <Unicode>les</Unicode>
                    </TextEquiv>
                    <TextStyle fontFamily="Times New Roman" fontSize="8.5"/>
                </Word>
                <Word id="w_w1aab1b3b2b7c15ac51" language="English" custom="readingOrder {index:4;}">
                    <Coords points="756,2072 907,2072 907,2112 756,2112"/>
                    <TextEquiv>
                        <Unicode>moyens</Unicode>
                    </TextEquiv>
                    <TextStyle fontFamily="Times New Roman" fontSize="8.5"/>
                </Word>
                <Word id="w_w1aab1b3b2b7c15ac65" language="English" custom="readingOrder {index:5;}">
                    <Coords points="926,2061 971,2061 971,2101 926,2101"/>
                    <TextEquiv>
                        <Unicode>de</Unicode>
                    </TextEquiv>
                    <TextStyle fontFamily="Times New Roman" fontSize="8.5"/>
                </Word>
                <Word id="w_w1aab1b3b2b7c15ac71" language="English" custom="readingOrder {index:6;}">
                    <Coords points="985,2061 1229,2061 1229,2104 985,2104"/>
                    <TextEquiv>
                        <Unicode>vérification,</Unicode>
                    </TextEquiv>
                    <TextStyle fontFamily="Times New Roman" fontSize="8.5"/>
                </Word>
                <Word id="w_w1aab1b3b2b7c15ac99" language="English" custom="readingOrder {index:7;}">
                    <Coords points="1250,2063 1340,2063 1340,2102 1250,2102"/>
                    <TextEquiv>
                        <Unicode>c’est</Unicode>
                    </TextEquiv>
                    <TextStyle fontFamily="Times New Roman" fontSize="8.5"/>
                </Word>
                <Word id="w_w1aab1b3b2b7c15ad111" language="English" custom="readingOrder {index:8;}">
                    <Coords points="1358,2074 1397,2074 1397,2101 1358,2101"/>
                    <TextEquiv>
                        <Unicode>se</Unicode>
                    </TextEquiv>
                    <TextStyle fontFamily="Times New Roman" fontSize="8.5"/>
                </Word>
                <Word id="w_w1aab1b3b2b7c15ad117" language="English" custom="readingOrder {index:9;}">
                    <Coords points="1416,2068 1561,2068 1561,2111 1416,2111"/>
                    <TextEquiv>
                        <Unicode>mettre,</Unicode>
                    </TextEquiv>
                    <TextStyle fontFamily="Times New Roman" fontSize="8.5"/>
                </Word>
                <Word id="w_w1aab1b3b2b7c15ad133" language="English" custom="readingOrder {index:10;}">
                    <Coords points="1599,2076 1740,2076 1740,2103 1599,2103"/>
                    <TextEquiv>
                        <Unicode>comme</Unicode>
                    </TextEquiv>
                    <TextStyle fontFamily="Times New Roman" fontSize="8.5"/>
                </Word>
                <TextEquiv>
                    <Unicode>l’expérience et tous les moyens de vérification, c’est se mettre, comme</Unicode>
                </TextEquiv>
                <TextStyle fontFamily="Times New Roman" fontSize="8.5"/>
            </TextLine>
            <TextLine id="tl_38" primaryLanguage="English" custom="readingOrder {index:8;}">
                <Coords points="268,2111 1090,2111 1090,2163 268,2163"/>
                <Baseline points="268,2150 1090,2150"/>
                <Word id="w_w1aab1b3b2b7c17ab1" language="English" custom="readingOrder {index:0;}">
                    <Coords points="268,2111 322,2111 322,2152 268,2152"/>
                    <TextEquiv>
                        <Unicode>dit</Unicode>
                    </TextEquiv>
                    <TextStyle fontFamily="Times New Roman" fontSize="8.5"/>
                </Word>
                <Word id="w_w1aab1b3b2b7c17ab9" language="English" custom="readingOrder {index:1;}">
                    <Coords points="343,2114 375,2114 375,2151 343,2151"/>
                    <TextEquiv>
                        <Unicode>le</Unicode>
                    </TextEquiv>
                    <TextStyle fontFamily="Times New Roman" fontSize="8.5"/>
                </Word>
                <Word id="w_w1aab1b3b2b7c17ac15" language="English" custom="readingOrder {index:2;}">
                    <Coords points="394,2112 584,2112 584,2163 394,2163"/>
                    <TextEquiv>
                        <Unicode>proverbe,</Unicode>
                    </TextEquiv>
                    <TextStyle fontFamily="Times New Roman" fontSize="8.5"/>
                </Word>
                <Word id="w_w1aab1b3b2b7c17ac35" language="English" custom="readingOrder {index:3;}">
                    <Coords points="606,2111 698,2111 698,2150 606,2150"/>
                    <TextEquiv>
                        <Unicode>dans</Unicode>
                    </TextEquiv>
                    <TextStyle fontFamily="Times New Roman" fontSize="8.5"/>
                </Word>
                <Word id="w_w1aab1b3b2b7c17ac45" language="English" custom="readingOrder {index:4;}">
                    <Coords points="719,2111 754,2111 754,2150 719,2150"/>
                    <TextEquiv>
                        <Unicode>la</Unicode>
                    </TextEquiv>
                    <TextStyle fontFamily="Times New Roman" fontSize="8.5"/>
                </Word>
                <Word id="w_w1aab1b3b2b7c17ac51" language="English" custom="readingOrder {index:5;}">
                    <Coords points="773,2112 907,2112 907,2162 773,2162"/>
                    <TextEquiv>
                        <Unicode>gueule</Unicode>
                    </TextEquiv>
                    <TextStyle fontFamily="Times New Roman" fontSize="8.5"/>
                </Word>
                <Word id="w_w1aab1b3b2b7c17ac65" language="English" custom="readingOrder {index:6;}">
                    <Coords points="925,2111 972,2111 972,2151 925,2151"/>
                    <TextEquiv>
                        <Unicode>du</Unicode>
                    </TextEquiv>
                    <TextStyle fontFamily="Times New Roman" fontSize="8.5"/>
                </Word>
                <Word id="w_w1aab1b3b2b7c17ac71" language="English" custom="readingOrder {index:7;}">
                    <Coords points="995,2112 1090,2112 1090,2162 995,2162"/>
                    <TextEquiv>
                        <Unicode>loup.</Unicode>
                    </TextEquiv>
                    <TextStyle fontFamily="Times New Roman" fontSize="8.5"/>
                </Word>
                <TextEquiv>
                    <Unicode>dit le proverbe, dans la gueule du loup.</Unicode>
                </TextEquiv>
                <TextStyle fontFamily="Times New Roman" fontSize="8.5"/>
            </TextLine>
            <TextEquiv>
                <Unicode>C’est peut-être ce qu’il eût fini par reconnaître s’il n’eût pas été
surpris au début de sa carrière. Du reste, il ne pouvait aller loin.
Autour de soi, on trouve peu de personnes disposées à acheter des auto¬
graphes. Pour placer ces objets de curiosité, il faut avoir recours
aux experts qui en font le commerce, qui seuls peuvent les
écouler, parce qu’ils ont la confiance des amateurs, à qui ils garan¬
tissent l’authenticité des pièces. Mais s’adresser aux experts, qui ont
l’expérience et tous les moyens de vérification, c’est se mettre, comme
dit le proverbe, dans la gueule du loup.</Unicode>
            </TextEquiv>
        </TextRegion>
        <TextRegion type="paragraph" id="r_2_5" custom="readingOrder {index:5;}">
            <Coords points="263,2168 1744,2168 1744,2574 263,2574"/>
            <TextLine id="tl_39" primaryLanguage="English" custom="readingOrder {index:0;}">
                <Coords points="321,2169 1739,2169 1739,2222 321,2222"/>
                <Baseline points="321,2210 1739,2210"/>
                <Word id="w_w1aab1b3b2b9b1ab1" language="English" custom="readingOrder {index:0;}">
                    <Coords points="321,2171 425,2171 425,2210 321,2210"/>
                    <TextEquiv>
                        <Unicode>Voilà</Unicode>
                    </TextEquiv>
                    <TextStyle fontFamily="Times New Roman" fontSize="8.5"/>
                </Word>
                <Word id="w_w1aab1b3b2b9b1ac13" language="English" custom="readingOrder {index:1;}">
                    <Coords points="444,2176 546,2176 546,2210 444,2210"/>
                    <TextEquiv>
                        <Unicode>toute</Unicode>
                    </TextEquiv>
                    <TextStyle fontFamily="Times New Roman" fontSize="8.5"/>
                </Word>
                <Word id="w_w1aab1b3b2b9b1ac25" language="English" custom="readingOrder {index:2;}">
                    <Coords points="566,2176 660,2176 660,2209 566,2209"/>
                    <TextEquiv>
                        <Unicode>celle</Unicode>
                    </TextEquiv>
                    <TextStyle fontFamily="Times New Roman" fontSize="8.5"/>
                </Word>
                <Word id="w_w1aab1b3b2b9b1ac37" language="English" custom="readingOrder {index:3;}">
                    <Coords points="679,2170 840,2170 840,2209 679,2209"/>
                    <TextEquiv>
                        <Unicode>fameuse</Unicode>
                    </TextEquiv>
                    <TextStyle fontFamily="Times New Roman" fontSize="8.5"/>
                </Word>
                <Word id="w_w1aab1b3b2b9b1ac53" language="English" custom="readingOrder {index:4;}">
                    <Coords points="852,2169 1006,2169 1006,2209 852,2209"/>
                    <TextEquiv>
                        <Unicode>histoire</Unicode>
                    </TextEquiv>
                    <TextStyle fontFamily="Times New Roman" fontSize="8.5"/>
                </Word>
                <Word id="w_w1aab1b3b2b9b1ac71" language="English" custom="readingOrder {index:5;}">
                    <Coords points="1027,2170 1116,2170 1116,2209 1027,2209"/>
                    <TextEquiv>
                        <Unicode>dont</Unicode>
                    </TextEquiv>
                    <TextStyle fontFamily="Times New Roman" fontSize="8.5"/>
                </Word>
                <Word id="w_w1aab1b3b2b9b1ac81" language="English" custom="readingOrder {index:6;}">
                    <Coords points="1135,2170 1188,2170 1188,2210 1135,2210"/>
                    <TextEquiv>
                        <Unicode>les</Unicode>
                    </TextEquiv>
                    <TextStyle fontFamily="Times New Roman" fontSize="8.5"/>
                </Word>
                <Word id="w_w1aab1b3b2b9b1ac89" language="English" custom="readingOrder {index:7;}">
                    <Coords points="1205,2172 1386,2172 1386,2222 1205,2222"/>
                    <TextEquiv>
                        <Unicode>journaux</Unicode>
                    </TextEquiv>
                    <TextStyle fontFamily="Times New Roman" fontSize="8.5"/>
                </Word>
                <Word id="w_w1aab1b3b2b9b1ad107" language="English" custom="readingOrder {index:8;}">
                    <Coords points="1406,2176 1470,2176 1470,2210 1406,2210"/>
                    <TextEquiv>
                        <Unicode>ont</Unicode>
                    </TextEquiv>
                    <TextStyle fontFamily="Times New Roman" fontSize="8.5"/>
                </Word>
                <Word id="w_w1aab1b3b2b9b1ad115" language="English" custom="readingOrder {index:9;}">
                    <Coords points="1491,2171 1556,2171 1556,2210 1491,2210"/>
                    <TextEquiv>
                        <Unicode>fait</Unicode>
                    </TextEquiv>
                    <TextStyle fontFamily="Times New Roman" fontSize="8.5"/>
                </Word>
                <Word id="w_w1aab1b3b2b9b1ad125" language="English" custom="readingOrder {index:10;}">
                    <Coords points="1570,2172 1599,2172 1599,2210 1570,2210"/>
                    <TextEquiv>
                        <Unicode>si</Unicode>
                    </TextEquiv>
                    <TextStyle fontFamily="Times New Roman" fontSize="8.5"/>
                </Word>
                <Word id="w_w1aab1b3b2b9b1ad131" language="English" custom="readingOrder {index:11;}">
                    <Coords points="1621,2173 1739,2173 1739,2222 1621,2222"/>
                    <TextEquiv>
                        <Unicode>grand</Unicode>
                    </TextEquiv>
                    <TextStyle fontFamily="Times New Roman" fontSize="8.5"/>
                </Word>
                <TextEquiv>
                    <Unicode>Voilà toute celle fameuse histoire dont les journaux ont fait si grand</Unicode>
                </TextEquiv>
                <TextStyle fontFamily="Times New Roman" fontSize="8.5"/>
            </TextLine>
            <TextLine id="tl_40" primaryLanguage="English" custom="readingOrder {index:1;}">
                <Coords points="272,2220 1740,2220 1740,2272 272,2272"/>
                <Baseline points="272,2259 1740,2259"/>
                <Word id="w_w1aab1b3b2b9b3ab1" language="English" custom="readingOrder {index:0;}">
                    <Coords points="272,2221 386,2221 386,2270 272,2270"/>
                    <TextEquiv>
                        <Unicode>bruit,</Unicode>
                    </TextEquiv>
                    <TextStyle fontFamily="Times New Roman" fontSize="8.5"/>
                </Word>
                <Word id="w_w1aab1b3b2b9b3ac15" language="English" custom="readingOrder {index:1;}">
                    <Coords points="410,2233 496,2233 496,2263 410,2263"/>
                    <TextEquiv>
                        <Unicode>sous</Unicode>
                    </TextEquiv>
                    <TextStyle fontFamily="Times New Roman" fontSize="8.5"/>
                </Word>
                <Word id="w_w1aab1b3b2b9b3ac25" language="English" custom="readingOrder {index:2;}">
                    <Coords points="513,2221 546,2221 546,2261 513,2261"/>
                    <TextEquiv>
                        <Unicode>le</Unicode>
                    </TextEquiv>
                    <TextStyle fontFamily="Times New Roman" fontSize="8.5"/>
                </Word>
                <Word id="w_w1aab1b3b2b9b3ac31" language="English" custom="readingOrder {index:3;}">
                    <Coords points="564,2220 652,2220 652,2259 564,2259"/>
                    <TextEquiv>
                        <Unicode>titre</Unicode>
                    </TextEquiv>
                    <TextStyle fontFamily="Times New Roman" fontSize="8.5"/>
                </Word>
                <Word id="w_w1aab1b3b2b9b3ac43" language="English" custom="readingOrder {index:4;}">
                    <Coords points="671,2220 832,2220 832,2272 671,2272"/>
                    <TextEquiv>
                        <Unicode>plaisant</Unicode>
                    </TextEquiv>
                    <TextStyle fontFamily="Times New Roman" fontSize="8.5"/>
                </Word>
                <Word id="w_w1aab1b3b2b9b3ac61" language="English" custom="readingOrder {index:5;}">
                    <Coords points="851,2220 916,2220 916,2259 851,2259"/>
                    <TextEquiv>
                        <Unicode>des</Unicode>
                    </TextEquiv>
                    <TextStyle fontFamily="Times New Roman" fontSize="8.5"/>
                </Word>
                <Word id="w_w1aab1b3b2b9b3b1b1" language="English" custom="readingOrder {index:6;}">
                    <Coords points="932,2221 1200,2221 1200,2270 932,2270"/>
                    <TextEquiv>
                        <Unicode>Autographes</Unicode>
                    </TextEquiv>
                    <TextStyle fontFamily="Times New Roman" fontSize="8.5" italic="true"/>
                </Word>
                <Word id="w_w1aab1b3b2b9b3b1c25" language="English" custom="readingOrder {index:7;}">
                    <Coords points="1219,2222 1262,2222 1262,2258 1219,2258"/>
                    <TextEquiv>
                        <Unicode>de</Unicode>
                    </TextEquiv>
                    <TextStyle fontFamily="Times New Roman" fontSize="8.5" italic="true"/>
                </Word>
                <Word id="w_w1aab1b3b2b9b3b1c31" language="English" custom="readingOrder {index:8;}">
                    <Coords points="1281,2223 1320,2223 1320,2258 1281,2258"/>
                    <TextEquiv>
                        <Unicode>la</Unicode>
                    </TextEquiv>
                    <TextStyle fontFamily="Times New Roman" fontSize="8.5" italic="true"/>
                </Word>
                <Word id="w_w1aab1b3b2b9b3b1c37" language="English" custom="readingOrder {index:9;}">
                    <Coords points="1340,2222 1439,2222 1439,2260 1340,2260"/>
                    <TextEquiv>
                        <Unicode>mère</Unicode>
                    </TextEquiv>
                    <TextStyle fontFamily="Times New Roman" fontSize="8.5" italic="true"/>
                </Word>
                <Word id="w_w1aab1b3b2b9b3b1c47" language="English" custom="readingOrder {index:10;}">
                    <Coords points="1456,2222 1607,2222 1607,2260 1456,2260"/>
                    <TextEquiv>
                        <Unicode>Michel.</Unicode>
                    </TextEquiv>
                    <TextStyle fontFamily="Times New Roman" fontSize="8.5" italic="true"/>
                </Word>
                <Word id="w_w1aab1b3b2b9b3b2b3" language="English" custom="readingOrder {index:11;}">
                    <Coords points="1636,2223 1693,2223 1693,2261 1636,2261"/>
                    <TextEquiv>
                        <Unicode>On</Unicode>
                    </TextEquiv>
                    <TextStyle fontFamily="Times New Roman" fontSize="8.5"/>
                </Word>
                <Word id="w_w1aab1b3b2b9b3b2b9" language="English" custom="readingOrder {index:12;}">
                    <Coords points="1719,2236 1740,2236 1740,2262 1719,2262"/>
                    <TextEquiv>
                        <Unicode>a</Unicode>
                    </TextEquiv>
                    <TextStyle fontFamily="Times New Roman" fontSize="8.5"/>
                </Word>
                <TextEquiv>
                    <Unicode>bruit, sous le titre plaisant des Autographes de la mère Michel. On a</Unicode>
                </TextEquiv>
            </TextLine>
            <TextLine id="tl_41" primaryLanguage="English" custom="readingOrder {index:2;}">
                <Coords points="270,2269 1742,2269 1742,2322 270,2322"/>
                <Baseline points="270,2310 1742,2310"/>
                <Word id="w_w1aab1b3b2b9b5ab1" language="English" custom="readingOrder {index:0;}">
                    <Coords points="270,2272 325,2272 325,2311 270,2311"/>
                    <TextEquiv>
                        <Unicode>dit</Unicode>
                    </TextEquiv>
                    <TextStyle fontFamily="Times New Roman" fontSize="8.5"/>
                </Word>
                <Word id="w_w1aab1b3b2b9b5ab9" language="English" custom="readingOrder {index:1;}">
                    <Coords points="344,2283 414,2283 414,2322 344,2322"/>
                    <TextEquiv>
                        <Unicode>que</Unicode>
                    </TextEquiv>
                    <TextStyle fontFamily="Times New Roman" fontSize="8.5"/>
                </Word>
                <Word id="w_w1aab1b3b2b9b5ac17" language="English" custom="readingOrder {index:2;}">
                    <Coords points="433,2277 528,2277 528,2311 433,2311"/>
                    <TextEquiv>
                        <Unicode>cette</Unicode>
                    </TextEquiv>
                    <TextStyle fontFamily="Times New Roman" fontSize="8.5"/>
                </Word>
                <Word id="w_w1aab1b3b2b9b5ac29" language="English" custom="readingOrder {index:3;}">
                    <Coords points="546,2269 683,2269 683,2314 546,2314"/>
                    <TextEquiv>
                        <Unicode>affaire,</Unicode>
                    </TextEquiv>
                    <TextStyle fontFamily="Times New Roman" fontSize="8.5"/>
                </Word>
                <Word id="w_w1aab1b3b2b9b5ac47" language="English" custom="readingOrder {index:4;}">
                    <Coords points="702,2277 839,2277 839,2310 702,2310"/>
                    <TextEquiv>
                        <Unicode>venant</Unicode>
                    </TextEquiv>
                    <TextStyle fontFamily="Times New Roman" fontSize="8.5"/>
                </Word>
                <Word id="w_w1aab1b3b2b9b5ac61" language="English" custom="readingOrder {index:5;}">
                    <Coords points="858,2274 879,2274 879,2309 858,2309"/>
                    <TextEquiv>
                        <Unicode>à</Unicode>
                    </TextEquiv>
                    <TextStyle fontFamily="Times New Roman" fontSize="8.5"/>
                </Word>
                <Word id="w_w1aab1b3b2b9b5ac65" language="English" custom="readingOrder {index:6;}">
                    <Coords points="899,2271 933,2271 933,2309 899,2309"/>
                    <TextEquiv>
                        <Unicode>la</Unicode>
                    </TextEquiv>
                    <TextStyle fontFamily="Times New Roman" fontSize="8.5"/>
                </Word>
                <Word id="w_w1aab1b3b2b9b5ac71" language="English" custom="readingOrder {index:7;}">
                    <Coords points="952,2272 1049,2272 1049,2310 952,2310"/>
                    <TextEquiv>
                        <Unicode>suite</Unicode>
                    </TextEquiv>
                    <TextStyle fontFamily="Times New Roman" fontSize="8.5"/>
                </Word>
                <Word id="w_w1aab1b3b2b9b5ac83" language="English" custom="readingOrder {index:8;}">
                    <Coords points="1068,2270 1113,2270 1113,2309 1068,2309"/>
                    <TextEquiv>
                        <Unicode>de</Unicode>
                    </TextEquiv>
                    <TextStyle fontFamily="Times New Roman" fontSize="8.5"/>
                </Word>
                <Word id="w_w1aab1b3b2b9b5ac89" language="English" custom="readingOrder {index:9;}">
                    <Coords points="1134,2271 1225,2271 1225,2310 1134,2310"/>
                    <TextEquiv>
                        <Unicode>celle</Unicode>
                    </TextEquiv>
                    <TextStyle fontFamily="Times New Roman" fontSize="8.5"/>
                </Word>
                <Word id="w_w1aab1b3b2b9b5ad101" language="English" custom="readingOrder {index:10;}">
                    <Coords points="1243,2271 1287,2271 1287,2310 1243,2310"/>
                    <TextEquiv>
                        <Unicode>de</Unicode>
                    </TextEquiv>
                    <TextStyle fontFamily="Times New Roman" fontSize="8.5"/>
                </Word>
                <Word id="w_w1aab1b3b2b9b5ad107" language="English" custom="readingOrder {index:11;}">
                    <Coords points="1303,2272 1431,2272 1431,2316 1303,2316"/>
                    <TextEquiv>
                        <Unicode>Lucas,</Unicode>
                    </TextEquiv>
                    <TextStyle fontFamily="Times New Roman" fontSize="8.5"/>
                </Word>
                <Word id="w_w1aab1b3b2b9b5ad121" language="English" custom="readingOrder {index:12;}">
                    <Coords points="1470,2271 1593,2271 1593,2311 1470,2311"/>
                    <TextEquiv>
                        <Unicode>devait</Unicode>
                    </TextEquiv>
                    <TextStyle fontFamily="Times New Roman" fontSize="8.5"/>
                </Word>
                <Word id="w_w1aab1b3b2b9b5ad135" language="English" custom="readingOrder {index:13;}">
                    <Coords points="1620,2280 1742,2280 1742,2322 1620,2322"/>
                    <TextEquiv>
                        <Unicode>porter</Unicode>
                    </TextEquiv>
                    <TextStyle fontFamily="Times New Roman" fontSize="8.5"/>
                </Word>
                <TextEquiv>
                    <Unicode>dit que cette affaire, venant à la suite de celle de Lucas, devait porter</Unicode>
                </TextEquiv>
                <TextStyle fontFamily="Times New Roman" fontSize="8.5"/>
            </TextLine>
            <TextLine id="tl_42" primaryLanguage="English" custom="readingOrder {index:3;}">
                <Coords points="273,2320 1742,2320 1742,2372 273,2372"/>
                <Baseline points="273,2360 1742,2360"/>
                <Word id="w_w1aab1b3b2b9b7ab1" language="English" custom="readingOrder {index:0;}">
                    <Coords points="273,2334 323,2334 323,2361 273,2361"/>
                    <TextEquiv>
                        <Unicode>un</Unicode>
                    </TextEquiv>
                    <TextStyle fontFamily="Times New Roman" fontSize="8.5"/>
                </Word>
                <Word id="w_w1aab1b3b2b9b7ab7" language="English" custom="readingOrder {index:1;}">
                    <Coords points="340,2333 434,2333 434,2372 340,2372"/>
                    <TextEquiv>
                        <Unicode>coup</Unicode>
                    </TextEquiv>
                    <TextStyle fontFamily="Times New Roman" fontSize="8.5"/>
                </Word>
                <Word id="w_w1aab1b3b2b9b7ac17" language="English" custom="readingOrder {index:2;}">
                    <Coords points="458,2320 606,2320 606,2361 458,2361"/>
                    <TextEquiv>
                        <Unicode>terrible</Unicode>
                    </TextEquiv>
                    <TextStyle fontFamily="Times New Roman" fontSize="8.5"/>
                </Word>
                <Word id="w_w1aab1b3b2b9b7ac35" language="English" custom="readingOrder {index:3;}">
                    <Coords points="626,2332 671,2332 671,2359 626,2359"/>
                    <TextEquiv>
                        <Unicode>au</Unicode>
                    </TextEquiv>
                    <TextStyle fontFamily="Times New Roman" fontSize="8.5"/>
                </Word>
                <Word id="w_w1aab1b3b2b9b7ac41" language="English" custom="readingOrder {index:4;}">
                    <Coords points="691,2322 781,2322 781,2370 691,2370"/>
                    <TextEquiv>
                        <Unicode>goût</Unicode>
                    </TextEquiv>
                    <TextStyle fontFamily="Times New Roman" fontSize="8.5"/>
                </Word>
                <Word id="w_w1aab1b3b2b9b7ac51" language="English" custom="readingOrder {index:5;}">
                    <Coords points="796,2321 860,2321 860,2360 796,2360"/>
                    <TextEquiv>
                        <Unicode>des</Unicode>
                    </TextEquiv>
                    <TextStyle fontFamily="Times New Roman" fontSize="8.5"/>
                </Word>
                <Word id="w_w1aab1b3b2b9b7ac59" language="English" custom="readingOrder {index:6;}">
                    <Coords points="879,2321 1138,2321 1138,2372 879,2372"/>
                    <TextEquiv>
                        <Unicode>autographes.</Unicode>
                    </TextEquiv>
                    <TextStyle fontFamily="Times New Roman" fontSize="8.5"/>
                </Word>
                <Word id="w_w1aab1b3b2b9b7ac85" language="English" custom="readingOrder {index:7;}">
                    <Coords points="1160,2321 1258,2321 1258,2361 1160,2361"/>
                    <TextEquiv>
                        <Unicode>C’est</Unicode>
                    </TextEquiv>
                    <TextStyle fontFamily="Times New Roman" fontSize="8.5"/>
                </Word>
                <Word id="w_w1aab1b3b2b9b7ac97" language="English" custom="readingOrder {index:8;}">
                    <Coords points="1277,2334 1349,2334 1349,2361 1277,2361"/>
                    <TextEquiv>
                        <Unicode>une</Unicode>
                    </TextEquiv>
                    <TextStyle fontFamily="Times New Roman" fontSize="8.5"/>
                </Word>
                <Word id="w_w1aab1b3b2b9b7ad105" language="English" custom="readingOrder {index:9;}">
                    <Coords points="1368,2332 1504,2332 1504,2361 1368,2361"/>
                    <TextEquiv>
                        <Unicode>erreur.</Unicode>
                    </TextEquiv>
                    <TextStyle fontFamily="Times New Roman" fontSize="8.5"/>
                </Word>
                <Word id="w_w1aab1b3b2b9b7ad121" language="English" custom="readingOrder {index:10;}">
                    <Coords points="1537,2322 1603,2322 1603,2362 1537,2362"/>
                    <TextEquiv>
                        <Unicode>Les</Unicode>
                    </TextEquiv>
                    <TextStyle fontFamily="Times New Roman" fontSize="8.5"/>
                </Word>
                <Word id="w_w1aab1b3b2b9b7ad129" language="English" custom="readingOrder {index:11;}">
                    <Coords points="1642,2325 1742,2325 1742,2362 1642,2362"/>
                    <TextEquiv>
                        <Unicode>vrais</Unicode>
                    </TextEquiv>
                    <TextStyle fontFamily="Times New Roman" fontSize="8.5"/>
                </Word>
                <TextEquiv>
                    <Unicode>un coup terrible au goût des autographes. C’est une erreur. Les vrais</Unicode>
                </TextEquiv>
                <TextStyle fontFamily="Times New Roman" fontSize="8.5"/>
            </TextLine>
            <TextLine id="tl_43" primaryLanguage="English" custom="readingOrder {index:4;}">
                <Coords points="271,2371 1743,2371 1743,2424 271,2424"/>
                <Baseline points="271,2410 1743,2410"/>
                <Word id="w_w1aab1b3b2b9b9ab1" language="English" custom="readingOrder {index:0;}">
                    <Coords points="271,2377 454,2377 454,2411 271,2411"/>
                    <TextEquiv>
                        <Unicode>amateurs</Unicode>
                    </TextEquiv>
                    <TextStyle fontFamily="Times New Roman" fontSize="8.5"/>
                </Word>
                <Word id="w_w1aab1b3b2b9b9ac19" language="English" custom="readingOrder {index:1;}">
                    <Coords points="474,2372 558,2372 558,2412 474,2412"/>
                    <TextEquiv>
                        <Unicode>n’en</Unicode>
                    </TextEquiv>
                    <TextStyle fontFamily="Times New Roman" fontSize="8.5"/>
                </Word>
                <Word id="w_w1aab1b3b2b9b9ac29" language="English" custom="readingOrder {index:2;}">
                    <Coords points="577,2377 661,2377 661,2410 577,2410"/>
                    <TextEquiv>
                        <Unicode>sont</Unicode>
                    </TextEquiv>
                    <TextStyle fontFamily="Times New Roman" fontSize="8.5"/>
                </Word>
                <Word id="w_w1aab1b3b2b9b9ac39" language="English" custom="readingOrder {index:3;}">
                    <Coords points="681,2383 745,2383 745,2422 681,2422"/>
                    <TextEquiv>
                        <Unicode>pas</Unicode>
                    </TextEquiv>
                    <TextStyle fontFamily="Times New Roman" fontSize="8.5"/>
                </Word>
                <Word id="w_w1aab1b3b2b9b9ac47" language="English" custom="readingOrder {index:4;}">
                    <Coords points="763,2371 796,2371 796,2410 763,2410"/>
                    <TextEquiv>
                        <Unicode>le</Unicode>
                    </TextEquiv>
                    <TextStyle fontFamily="Times New Roman" fontSize="8.5"/>
                </Word>
                <Word id="w_w1aab1b3b2b9b9ac53" language="English" custom="readingOrder {index:5;}">
                    <Coords points="812,2371 932,2371 932,2410 812,2410"/>
                    <TextEquiv>
                        <Unicode>moins</Unicode>
                    </TextEquiv>
                    <TextStyle fontFamily="Times New Roman" fontSize="8.5"/>
                </Word>
                <Word id="w_w1aab1b3b2b9b9ac65" language="English" custom="readingOrder {index:6;}">
                    <Coords points="950,2371 997,2371 997,2410 950,2410"/>
                    <TextEquiv>
                        <Unicode>du</Unicode>
                    </TextEquiv>
                    <TextStyle fontFamily="Times New Roman" fontSize="8.5"/>
                </Word>
                <Word id="w_w1aab1b3b2b9b9ac71" language="English" custom="readingOrder {index:7;}">
                    <Coords points="1015,2371 1147,2371 1147,2410 1015,2410"/>
                    <TextEquiv>
                        <Unicode>monde</Unicode>
                    </TextEquiv>
                    <TextStyle fontFamily="Times New Roman" fontSize="8.5"/>
                </Word>
                <Word id="w_w1aab1b3b2b9b9ac83" language="English" custom="readingOrder {index:8;}">
                    <Coords points="1169,2374 1271,2374 1271,2411 1169,2411"/>
                    <TextEquiv>
                        <Unicode>émus</Unicode>
                    </TextEquiv>
                    <TextStyle fontFamily="Times New Roman" fontSize="8.5"/>
                </Word>
                <Word id="w_w1aab1b3b2b9b9ac93" language="English" custom="readingOrder {index:9;}">
                    <Coords points="1290,2385 1297,2385 1297,2410 1290,2410"/>
                    <TextEquiv>
                        <Unicode>:</Unicode>
                    </TextEquiv>
                    <TextStyle fontFamily="Times New Roman" fontSize="8.5"/>
                </Word>
                <Word id="w_w1aab1b3b2b9b9ac97" language="English" custom="readingOrder {index:10;}">
                    <Coords points="1318,2384 1360,2384 1360,2410 1318,2410"/>
                    <TextEquiv>
                        <Unicode>ce</Unicode>
                    </TextEquiv>
                    <TextStyle fontFamily="Times New Roman" fontSize="8.5"/>
                </Word>
                <Word id="w_w1aab1b3b2b9b9ad103" language="English" custom="readingOrder {index:11;}">
                    <Coords points="1382,2372 1476,2372 1476,2411 1382,2411"/>
                    <TextEquiv>
                        <Unicode>n’est</Unicode>
                    </TextEquiv>
                    <TextStyle fontFamily="Times New Roman" fontSize="8.5"/>
                </Word>
                <Word id="w_w1aab1b3b2b9b9ad115" language="English" custom="readingOrder {index:12;}">
                    <Coords points="1510,2385 1573,2385 1573,2424 1510,2424"/>
                    <TextEquiv>
                        <Unicode>pas</Unicode>
                    </TextEquiv>
                    <TextStyle fontFamily="Times New Roman" fontSize="8.5"/>
                </Word>
                <Word id="w_w1aab1b3b2b9b9ad123" language="English" custom="readingOrder {index:13;}">
                    <Coords points="1609,2377 1743,2377 1743,2422 1609,2422"/>
                    <TextEquiv>
                        <Unicode>auprès</Unicode>
                    </TextEquiv>
                    <TextStyle fontFamily="Times New Roman" fontSize="8.5"/>
                </Word>
                <TextEquiv>
                    <Unicode>amateurs n’en sont pas le moins du monde émus : ce n’est pas auprès</Unicode>
                </TextEquiv>
                <TextStyle fontFamily="Times New Roman" fontSize="8.5"/>
            </TextLine>
            <TextLine id="tl_44" primaryLanguage="English" custom="readingOrder {index:5;}">
                <Coords points="270,2421 1738,2421 1738,2473 270,2473"/>
                <Baseline points="270,2461 1738,2461"/>
                <Word id="w_w1aab1b3b2b9c11ab1" language="English" custom="readingOrder {index:0;}">
                    <Coords points="270,2423 377,2423 377,2461 270,2461"/>
                    <TextEquiv>
                        <Unicode>d’eux</Unicode>
                    </TextEquiv>
                    <TextStyle fontFamily="Times New Roman" fontSize="8.5"/>
                </Word>
                <Word id="w_w1aab1b3b2b9c11ac13" language="English" custom="readingOrder {index:1;}">
                    <Coords points="393,2434 465,2434 465,2473 393,2473"/>
                    <TextEquiv>
                        <Unicode>que</Unicode>
                    </TextEquiv>
                    <TextStyle fontFamily="Times New Roman" fontSize="8.5"/>
                </Word>
                <Word id="w_w1aab1b3b2b9c11ac21" language="English" custom="readingOrder {index:2;}">
                    <Coords points="483,2421 723,2421 723,2462 483,2462"/>
                    <TextEquiv>
                        <Unicode>réussiraient</Unicode>
                    </TextEquiv>
                    <TextStyle fontFamily="Times New Roman" fontSize="8.5"/>
                </Word>
                <Word id="w_w1aab1b3b2b9c11ac47" language="English" custom="readingOrder {index:3;}">
                    <Coords points="742,2422 794,2422 794,2460 742,2460"/>
                    <TextEquiv>
                        <Unicode>les</Unicode>
                    </TextEquiv>
                    <TextStyle fontFamily="Times New Roman" fontSize="8.5"/>
                </Word>
                <Word id="w_w1aab1b3b2b9c11ac55" language="English" custom="readingOrder {index:4;}">
                    <Coords points="812,2421 984,2421 984,2461 812,2461"/>
                    <TextEquiv>
                        <Unicode>ridicules</Unicode>
                    </TextEquiv>
                    <TextStyle fontFamily="Times New Roman" fontSize="8.5"/>
                </Word>
                <Word id="w_w1aab1b3b2b9c11ac75" language="English" custom="readingOrder {index:5;}">
                    <Coords points="1001,2421 1183,2421 1183,2473 1001,2473"/>
                    <TextEquiv>
                        <Unicode>pastiches</Unicode>
                    </TextEquiv>
                    <TextStyle fontFamily="Times New Roman" fontSize="8.5"/>
                </Word>
                <Word id="w_w1aab1b3b2b9c11ac95" language="English" custom="readingOrder {index:6;}">
                    <Coords points="1202,2422 1247,2422 1247,2461 1202,2461"/>
                    <TextEquiv>
                        <Unicode>de</Unicode>
                    </TextEquiv>
                    <TextStyle fontFamily="Times New Roman" fontSize="8.5"/>
                </Word>
                <Word id="w_w1aab1b3b2b9c11ad101" language="English" custom="readingOrder {index:7;}">
                    <Coords points="1264,2422 1378,2422 1378,2460 1264,2460"/>
                    <TextEquiv>
                        <Unicode>Lucas</Unicode>
                    </TextEquiv>
                    <TextStyle fontFamily="Times New Roman" fontSize="8.5"/>
                </Word>
                <Word id="w_w1aab1b3b2b9c11ad113" language="English" custom="readingOrder {index:8;}">
                    <Coords points="1397,2428 1433,2428 1433,2461 1397,2461"/>
                    <TextEquiv>
                        <Unicode>et</Unicode>
                    </TextEquiv>
                    <TextStyle fontFamily="Times New Roman" fontSize="8.5"/>
                </Word>
                <Word id="w_w1aab1b3b2b9c11ad119" language="English" custom="readingOrder {index:9;}">
                    <Coords points="1448,2422 1495,2422 1495,2461 1448,2461"/>
                    <TextEquiv>
                        <Unicode>du</Unicode>
                    </TextEquiv>
                    <TextStyle fontFamily="Times New Roman" fontSize="8.5"/>
                </Word>
                <Word id="w_w1aab1b3b2b9c11ad125" language="English" custom="readingOrder {index:10;}">
                    <Coords points="1531,2423 1640,2423 1640,2473 1531,2473"/>
                    <TextEquiv>
                        <Unicode>jeune</Unicode>
                    </TextEquiv>
                    <TextStyle fontFamily="Times New Roman" fontSize="8.5"/>
                </Word>
                <Word id="w_w1aab1b3b2b9c11ad137" language="English" custom="readingOrder {index:11;}">
                    <Coords points="1660,2424 1703,2424 1703,2462 1660,2462"/>
                    <TextEquiv>
                        <Unicode>H.</Unicode>
                    </TextEquiv>
                    <TextStyle fontFamily="Times New Roman" fontSize="8.5"/>
                </Word>
                <Word id="w_w1aab1b3b2b9c11ad143" language="English" custom="readingOrder {index:12;}">
                    <Coords points="1732,2437 1738,2437 1738,2462 1732,2462"/>
                    <TextEquiv>
                        <Unicode>:</Unicode>
                    </TextEquiv>
                    <TextStyle fontFamily="Times New Roman" fontSize="8.5"/>
                </Word>
                <TextEquiv>
                    <Unicode>d’eux que réussiraient les ridicules pastiches de Lucas et du jeune H. :</Unicode>
                </TextEquiv>
                <TextStyle fontFamily="Times New Roman" fontSize="8.5"/>
            </TextLine>
            <TextLine id="tl_45" primaryLanguage="English" custom="readingOrder {index:6;}">
                <Coords points="274,2471 1741,2471 1741,2522 274,2522"/>
                <Baseline points="274,2511 1741,2511"/>
                <Word id="w_w1aab1b3b2b9c13ab1" language="English" custom="readingOrder {index:0;}">
                    <Coords points="274,2472 319,2472 319,2511 274,2511"/>
                    <TextEquiv>
                        <Unicode>ils</Unicode>
                    </TextEquiv>
                    <TextStyle fontFamily="Times New Roman" fontSize="8.5"/>
                </Word>
                <Word id="w_w1aab1b3b2b9c13ab9" language="English" custom="readingOrder {index:1;}">
                    <Coords points="345,2478 474,2478 474,2511 345,2511"/>
                    <TextEquiv>
                        <Unicode>savent</Unicode>
                    </TextEquiv>
                    <TextStyle fontFamily="Times New Roman" fontSize="8.5"/>
                </Word>
                <Word id="w_w1aab1b3b2b9c13ac23" language="English" custom="readingOrder {index:2;}">
                    <Coords points="492,2472 652,2472 652,2511 492,2511"/>
                    <TextEquiv>
                        <Unicode>démêler</Unicode>
                    </TextEquiv>
                    <TextStyle fontFamily="Times New Roman" fontSize="8.5"/>
                </Word>
                <Word id="w_w1aab1b3b2b9c13ac39" language="English" custom="readingOrder {index:3;}">
                    <Coords points="669,2471 701,2471 701,2510 669,2510"/>
                    <TextEquiv>
                        <Unicode>le</Unicode>
                    </TextEquiv>
                    <TextStyle fontFamily="Times New Roman" fontSize="8.5"/>
                </Word>
                <Word id="w_w1aab1b3b2b9c13ac45" language="English" custom="readingOrder {index:4;}">
                    <Coords points="720,2471 804,2471 804,2510 720,2510"/>
                    <TextEquiv>
                        <Unicode>faux</Unicode>
                    </TextEquiv>
                    <TextStyle fontFamily="Times New Roman" fontSize="8.5"/>
                </Word>
                <Word id="w_w1aab1b3b2b9c13ac55" language="English" custom="readingOrder {index:5;}">
                    <Coords points="824,2474 872,2474 872,2510 824,2510"/>
                    <TextEquiv>
                        <Unicode>du</Unicode>
                    </TextEquiv>
                    <TextStyle fontFamily="Times New Roman" fontSize="8.5"/>
                </Word>
                <Word id="w_w1aab1b3b2b9c13ac61" language="English" custom="readingOrder {index:6;}">
                    <Coords points="908,2472 999,2472 999,2517 908,2517"/>
                    <TextEquiv>
                        <Unicode>vrai,</Unicode>
                    </TextEquiv>
                    <TextStyle fontFamily="Times New Roman" fontSize="8.5"/>
                </Word>
                <Word id="w_w1aab1b3b2b9c13ac73" language="English" custom="readingOrder {index:7;}">
                    <Coords points="1034,2478 1084,2478 1084,2518 1034,2518"/>
                    <TextEquiv>
                        <Unicode>et,</Unicode>
                    </TextEquiv>
                    <TextStyle fontFamily="Times New Roman" fontSize="8.5"/>
                </Word>
                <Word id="w_w1aab1b3b2b9c13ac81" language="English" custom="readingOrder {index:8;}">
                    <Coords points="1114,2473 1237,2473 1237,2522 1114,2522"/>
                    <TextEquiv>
                        <Unicode>quand</Unicode>
                    </TextEquiv>
                    <TextStyle fontFamily="Times New Roman" fontSize="8.5"/>
                </Word>
                <Word id="w_w1aab1b3b2b9c13ac93" language="English" custom="readingOrder {index:9;}">
                    <Coords points="1256,2472 1299,2472 1299,2511 1256,2511"/>
                    <TextEquiv>
                        <Unicode>ils</Unicode>
                    </TextEquiv>
                    <TextStyle fontFamily="Times New Roman" fontSize="8.5"/>
                </Word>
                <Word id="w_w1aab1b3b2b9c13ad101" language="English" custom="readingOrder {index:10;}">
                    <Coords points="1318,2472 1512,2472 1512,2518 1318,2518"/>
                    <TextEquiv>
                        <Unicode>achètent,</Unicode>
                    </TextEquiv>
                    <TextStyle fontFamily="Times New Roman" fontSize="8.5"/>
                </Word>
                <Word id="w_w1aab1b3b2b9c13ad121" language="English" custom="readingOrder {index:11;}">
                    <Coords points="1541,2474 1631,2474 1631,2512 1541,2512"/>
                    <TextEquiv>
                        <Unicode>c’est</Unicode>
                    </TextEquiv>
                    <TextStyle fontFamily="Times New Roman" fontSize="8.5"/>
                </Word>
                <Word id="w_w1aab1b3b2b9c13ad133" language="English" custom="readingOrder {index:12;}">
                    <Coords points="1659,2480 1741,2480 1741,2512 1659,2512"/>
                    <TextEquiv>
                        <Unicode>tou¬</Unicode>
                    </TextEquiv>
                    <TextStyle fontFamily="Times New Roman" fontSize="8.5"/>
                </Word>
                <TextEquiv>
                    <Unicode>ils savent démêler le faux du vrai, et, quand ils achètent, c’est tou¬</Unicode>
                </TextEquiv>
                <TextStyle fontFamily="Times New Roman" fontSize="8.5"/>
            </TextLine>
            <TextLine id="tl_46" primaryLanguage="English" custom="readingOrder {index:7;}">
                <Coords points="264,2522 667,2522 667,2573 264,2573"/>
                <Baseline points="264,2561 667,2561"/>
                <Word id="w_w1aab1b3b2b9c15ab1" language="English" custom="readingOrder {index:0;}">
                    <Coords points="264,2524 367,2524 367,2573 264,2573"/>
                    <TextEquiv>
                        <Unicode>jours</Unicode>
                    </TextEquiv>
                    <TextStyle fontFamily="Times New Roman" fontSize="8.5"/>
                </Word>
                <Word id="w_w1aab1b3b2b9c15ac13" language="English" custom="readingOrder {index:1;}">
                    <Coords points="385,2525 406,2525 406,2562 385,2562"/>
                    <TextEquiv>
                        <Unicode>à</Unicode>
                    </TextEquiv>
                    <TextStyle fontFamily="Times New Roman" fontSize="8.5"/>
                </Word>
                <Word id="w_w1aab1b3b2b9c15ac17" language="English" custom="readingOrder {index:2;}">
                    <Coords points="426,2523 499,2523 499,2562 426,2562"/>
                    <TextEquiv>
                        <Unicode>bon</Unicode>
                    </TextEquiv>
                    <TextStyle fontFamily="Times New Roman" fontSize="8.5"/>
                </Word>
                <Word id="w_w1aab1b3b2b9c15ac25" language="English" custom="readingOrder {index:3;}">
                    <Coords points="517,2522 667,2522 667,2562 517,2562"/>
                    <TextEquiv>
                        <Unicode>escient.</Unicode>
                    </TextEquiv>
                    <TextStyle fontFamily="Times New Roman" fontSize="8.5"/>
                </Word>
                <TextEquiv>
                    <Unicode>jours à bon escient.</Unicode>
                </TextEquiv>
                <TextStyle fontFamily="Times New Roman" fontSize="8.5"/>
            </TextLine>
            <TextEquiv>
                <Unicode>Voilà toute celle fameuse histoire dont les journaux ont fait si grand
bruit, sous le titre plaisant des Autographes de la mère Michel. On a
dit que cette affaire, venant à la suite de celle de Lucas, devait porter
un coup terrible au goût des autographes. C’est une erreur. Les vrais
amateurs n’en sont pas le moins du monde émus : ce n’est pas auprès
d’eux que réussiraient les ridicules pastiches de Lucas et du jeune H. :
ils savent démêler le faux du vrai, et, quand ils achètent, c’est tou¬
jours à bon escient.</Unicode>
            </TextEquiv>
        </TextRegion>
    </Page>
</PcGts>
