1793 3007
698 184 932 247 - 15 -
187 287 469 333 Leu-Taverny
500 288 710 333 (propriété
741 299 817 333 que
848 289 907 324 lui
936 289 1044 324 avait
1067 289 1207 326 laissée
1240 290 1276 325 le
1313 290 1450 336 prince
1487 292 1534 327 de

189 331 343 376 Coudé),
362 334 406 367 26
419 332 511 378 juin
535 335 630 375 1832,
651 335 672 368 3
690 343 726 378 p.
751 335 812 376 1/2
831 333 922 369 in-4.
1449 339 1469 370 8
1518 350 1535 369 »

235 377 332 408 Lettre
345 378 488 415 curieuse,
502 378 588 408 écrite
607 381 708 415 quatre
728 379 801 409 mois
819 379 906 416 après
924 379 950 408 le
966 378 1030 416 gain
1052 380 1087 410 de
1100 387 1153 410 son
1182 380 1285 417 procès
1311 384 1411 410 contre
1438 381 1463 411 la
1495 382 1536 412 fa¬

196 416 271 445 mille
290 416 325 446 de
340 417 454 453 Rohan,
467 419 482 447 îi
501 425 610 456 propos
623 418 658 447 de
674 418 700 446 la
720 418 797 447 riche
810 418 974 448 succession
995 419 1031 448 du
1053 419 1149 456 prince
1162 419 1196 449 de
1210 418 1323 450 Gondé.
1343 430 1356 445 «
1371 419 1415 450 On
1429 419 1470 451 dit
1482 429 1538 458 (;ue

194 454 223 491 je
235 454 298 485 dois
316 456 483 486 considérer
505 464 617 487 comme
639 457 823 494 très-grand,
847 458 920 487 dans
947 465 995 488 ces
1014 460 1109 495 temps
1134 457 1320 493 détestables,
1347 466 1413 489 mon
1441 459 1541 492 récent

195 494 340 531 triomphe
364 503 415 525 sur
443 503 504 526 mes
519 496 664 531 ennemis;
684 497 856 534 cependant,
876 496 969 533 quelle
989 504 1044 534 que
1062 498 1118 527 soit
1135 498 1161 527 la
1188 497 1315 534 punition
1336 499 1383 534 qui
1411 499 1473 529 leur
1493 503 1537 530 est

200 532 321 571 infligée,
341 534 395 564 elle
411 535 555 571 n'égalera
570 535 675 572 jamais
691 544 722 565 ce
740 535 825 572 qu'ils
841 534 931 565 m’ont
946 535 998 565 fait
1014 536 1130 567 souffrir
1153 536 1283 575 (allusion
1313 544 1368 567 aux
1385 537 1539 569 mémoires

200 572 311 608 publiés
329 576 430 604 contre
446 574 511 611 elle)
525 574 627 612 depuis
638 574 664 604 la
681 579 756 604 mort
769 574 804 604 de
819 582 850 605 ce
864 575 962 612 prince
975 574 1107 613 toujours
1119 576 1189 605 cher
1201 578 1230 606 et
1240 576 1257 605 à
1273 576 1378 612 jamais
1394 578 1536 615 regretté!

198 612 278 641 Vous
293 613 486 651 apprendrez,
499 613 557 651 j’en
573 614 634 644 suis
652 613 730 643 sûre,
748 621 819 644 avec
831 613 962 652 chagrin,
975 621 1031 652 que
1048 614 1249 645 l'abominable
1271 615 1377 646 famille
1386 616 1422 647 de
1437 617 1539 647 Rohan

199 650 244 680 n’a
265 658 317 689 pas
336 659 440 682 encore
456 653 625 683 abandonné
644 660 675 682 sa
697 652 793 691 proie;
813 653 867 684 elle
891 661 925 683 en
948 662 964 683 a
988 654 1105 692 rappelé
1122 654 1138 683 k
1159 661 1213 684 une
1230 654 1294 692 plus
1319 654 1406 685 haute
1421 663 1491 686 cour
1503 664 1538 687 au

203 690 280 728 sujet
290 690 327 720 du
342 692 508 722 testament.

82 736 169 770 4202
191 735 391 779 Feutrier
410 735 612 780 (J.-F.-H.),
633 736 692 770 év.
714 734 760 769 de
779 735 985 779 Beauvais,
1007 735 1189 772 ministre
1209 736 1277 772 des
1296 737 1424 773 cultes
1444 738 1540 775 dans

192 779 228 814 le
256 778 415 814 cabinet
445 780 681 825 Martignac,
709 779 861 815 célèbre
888 790 958 825 par
990 791 1050 816 ses
1077 791 1254 816 mesures
1280 784 1417 817 contre
1447 783 1541 818 l’en¬

193 823 442 868 seignement
462 824 528 859 des
547 824 732 860 Jésuites.
753 845 790 851 —
808 824 851 859 L.
873 836 907 860 a.
929 835 974 868 s.,
998 827 1094 867 1811,
1115 828 1136 860 2
1155 836 1190 871 p.
1214 825 1306 861 in-4.
1452 830 1474 863 2
1497 830 1540 863 50

239 869 367 898 Relative
384 869 400 898 h
419 876 456 899 un
475 877 601 900 sermon
613 869 667 900 des
683 869 884 908 prisonniers
899 870 968 908 qu’il
986 871 1045 901 doit
1067 871 1189 907 piêeher
1203 872 1218 900 à
1238 871 1407 903 Versailles.

85 914 172 948 4203
194 913 401 957 Fillmore
437 913 635 958 (Millard),
667 916 706 948 13
707 919 720 934 e
752 913 954 965 président
979 914 1047 949 des
1084 913 1331 958 Etats-Unis,
1363 916 1456 950 chef
1488 916 1540 951 du

196 957 298 1001 parti
325 956 461 1003 Whig.
487 978 523 983 —
547 958 589 993 L.
622 969 656 993 a.
688 968 718 992 s.
758 968 779 992 a
814 958 925 993 Alex.
964 958 1211 1004 Vattemare;
1256 959 1540 1006 Washington,

194 1004 214 1036 2
233 1012 321 1036 nov.
346 1004 442 1045 1850,
462 1005 483 1038 2
502 1013 536 1047 p.
558 1002 654 1038 in-4.
681 1004 769 1036 Belle
782 1004 886 1046 pièce.
1453 1008 1473 1040 7
1523 1019 1538 1038 »

243 1048 262 1076 11
281 1047 317 1077 lui
333 1048 477 1085 témoigne
493 1056 547 1078 son
559 1047 728 1079 admiration
748 1056 821 1085 pour
839 1048 865 1077 la
878 1048 951 1078 belle
967 1049 1115 1079 collection
1131 1049 1166 1079 de
1180 1048 1327 1080 médailles
1353 1050 1422 1087 qu’il
1441 1059 1456 1081 a
1476 1051 1542 1081 réu¬

203 1085 264 1116 nies
277 1089 305 1117 et
322 1087 369 1123 qui
388 1089 531 1117 retracent
541 1087 584 1117 les
607 1087 792 1118 événements
813 1087 941 1124 glorieux
956 1088 1007 1118 des
1025 1088 1205 1119 Etats-Unis.
1243 1090 1282 1118 Ne
1313 1090 1474 1127 prévoyant
1491 1099 1543 1128 pas

201 1124 280 1156 alors
296 1126 321 1155 la
339 1134 443 1162 guerre
462 1126 611 1164 sanglante
628 1127 675 1164 qui
693 1126 790 1156 devait
801 1127 907 1157 éclater
920 1127 967 1156 dix
986 1135 1039 1157 ans
1057 1128 1121 1164 plus
1139 1128 1215 1163 tard,
1237 1127 1253 1156 il
1273 1128 1313 1157 dit
1328 1135 1383 1165 que
1408 1136 1441 1159 ce
1470 1129 1545 1160 n’est

204 1172 256 1202 pas
276 1164 344 1194 d’un
364 1165 450 1195 siècle
471 1172 526 1202 que
553 1173 585 1195 sa
606 1167 703 1196 nation
723 1172 829 1202 pourra
845 1166 996 1203 présenter
1009 1174 1064 1196 aux
1087 1166 1204 1197 artistes
1223 1167 1258 1196 de
1271 1167 1379 1204 pareils
1392 1168 1493 1205 sujets,
1517 1172 1545 1199 et

201 1203 297 1240 ajoute
309 1213 317 1235 :
339 1216 351 1230 «
369 1205 426 1235 Nos
438 1204 599 1243 triomphes
626 1209 692 1236 sont
721 1205 772 1235 des
787 1205 948 1243 triomphes
964 1206 999 1236 de
1022 1205 1099 1244 paix,
1119 1208 1147 1235 et
1165 1214 1218 1236 nos
1236 1207 1393 1244 conquêtes
1409 1208 1460 1238 des
1478 1216 1545 1238 con¬

202 1243 302 1279 quêtes
320 1244 354 1273 de
374 1244 400 1273 la
418 1243 524 1274 raison.
544 1256 556 1270 »

84 1294 171 1327 4204
193 1293 447 1336 Flamsteed
460 1292 600 1336 (John),
623 1292 747 1338 grand
768 1294 991 1328 astronome
1013 1293 1168 1338 anglais
1183 1293 1235 1327 du
1250 1304 1332 1328 xvn
1335 1300 1347 1316 e
1363 1293 1544 1330 siècle.—

196 1336 277 1372 Joli
297 1347 404 1385 reçu,
420 1339 538 1383 sign.,
562 1339 659 1380 1695,
686 1339 698 1372 1
723 1347 758 1383 p.
780 1337 879 1373 iu-8.
1458 1341 1479 1375 3
1527 1353 1543 1373 »

88 1394 175 1428 4205
198 1394 320 1438 Gage
349 1393 554 1438 (Thomas),
587 1393 745 1439 général
771 1392 939 1438 anglais,
972 1392 1251 1428 commandant
1278 1404 1327 1428 en
1360 1394 1453 1428 chef
1477 1394 1545 1430 des

195 1439 358 1483 troupes
378 1438 533 1482 royales
552 1449 600 1473 en
620 1437 845 1483 Amérique,
858 1437 1016 1472 fameux
1032 1448 1101 1482 par
1120 1448 1180 1472 ses
1200 1439 1385 1474 cruautés
1400 1449 1545 1474 envers

199 1482 256 1517 les
271 1482 538 1527 insurgeants.
549 1483 639 1518 —L.
655 1493 691 1518 a.
706 1493 736 1518 s.
749 1482 771 1516 à
781 1482 838 1517 sir
848 1481 1043 1526 Johnson;
1058 1482 1301 1525 New-York,
1316 1485 1337 1517 6
1351 1485 1426 1518 oct.
1447 1485 1547 1526 1765,

203 1529 215 1561 1
240 1537 275 1572 p.
297 1527 395 1562 in-4.
417 1529 510 1562 Rare.
1459 1530 1479 1562 7
1528 1540 1544 1560 »

89 1578 175 1611 4206
199 1577 395 1621 Georges
415 1576 465 1620 (M
468 1577 487 1598 11
491 1578 528 1621 ”),
551 1576 704 1612 célèbre
723 1575 1096 1621 tragédienne.—L.
1118 1586 1152 1610 a.
1173 1586 1219 1618 s.,
1243 1578 1255 1611 1
1281 1587 1317 1622 p.
1339 1577 1431 1612 in-8.
1463 1579 1475 1611 1
1503 1579 1547 1612 50

91 1633 176 1667 4207
203 1633 374 1667 Gérard
404 1633 458 1666 de
488 1631 667 1674 Nerval,
689 1631 919 1668 littérateur
947 1630 1101 1666 célèbre
1128 1641 1199 1675 par
1218 1631 1478 1677 l’originalité
1498 1632 1546 1667 de

201 1687 271 1711 son
290 1677 419 1712 talent
438 1679 478 1711 et
508 1686 551 1711 sa
577 1677 631 1711 fin
650 1676 848 1726 tragique.
869 1696 906 1702 —
925 1676 968 1711 L.
989 1687 1023 1710 a.
1044 1675 1147 1719 sign.
1181 1677 1307 1711 Gérard
1326 1678 1493 1711 Labrunie
1497 1704 1506 1720 ,
1528 1678 1550 1711 à

202 1731 271 1756 son
293 1721 369 1756 ami
389 1720 659 1766 Duseigneur;
680 1722 768 1763 Aix,
789 1722 831 1755 24
849 1722 947 1764 sept.
972 1722 1068 1762 1834,
1093 1716 1104 1754 1
1128 1730 1164 1764 p.
1185 1720 1277 1756 in-4.
1459 1723 1479 1755 4
1530 1734 1546 1753 »

249 1767 389 1797 Curieuse
406 1767 489 1797 lettre
508 1774 561 1804 par
582 1766 705 1804 laquelle
723 1766 740 1796 il
759 1766 819 1802 prie
834 1773 886 1796 son
902 1765 957 1795 ami
974 1765 1009 1795 de
1024 1765 1131 1795 vendre
1146 1773 1195 1795 ses
1219 1773 1349 1804 coupons
1370 1766 1405 1796 de
1432 1766 1549 1803 Cortès,

209 1808 237 1836 et
257 1806 291 1836 i'c
309 1806 347 1836 lui
367 1814 493 1843 envoyer
512 1814 566 1836 une
584 1806 667 1836 lettre
682 1806 717 1836 de
734 1804 826 1835 crédit
842 1813 893 1835 sur
912 1805 1029 1842 Naples,
1044 1804 1081 1835 où
1099 1804 1117 1834 il
1133 1812 1165 1834 se
1180 1805 1262 1836 rend.

93 1851 180 1884 4208
204 1850 447 1894 Guignault
470 1849 716 1895 (Jos.-Ban.),
745 1847 891 1891 érudit,
930 1847 976 1882 de
1008 1848 1145 1890 l’Inst.,
1177 1848 1414 1884 traducteur
1439 1848 1486 1883 de
1512 1848 1552 1883 la

202 1896 412 1938 Symbolique
430 1894 476 1928 de
496 1894 652 1929 Cruzer.
673 1914 711 1921 —
728 1893 771 1928 L.
793 1904 827 1928 a.
848 1903 892 1936 s.,
917 1894 1012 1935 1863,
1037 1895 1066 1927 1.
1088 1902 1122 1937 p.
1150 1894 1211 1935 1/2
1236 1892 1328 1928 in-8.
1466 1895 1479 1927 1
1507 1895 1551 1928 50

92 1951 179 1985 4209
204 1951 337 1994 Guise
365 1949 441 1994 (Fr.
475 1950 521 1985 de
558 1948 762 1991 Lorraine,
796 1948 872 1982 duc
900 1947 973 1992 de),
1000 1947 1035 1982 le
1068 1948 1155 1992 plus
1194 1948 1318 1993 grand
1351 1948 1550 1993 capitaine

206 1994 378 2042 français
398 1994 541 2029 duxvi*
561 1993 694 2036 siècle,
710 1993 901 2028 assassiné
915 2002 984 2036 par
998 1992 1155 2027 Poltrot
1175 2003 1224 2027 en
1247 1995 1343 2028 1563.
1356 2014 1392 2020 —
1409 1993 1450 2027 L.
1472 2003 1506 2027 a.
1519 2004 1550 2028 s.

206 2048 255 2072 au
276 2039 335 2072 roi
357 2038 480 2073 Henri
500 2038 554 2083 II;
577 2038 689 2079 Metz,
703 2040 724 2072 9
743 2039 841 2082 sept.
866 2038 960 2078 1551,
985 2038 997 2070 1
1022 2046 1057 2081 p.
1080 2036 1186 2079 in-f.,
1207 2039 1315 2071 trace
1331 2036 1378 2071 de
1399 2036 1550 2073 cachet.

206 2083 293 2116 Belle
306 2085 407 2126 pièce,
430 2083 527 2118 mais
553 2082 649 2117 dont
667 2082 704 2117 le
725 2081 792 2116 bas
812 2081 858 2115 de
880 2081 918 2116 la
943 2080 1151 2125 signature
1172 2091 1194 2116 a
1213 2081 1273 2116 été
1302 2081 1553 2125 légèrement

207 2128 343 2171 rogné.
1448 2127 1486 2159 18
1534 2139 1550 2158 »

253 2173 273 2202 Il
289 2180 320 2201 se
337 2172 441 2202 défend
454 2180 525 2202 avec
543 2171 666 2201 vivacité
682 2170 793 2201 d’avoir
806 2170 866 2208 pris
883 2172 948 2207 sept
966 2168 1116 2207 enseignes
1134 2170 1169 2200 de
1185 2177 1256 2207 gens
1286 2170 1321 2200 de
1346 2169 1411 2207 pied
1429 2169 1467 2200 du
1486 2178 1555 2207 gou¬

214 2214 382 2241 vernement
399 2211 435 2241 de
454 2211 491 2240 M.
509 2211 544 2241 de
563 2212 672 2241 Nevers
690 2209 779 2248 (alors
791 2216 974 2247 gouverneur
986 2209 1022 2238 de
1037 2208 1247 2247 Champagne),
1262 2212 1289 2239 et
1306 2209 1323 2238 il
1342 2209 1405 2246 prie
1417 2209 1444 2238 le
1462 2211 1502 2240 roi
1519 2210 1555 2240 de

216 2250 253 2279 lui
275 2250 345 2280 faire
364 2250 389 2279 la
405 2249 491 2287 grâce
507 2250 543 2280 de
556 2249 649 2280 croire
667 2249 734 2286 qu’il
753 2248 814 2278 s’en
841 2247 1000 2286 acquittera
1024 2256 1059 2277 eu
1077 2250 1172 2286 temps
1190 2252 1219 2278 et
1247 2247 1334 2283 lieux,
1354 2255 1465 2278 comme
1492 2248 1509 2278 il
1529 2249 1556 2279 le

215 2289 273 2318 doit
293 2297 365 2327 pour
383 2297 434 2319 son
451 2289 594 2325 honneur,
610 2295 715 2319 envers
738 2295 809 2317 ceux
829 2288 876 2324 qui
904 2290 954 2317 ont
970 2290 1035 2317 tenu
1062 2294 1095 2317 ce
1121 2295 1244 2325 propos,
1257 2299 1270 2313 «
1291 2286 1469 2318 m’assurant
1480 2290 1555 2324 tant,

214 2328 289 2363 Sire,
310 2328 452 2366 ajoute-il,
468 2335 523 2364 que
541 2336 612 2359 vous
627 2330 734 2357 mestes
746 2334 779 2364 sy
799 2326 855 2356 bon
875 2329 980 2356 meslre
996 2333 1052 2363 que
1070 2334 1107 2355 ne
1125 2327 1263 2357 vouldrez
1285 2326 1460 2364 jendurasse
1474 2327 1557 2356 telles

217 2367 420 2402 guallanteries
436 2374 491 2404 que
518 2375 562 2397 me
580 2367 716 2404 peignent
732 2367 813 2402 trop.
841 2376 853 2392 »
881 2382 918 2386 —
945 2365 1002 2394 Sur
1033 2364 1076 2394 les
1095 2372 1184 2403 pages
1211 2366 1232 2395 5
1247 2366 1275 2395 et
1287 2366 1317 2398 4,
1336 2365 1389 2396 des
1407 2368 1491 2396 notes
1517 2365 1555 2396 du

214 2409 321 2443 temps,
338 2406 435 2436 divers
456 2407 534 2437 actes
550 2406 723 2442 d'échanges
738 2407 766 2434 et
786 2404 822 2434 de
848 2404 1000 2434 donations
1018 2404 1129 2434 relatifs
1155 2405 1171 2434 à
1191 2405 1242 2435 des
1261 2404 1411 2434 domaines
1431 2404 1521 2434 situés
1539 2405 1556 2435 ù

218 2445 523 2482 Maisons-sur-Seine,
540 2445 621 2475 Saint
638 2442 914 2479 Maur-les-Fossés,
931 2442 1099 2473 Charenton
1112 2446 1142 2473 et
1161 2444 1327 2475 Charor.ne.

102 2490 188 2523 4210
211 2489 344 2533 Guise
364 2488 499 2533 (Henri
530 2488 546 2523 I
549 2495 576 2510 er
604 2487 650 2522 de
679 2487 883 2529 Lorraine,
915 2486 990 2521 duc
1011 2486 1083 2531 de),
1105 2487 1165 2522 dit
1189 2487 1226 2522 le
1251 2488 1387 2528 Balafré
1391 2514 1398 2527 ,
1420 2486 1482 2521 fils
1503 2486 1555 2521 du

213 2533 434 2577 précédent,
457 2533 492 2567 le
520 2531 713 2577 principal
746 2531 990 2576 instigateur
1010 2531 1056 2566 de
1085 2532 1124 2566 la
1149 2530 1555 2576 Saint-Barthélemy,

213 2577 306 2611 chef
322 2577 368 2612 de
389 2577 427 2611 la
445 2577 584 2620 Ligue,
605 2576 796 2612 assassiné
816 2576 838 2610 à
857 2574 965 2611 Blois
985 2586 1056 2621 par
1075 2575 1191 2610 ordre
1218 2575 1264 2610 de
1285 2574 1409 2609 Henri
1431 2575 1498 2609 III.
1520 2594 1558 2600 —

213 2620 256 2655 L.
284 2632 318 2655 a.
347 2633 377 2656 s.
411 2632 459 2656 au
490 2621 564 2655 duc
595 2621 641 2655 de
673 2620 964 2664 Montpensier;
997 2620 1124 2662 Paris,
1155 2622 1194 2655 10
1221 2619 1298 2654 mai
1325 2620 1448 2663 (1581),
1479 2622 1490 2653 1
1519 2628 1556 2662 p.

215 2666 267 2708 pl.
289 2665 391 2707 in-f.,
411 2665 567 2700 cachets
585 2664 676 2699 bien
698 2665 917 2699 conservés.
938 2666 1080 2708 Superbe
1102 2666 1203 2708 pièce.
1449 2665 1493 2697 40
1539 2675 1557 2694 »
