1850 2972
879 171 923 211 -
953 171 1001 211 18
1030 194 1072 201 -

253 271 314 304 129
337 269 528 314 Mercier
547 269 719 314 (L.-Séb.
735 270 759 314 ),
780 270 1108 313 conventionnel,
1130 271 1380 316 littérateur,
1402 273 1450 308 de
1472 270 1620 307 l’Acad.
1651 270 1715 313 fr.,

335 315 483 349 auteur
502 315 554 349 du
577 315 720 349 Tableau
736 315 776 349 de
795 316 907 350 Paris.
927 334 970 341 —
990 315 1112 352 Billet
1131 318 1215 352 aut.
1243 317 1318 361 sig.
1347 329 1396 354 au
1429 317 1501 354 lib.
1531 315 1715 357 Buisson,

343 361 440 394 1791.
1631 362 1653 394 2
1675 362 1719 395 50

254 410 314 445 130
337 410 601 455 Meyerbeer
620 409 721 455 (G.),
743 408 902 444 illustre
923 411 1205 455 compositeur.
1225 432 1267 438 —
1288 412 1331 448 L.
1354 423 1388 448 a.
1409 423 1456 456 s.,
1477 422 1524 447 en
1546 409 1718 457 français

338 454 361 489 à
378 454 430 489 M.
452 454 603 498 Gouin;
625 454 787 505 Dieppe,
811 457 849 489 12
869 454 966 490 août
986 457 1082 499 1835,
1101 459 1123 491 2
1142 467 1179 502 p.
1202 456 1300 493 in-4.
1630 458 1651 491 6
1698 467 1715 486 »

379 500 541 531 Très-belle
561 500 643 531 lettre
656 501 776 531 relative
794 500 810 530 à
829 508 884 530 une
904 500 1056 538 répétition
1069 503 1085 532 à
1104 502 1231 541 l’Opéra.

256 544 310 580 131
340 544 501 588 Michel
520 544 703 588 (Cl.-Et.,
732 544 887 590 baron),
910 544 1085 590 général,
1108 547 1388 582 commandant
1408 546 1466 582 les
1487 544 1720 591 grenadiers

338 589 385 624 de
406 589 445 624 la
464 589 598 641 garde,
620 590 687 624 nui
708 589 842 625 aurait
855 591 1052 635 prononcé
1066 591 1088 625 à
1102 591 1308 627 Waterloo
1324 592 1362 627 le
1389 592 1549 626 fameux
1564 592 1647 625 mot
1660 591 1720 625 at¬

340 633 475 669 tribué
496 634 518 669 à
536 631 781 670 Cambronne
802 645 872 685 par
889 635 1028 671 Victor
1038 635 1168 681 Hugo,
1190 637 1237 671 né
1250 636 1347 672 dans
1359 637 1395 672 le
1411 637 1523 672 Jura.
1547 655 1585 661 —
1598 636 1721 680 Apos¬

340 679 430 714 tille
449 680 584 725 autog.
604 679 695 725 sig.,
712 682 725 715 1
749 689 785 725 p.
806 682 924 715 in-18.
1635 682 1656 715 3
1703 692 1720 712 »

258 730 318 766 132
341 729 485 773 Millin
521 729 622 773 (L.),
665 731 805 766 savant
846 730 1087 775 antiquaire,
1120 730 1168 766 de
1199 730 1408 767 l’Institut.
1429 752 1472 757 —
1492 731 1534 766 L.
1566 742 1601 766 a.
1633 740 1664 765 s.
1701 729 1724 763 à

342 774 394 809 M.
415 774 591 817 Fischer,
613 775 760 819 (1815),
785 777 795 809 1
820 784 855 819 p.
878 775 971 810 in-4.
1637 778 1658 810 2
1681 776 1724 809 50

385 820 525 850 Curieuse
541 821 632 859 épitre
651 822 725 851 dans
741 820 861 858 laquelle
884 821 902 850 il
922 821 1004 859 parle
1017 821 1052 851 de
1076 821 1227 852 l’incendie
1245 822 1280 852 de
1296 830 1329 852 sa
1350 821 1500 860 précieuse
1514 820 1724 858 bibliothèque,

346 860 417 890 dont
434 860 461 890 la
475 859 655 891 destruction
675 860 806 898 partielle
821 859 859 890 lui
875 868 963 890 causa
986 868 1021 890 un
1039 861 1131 898 grand
1149 861 1280 899 chagrin.

259 906 319 941 133
342 906 401 939 Le
419 905 575 939 même.
595 925 637 930 —
656 904 700 940 L.
722 915 756 940 a.
777 915 807 940 s.
829 904 850 939 à
868 904 921 940 M.
944 905 1182 949 Guillemot,
1215 906 1237 940 à
1256 905 1296 941 la
1324 904 1540 948 Rochelle;
1573 904 1724 939 Biblio¬

344 949 490 995 thèque
511 949 562 984 du
584 949 658 993 roi,
681 951 778 993 1817,
797 952 818 985 2
838 960 874 995 p.
895 949 993 985 in-4.
1638 952 1659 985 3
1709 962 1724 982 »

386 995 514 1026 Relative
542 996 557 1025 k
586 1004 622 1026 un
639 996 767 1034 échange
784 995 820 1025 de
843 995 992 1026 médailles
1016 997 1096 1026 entre
1124 1004 1162 1026 un
1180 996 1350 1034 particulier
1365 998 1394 1027 et
1406 996 1432 1026 le
1452 995 1576 1026 Cabinet
1593 996 1646 1026 des
1664 995 1726 1025 mé¬

346 1035 459 1072 dailles,
479 1035 549 1066 dont
566 1035 584 1065 il
603 1035 671 1066 était
688 1038 905 1066 conservateur.
927 1035 948 1065 11
965 1035 1098 1074 explique
1125 1039 1271 1066 comment
1289 1044 1338 1066 ces
1356 1036 1502 1075 échanges
1523 1038 1574 1066 ont
1599 1034 1726 1065 ordinai¬

346 1080 457 1105 rement
473 1074 542 1105 lieu.

263 1120 322 1155 134
346 1119 507 1163 Monge
527 1119 751 1164 (Gaspard),
772 1118 932 1155 illustre
954 1118 1169 1165 géomètre,
1190 1119 1240 1154 né
1260 1119 1282 1153 à
1301 1120 1476 1155 Beaune.
1497 1139 1539 1144 —
1560 1119 1605 1154 L.
1627 1129 1660 1153 a.
1682 1128 1728 1161 s.,

349 1166 389 1199 10
408 1174 523 1199 mess,
545 1175 594 1199 an
613 1165 661 1208 II,
686 1166 698 1199 1
722 1174 758 1210 p.
780 1163 872 1199 in-4.
1637 1166 1659 1198 7
1712 1176 1729 1196 »

264 1216 323 1251 135
347 1215 633 1260 Montfaucon
666 1214 864 1260 (Bernard
894 1215 990 1259 de),
1023 1214 1183 1250 illustre
1213 1214 1468 1256 bénédictin,
1502 1215 1652 1250 auteur
1683 1214 1731 1248 de

347 1260 372 1295 Y
374 1261 552 1303 Antiquité
570 1261 741 1304 expliquée
745 1288 753 1302 ,
774 1260 822 1295 né
841 1260 931 1306 près
951 1260 997 1294 de
1016 1259 1246 1296 Narbonne.
1266 1280 1309 1285 —
1328 1260 1372 1295 L.
1394 1270 1428 1295 a.
1456 1270 1486 1295 s.
1517 1260 1583 1304 (au
1619 1259 1728 1294 card.

348 1304 395 1340 de
414 1304 641 1349 Bouillon);
662 1305 792 1348 Paris,
811 1306 850 1340 21
869 1307 946 1340 oct.
971 1307 1065 1347 1707,
1086 1307 1107 1340 3
1126 1315 1162 1350 p.
1184 1306 1281 1340 in-4.
1624 1307 1664 1339 15
1711 1316 1728 1336 »

389 1350 553 1381 Très-belle
572 1351 655 1382 lettre
670 1359 721 1381 sur
737 1351 768 1382 sa
787 1350 1019 1390 Paléographie
1035 1358 1169 1389 grecque
1174 1375 1181 1382 .
1197 1358 1324 1389 ouvrage
1334 1350 1383 1389 qui
1404 1354 1449 1382 est
1461 1349 1527 1381 bien
1547 1350 1675 1381 accueilli
1692 1350 1731 1380 du

350 1390 454 1427 public.
478 1391 517 1421 Ils
535 1394 600 1420 sont
619 1399 653 1421 en
670 1391 747 1422 deuil
768 1391 803 1421 de
822 1390 848 1420 la
864 1383 942 1421 niort
961 1391 995 1420 de
1025 1391 1095 1420 Dom
1124 1390 1266 1428 Ruinard,
1294 1392 1323 1422 et
1351 1391 1389 1421 lui
1409 1399 1443 1421 en
1472 1390 1654 1430 particulier,
1682 1390 1729 1428 qui

350 1430 428 1460 avait
445 1438 500 1462 une
518 1430 628 1469 grande
644 1430 741 1461 amitié
760 1437 833 1468 pour
849 1437 882 1460 ce
900 1431 1005 1461 savant
1022 1429 1176 1468 religieux.

264 1476 325 1511 136
347 1475 607 1519 Montholon
627 1475 684 1519 (le
706 1474 868 1520 général
888 1475 967 1519 de),
989 1484 1235 1520 compagnon
1256 1474 1504 1510 d’infortune
1525 1474 1572 1509 do
1602 1473 1732 1518 Napo¬

349 1520 440 1555 léon
460 1521 475 1556 1
478 1527 506 1542 er
510 1548 519 1564 ,
541 1520 629 1566 puis
650 1520 696 1555 de
717 1519 922 1565 Napoléon
942 1519 1009 1554 III.
1029 1539 1071 1545 —
1088 1519 1133 1555 L.
1166 1530 1200 1555 a.
1229 1530 1279 1564 s.;
1312 1519 1503 1555 citadelle
1536 1519 1582 1554 de
1614 1518 1729 1559 Ham,

352 1567 449 1608 1842,
474 1568 484 1600 1
510 1576 545 1611 p.
568 1565 660 1608 in-8,
682 1564 821 1600 cachet
840 1564 862 1599 à
880 1575 941 1600 ses
962 1574 1102 1600 armes.
1645 1567 1666 1600 2
1689 1566 1733 1599 50

267 1622 324 1657 137
351 1622 532 1665 Moreau
560 1621 728 1666 (Elise),
749 1619 905 1656 célèbre
926 1621 1069 1656 femme
1089 1621 1229 1666 poète,
1251 1620 1323 1656 née
1345 1620 1435 1666 près
1466 1620 1514 1655 de
1544 1620 1734 1656 Niort.—

349 1666 393 1701 L.
414 1677 448 1701 a.
469 1677 499 1702 s.
513 1680 522 1711 ;
544 1666 787 1711 Parthenay,
811 1668 906 1709 1838,
928 1669 949 1702 3
968 1675 1003 1711 p.
1025 1665 1122 1700 in-8.
1647 1667 1667 1700 2
1716 1678 1733 1697 »

392 1712 570 1743 Charmante
586 1712 678 1751 épitre
693 1720 744 1743 sur
761 1720 809 1743 ses
827 1713 930 1743 succès
950 1710 1098 1750 poétiques
1113 1713 1141 1742 et
1152 1712 1179 1741 la
1198 1711 1305 1742 société
1321 1712 1357 1742 de
1375 1711 1553 1750 Parthenay.

269 1763 329 1797 138
353 1763 516 1807 Morlot
532 1762 709 1807 (F.-N.),
731 1761 1180 1807 cardinal-archevêque
1201 1761 1247 1796 de
1267 1761 1410 1804 Tours,
1431 1761 1521 1806 puis
1541 1761 1588 1795 de
1604 1760 1735 1801 Paris,

362 1807 410 1841 né
430 1807 452 1841 à
469 1807 665 1853 Langres,
699 1808 803 1843 mort
823 1817 871 1842 en
894 1809 991 1843 1863.
1012 1826 1053 1832 —
1071 1806 1115 1842 L.
1137 1817 1171 1842 a.
1192 1816 1244 1851 s.;
1272 1806 1420 1849 Tours,
1457 1809 1495 1841 19
1525 1805 1603 1841 fév.
1638 1808 1736 1847 1855,

358 1854 370 1886 1
394 1862 431 1897 p.
455 1853 518 1895 1/2
538 1852 635 1887 in-8.
1646 1853 1668 1885 2
1691 1852 1736 1886 50

398 1898 416 1927 11
437 1899 532 1928 refuse
553 1899 568 1928 k
587 1906 624 1928 un
644 1897 755 1936 peintre
774 1897 808 1928 de
824 1897 894 1928 faire
913 1897 1021 1935 figurer
1036 1905 1088 1928 son
1110 1897 1233 1935 portrait
1248 1897 1263 1927 h
1278 1896 1463 1935 l’exposition
1485 1896 1669 1927 universelle.

271 1948 332 1983 139
355 1948 537 1992 Morone
568 1947 788 1992 (Jérôme),
820 1947 997 1993 premier
1029 1947 1214 1982 ministre
1246 1946 1292 1981 de
1323 1946 1575 1982 Maximilien
1613 1948 1654 1982 et
1690 1945 1737 1980 de

353 1992 545 2040 François
565 1992 715 2036 Sforce,
736 1993 933 2038 politique
954 1992 1181 2034 cauteleux,
1212 1994 1305 2027 tour
1325 1992 1348 2027 à
1378 1993 1472 2027 tour
1499 1991 1609 2037 ligué
1642 2002 1738 2026 avec

353 2030 662 2077 Charlês-Quint
682 2040 723 2073 et
741 2037 848 2073 Léon
867 2035 917 2081 X,
939 2048 1032 2072 avec
1053 2037 1244 2086 François
1264 2037 1279 2072 I
1282 2043 1311 2059 er
1332 2038 1373 2073 et
1398 2047 1493 2072 avec
1525 2037 1560 2072 le
1592 2036 1739 2071 conné¬

353 2082 461 2118 table
482 2083 529 2117 de
549 2083 752 2127 Bourbon,
784 2083 880 2129 qu’il
901 2082 1027 2118 suivit
1046 2093 1095 2118 au
1116 2093 1181 2118 sac
1202 2082 1249 2117 de
1269 2082 1411 2118 Rome.
1432 2102 1474 2107 —
1493 2081 1605 2117 Belle
1626 2082 1739 2127 pièce

354 2127 449 2173 sig.;
471 2128 610 2171 Milan,
635 2131 675 2164 15
696 2139 786 2164 nov.
811 2131 906 2172 1521,
930 2130 942 2163 1
967 2139 1002 2174 p.
1023 2128 1111 2163 in-f.
1132 2131 1231 2163 Rare.
1654 2129 1675 2162 5
1722 2139 1739 2158 »

272 2181 332 2216 140
355 2182 583 2225 Napoléon
601 2183 672 2224 1er,
695 2192 906 2227 empereur
926 2182 993 2216 des
1011 2180 1212 2229 Français.—Brevet
1428 2180 1504 2226 sig.
1525 2190 1594 2215 sur
1617 2179 1740 2222 vélin,

358 2236 452 2261 avec
472 2225 513 2262 la
531 2226 635 2262 belle
654 2227 837 2273 vignette
858 2227 904 2262 de
926 2227 1073 2272 Roger,
1094 2233 1144 2261 ah
1164 2226 1233 2268 XI,
1256 2226 1345 2261 in-f.
1656 2228 1677 2260 3
1724 2237 1740 2256 ><

273 2283 328 2317 141
357 2283 417 2317 Le
442 2284 598 2317 même.
620 2303 662 2308 —
682 2284 725 2319 L.
758 2283 833 2329 sig.
864 2283 921 2327 N,
954 2294 1003 2318 au
1035 2282 1158 2318 baron
1191 2282 1238 2317 de
1270 2283 1309 2318 la
1338 2281 1579 2326 Bouillerie;
1611 2280 1741 2323 Paris,

356 2328 400 2361 24
414 2326 527 2371 janv.
552 2330 649 2371 1814,
673 2330 735 2372 1/2
752 2338 790 2374 p/in-4.
1655 2328 1676 2360 6
1723 2338 1740 2358 »

400 2372 497 2404 Ordre
519 2374 554 2404 de
575 2376 705 2412 compter
722 2375 854 2411 300,000
871 2375 970 2405 francs
997 2382 1032 2404 au
1057 2374 1099 2404 roi
1131 2373 1251 2411 Joseph,
1267 2381 1318 2403 sur
1335 2381 1390 2404 son
1411 2380 1551 2412 apanage.
1570 2375 1613 2402 An
1632 2372 1686 2402 has
1700 2374 1745 2401 est

360 2413 387 2443 le
405 2421 474 2450 reçu
496 2416 556 2445 aut.
577 2413 631 2451 sig.
651 2414 688 2444 du
705 2414 760 2444 roi.

272 2464 334 2499 142
357 2464 416 2497 Le
429 2465 587 2498 même.
602 2482 644 2488 —
657 2465 678 2498 4
692 2464 836 2509 petites
855 2464 987 2509 lignes
1008 2469 1090 2499 aut.
1112 2462 1187 2508 sig.
1208 2464 1398 2507 Bonaparte
1402 2464 1410 2505 ,
1435 2464 1445 2507 1
1464 2472 1501 2507 p.
1518 2461 1632 2497 in-32.
1658 2462 1679 2495 6
1725 2474 1743 2493 »

408 2509 682 2540 Recommandation
702 2517 776 2547 pour
801 2510 874 2541 faire
894 2512 1049 2549 exempter'
1072 2508 1232 2548 quelqu'un
1260 2508 1298 2539 du
1331 2508 1446 2540 service
1474 2508 1608 2538 militaire
1633 2513 1746 2537 comme

357 2549 459 2579 artiste
479 2558 516 2579 ou
535 2550 653 2579 homme
672 2549 708 2579 de
723 2550 833 2580 lettres.

274 2600 334 2634 143
358 2599 589 2643 Napoléon
620 2600 704 2643 III,
738 2609 950 2645 empereur
981 2599 1048 2635 des
1080 2598 1283 2639 Français.
1305 2618 1348 2624 —
1369 2598 1480 2633 Belle
1511 2597 1620 2642 pièce
1656 2596 1746 2642 sig.,

364 2646 461 2687 1856,
487 2646 499 2690 1
523 2655 560 2690 p.
583 2636 675 2680 in-f.
1660 2643 1681 2676 8
1729 2654 1745 2673 »
