1841 2972
926 176 967 212 -
998 175 1046 212 16
1075 196 1119 203 -

444 275 460 302 ï
472 273 727 304 iès-intéressante
745 273 827 302 lettre
846 275 925 303 toute
952 273 1071 303 relative
1093 274 1111 303 k
1128 281 1176 303 ses
1194 280 1283 304 cours
1298 273 1411 310 publics
1440 273 1475 303 de
1503 272 1703 310 minéralogie,
1731 275 1758 302 et

395 320 451 342 ;iux
475 312 615 350 procédés
633 313 701 350 qu'il
718 311 843 351 emploie
864 319 938 350 pour
952 313 979 342 la
999 312 1222 342 détermination
1239 312 1291 343 des
1310 313 1429 350 espèces
1444 311 1612 343 minérales.

292 367 379 402 4413
402 367 573 410 Hébert
585 367 731 410 (René),
746 366 944 401 substitut
964 366 1014 401 du
1031 376 1253 411 procureur*
1283 365 1330 400 de
1349 366 1387 400 la
1417 366 1509 400 Com
1513 372 1544 387 nc
1564 364 1610 399 de
1631 364 1759 407 Paris,

403 410 558 445 célèbre
572 410 933 453 révolutionnaire,
954 411 1020 456 qui
1042 422 1064 445 a
1084 410 1213 445 donné
1227 420 1296 445 son
1315 421 1406 444 nom
1422 421 1471 444 au
1492 410 1597 455 parti
1613 409 1649 444 le
1670 409 1759 454 plus

404 455 548 490 exalté.
569 474 611 481 —
631 455 747 490 Pièce
768 455 846 500 sig.
866 468 875 499 ;
895 458 939 491 23
958 465 1062 490 mars
1091 458 1188 498 1793,
1207 457 1229 490 2
1248 465 1285 499 p.
1307 454 1396 490 in-f.
1417 458 1514 489 Rare.
1655 456 1694 488 14
1741 466 1757 485 »

293 517 380 551 4414
403 516 578 560 Heeren
597 515 819 560 (A.-H.-JL.),
840 514 1039 550 historien
1059 514 1272 557 allemand,
1306 514 1461 549 célèbre
1495 524 1565 559 par
1596 524 1656 549 ses
1682 515 1763 548 tra¬

407 570 510 594 vaux
534 570 604 595 sur
623 559 851 605 l’antiquité
872 562 912 594 et
932 559 967 594 le
988 569 1131 604 moyen
1151 558 1237 604 âge,
1267 569 1440 604 corresp.
1478 558 1524 593 de
1561 558 1687 594 l’Inst.
1720 577 1762 583 —

406 604 450 639 L.
474 615 507 639 a.
529 615 575 647 s.,
597 615 645 639 en
666 603 855 652 français,
879 606 891 638 1
916 614 953 648 p.
974 604 1071 639 in-4.
1093 605 1181 638 Belle
1196 605 1298 647 pièce.
1674 605 1695 637 4
1742 615 1759 635 »

453 650 549 679 Lettre
565 649 703 681 adressée
718 658 754 679 au
770 649 939 681 traducteur
959 648 1085 686 français
1103 649 1171 678 d’un
1191 650 1227 678 de
1245 657 1294 678 ses
1312 655 1469 687 ouvrages,
1485 648 1590 686 auquel
1603 648 1622 677 il
1633 655 1763 678 annonce

413 688 516 718 l’envoi
535 688 571 718 de
592 689 617 718 la
632 689 649 718 -I
652 695 662 707 e
684 688 790 719 édition
809 689 843 718 de
862 688 914 718 son
936 686 1080 717 Manuel.

295 728 383 761 4415
406 728 546 771 Hegel
566 726 876 771 (G.-W.-Fréd.),
891 726 984 761 chef
1000 726 1047 760 de
1068 726 1107 761 la
1126 725 1311 760 dernière
1333 725 1483 770 grande
1504 724 1612 760 école
1633 725 1762 770 philo¬

407 771 600 816 sophique
632 782 680 806 en
712 771 961 816 Allemagne.
998 790 1041 795 —
1077 769 1202 805 Billet
1239 771 1322 805 aut.
1360 769 1451 815 sig.,
1477 772 1521 805 23
1552 769 1635 805 déc.
1666 771 1762 812 1824,

412 818 425 850 1
447 825 483 860 p.
505 815 598 851 in-8.
1676 816 1696 849 3
1745 826 1761 845 »

297 861 384 894 4410
408 861 569 904 Hoefer
587 858 891 904 (J.-Ch.-Ferd.),
913 860 1054 894 savant
1073 859 1259 894 chimiste
1278 860 1319 894 et
1338 858 1536 893 historien
1558 858 1604 892 de
1626 858 1664 893 la
1684 857 1765 891 chi¬

409 904 500 938 mie.
521 925 563 929 —
582 904 626 940 L.
648 915 681 939 a.
703 914 754 948 s.;
775 903 903 945 Paris,
930 905 1026 946 1857,
1051 906 1063 938 1
1088 914 1123 949 p.
1146 904 1237 938 in-8.
1678 905 1699 938 2
1722 904 1767 937 50

454 954 597 986 Curieuse
616 956 699 986 lettre
715 954 835 986 relative
851 955 867 984 à
886 954 914 984 la
932 953 1128 994 biographie
1145 953 1304 994 générale,
1322 954 1357 983 de
1376 954 1443 984 MM.
1464 954 1558 990 Didot,
1589 953 1660 984 dont
1685 953 1704 983 il
1724 955 1768 983 est

413 993 441 1024 le
458 994 614 1026 directeur.

299 1034 385 1067 4417
410 1034 631 1067 Hortense
650 1034 970 1073 Beauharnais,
991 1031 1104 1066 reine
1125 1031 1171 1066 de
1191 1031 1403 1072 Hollande,
1431 1030 1539 1065 mère
1568 1031 1615 1065 de
1635 1031 1765 1076 Napo¬

411 1076 499 1111 léon
521 1077 587 1112 III.
609 1097 651 1103 —
670 1077 714 1111 L.
736 1087 769 1112 a.
790 1087 820 1112 s.
835 1077 856 1110 à
875 1086 918 1111 sa
937 1075 1058 1118 mère,
1075 1076 1359 1121 l’impératrice
1380 1075 1616 1120 Joséphine;
1638 1075 1768 1111 Saint-

411 1120 507 1163 Leu,
540 1124 577 1155 18
597 1123 711 1166 sept.,
735 1124 747 1156 1
771 1132 806 1166 p.
828 1121 925 1155 in-8.
946 1121 1029 1154 Jolie
1043 1122 1146 1165 pièce.
1658 1122 1702 1155 20
1750 1132 1765 1151 »

299 1166 386 1199 4418
411 1166 551 1209 Houel
571 1165 714 1209 (J.-P.),
751 1165 909 1211 peintre
946 1166 987 1198 et
1007 1175 1181 1207 graveur
1201 1164 1420 1210 distingué,
1442 1163 1490 1198 né
1511 1164 1533 1198 à
1550 1165 1705 1200 Rouen.
1732 1183 1770 1188 —

412 1209 454 1243 L.
476 1220 505 1244 s.
529 1220 577 1244 au
599 1210 805 1245 directeur
823 1209 1022 1244 Treillarcl
1045 1209 1171 1252 (Paris
1194 1210 1304 1253 1797),
1324 1213 1345 1244 2
1363 1220 1400 1254 p.
1422 1207 1514 1243 in-4.
1660 1212 1680 1243 4
1726 1211 1769 1243 50

459 1254 653 1286 Intéressante
671 1256 765 1292 lettre,
785 1255 907 1286 relative
923 1255 939 1284 à
961 1255 1014 1285 son
1038 1255 1162 1294 Voyage
1176 1255 1290 1294 pillvr.
1305 1254 1342 1284 de
1362 1253 1467 1290 Sicile,
1501 1254 1539 1284 de
1568 1254 1664 1285 Malle
1684 1257 1712 1283 el
1734 1253 1772 1283 de

403 1292 526 1331 Lipari.

301 1333 388 1366 4419
410 1333 537 1376 Hugo
569 1333 744 1378 (Victor),
777 1332 937 1367 illustre
967 1331 1158 1374 écrivain,
1179 1331 1226 1366 de
1247 1332 1393 1367 l’Acad.
1415 1333 1541 1368 franc.
1561 1331 1660 1366 —L.
1683 1341 1716 1365 a.
1738 1341 1768 1366 s.

413 1376 421 1419 (
443 1375 465 1410 à
482 1378 535 1412 M.
563 1377 790 1422 Gromier);
825 1376 1243 1418 Hauteville-House,
1274 1379 1318 1412 23
1342 1376 1436 1422 juin
1466 1380 1563 1419 1808,
1599 1379 1610 1411 1
1652 1386 1688 1420 p.
1715 1375 1768 1420 pl.

414 1420 511 1456 in-8.
1685 1422 1705 1455 8
1753 1431 1769 1451 »

459 1466 535 1496 Bille
554 1465 646 1505 épilre
666 1467 786 1497 relative
807 1475 842 1496 au
861 1474 1047 1504 programme
1064 1466 1165 1497 libéral
1185 1467 1220 1496 de
1241 1466 1277 1496 M.
1295 1466 1389 1498 M.-A.
1405 1466 1541 1498 Gromier
1560 1474 1633 1504 pour
1647 1465 1688 1495 les
1696 1466 1771 1495 élec¬

420 1504 498 1534 tions
514 1506 550 1535 de
571 1506 655 1535 1869.
678 1517 690 1531 «
712 1506 744 1536 Je
763 1506 947 1542 l'approuve,
963 1505 1053 1536 dit-il.
1074 1507 1112 1536 Le
1129 1505 1217 1539 mien,
1237 1505 1284 1542 qui
1307 1509 1351 1536 est
1369 1507 1442 1536 celui
1470 1506 1506 1537 de
1533 1505 1622 1537 l’exil,
1644 1508 1687 1534 est
1708 1505 1773 1542 plus

420 1543 539 1579 radical,
562 1544 637 1574 mais
651 1545 669 1574 il
688 1553 704 1574 a
724 1544 950 1574 l’inconvénient
970 1544 1282 1575 d'être,actuellement
1299 1545 1479 1582 impossible.
1497 1545 1584 1576 Etant
1614 1544 1726 1575 donnée
1743 1544 1770 1573 la

423 1583 573 1620 situation,
592 1586 673 1614 votre
689 1583 836 1614 itinéraire
856 1592 929 1620 pour
947 1592 981 1613 en
999 1583 1089 1614 sortir
1107 1587 1151 1614 est
1168 1584 1362 1614 excellent...
1379 1597 1391 1610 »

304 1621 391 1655 4420
415 1621 659 1665 Humboldt
678 1622 801 1665 (Alex,
824 1620 897 1666 de),
932 1632 984 1656 un
1017 1622 1085 1657 des
1116 1622 1205 1666 plus
1238 1621 1420 1657 illustres
1457 1627 1619 1662 savants
1650 1621 1696 1655 de
1728 1631 1772 1655 ce

417 1664 550 1700 siècle.
572 1686 615 1691 —
635 1666 677 1700 L.
699 1677 733 1700 a.
756 1676 801 1708 s.,
829 1676 876 1700 en
897 1665 1085 1712 français,
1113 1677 1160 1700 au
1195 1666 1332 1711 prince
1364 1666 1596 1710 Kosloffski,
1624 1667 1646 1700 à
1675 1665 1774 1700 Var¬

416 1709 543 1753 sovie;
565 1709 733 1756 Teplitz,
753 1712 797 1746 22
811 1709 906 1755 juil.
931 1713 1029 1753 183o,
1053 1714 1064 1745 1
1084 1721 1119 1756 p.
1142 1710 1195 1756 pl.
1217 1710 1309 1745 in-f.
1685 1713 1707 1745 5
1755 1723 1771 1742 »

463 1756 560 1786 Lettre
580 1756 770 1786 intéressante
789 1764 825 1785 ou
845 1757 861 1785 il
883 1760 924 1785 est
947 1755 1080 1793 question
1101 1757 1136 1786 de
1155 1757 1181 1785 la
1209 1757 1354 1793 réception
1382 1757 1532 1794 gracieuse
1568 1764 1623 1793 que
1642 1755 1721 1786 vient
1740 1756 1775 1784 de

423 1793 460 1822 lui
479 1794 551 1825 faire
580 1794 756 1833 l’empereur
774 1794 809 1824 de
827 1795 941 1828 Russie,
963 1795 1010 1832 qui
1027 1795 1094 1825 s’est
1115 1802 1244 1825 souvenu
1269 1796 1321 1825 des
1339 1804 1380 1826 set
1388 1796 1468 1826 vices
1488 1796 1557 1833 qu'il
1579 1803 1595 1825 a
1618 1796 1705 1825 voulu
1736 1794 1774 1824 lui

427 1833 530 1863 rendre
546 1841 582 1864 en
601 1837 779 1873 parcourant
795 1834 822 1863 la
842 1834 954 1864 Sibérie
970 1842 985 1863 a
999 1834 1072 1872 l'âge
1091 1834 1125 1865 de
1144 1834 1182 1864 60
1201 1841 1264 1864 ans.

306 1876 387 1910 4421
417 1876 588 1920 Ingres,
608 1877 644 1912 le
667 1877 792 1921 grand
814 1877 971 1921 peintre
993 1877 1214 1913 d’histoire.
1248 1897 1290 1903 —
1318 1878 1361 1912 L.
1395 1889 1429 1913 a.
1467 1889 1497 1913 s.
1532 1878 1554 1912 à
1578 1878 1630 1913 M.
1657 1877 1773 1913 Ferd.

421 1919 594 1963 Servais,
617 1922 638 1956 à
658 1925 795 1964 Rome,
819 1925 830 1957 1
855 1932 890 1967 p.
918 1922 1015 1957 in-4.
1690 1924 1711 1956 6
1759 1935 1775 1954 »

465 1966 537 1996 Jolie
557 1969 650 2002 lettre,
667 1968 713 2004 qui
734 1967 858 1998 consiste
876 1974 911 1998 en
930 1975 979 1998 ces
998 1967 1139 2005 quelques
1158 1970 1248 1998 mots:
1267 1967 1323 1998 «Je
1336 1967 1398 1998 suis
1411 1975 1447 1998 on
1465 1975 1502 1997 ne.
1517 1968 1582 2005 plus
1599 1967 1682 1998 fâché
1695 1968 1730 1997 de
1743 1976 1778 1998 ne

421 2014 474 2044 pas
490 2009 615 2043 pouvoir
632 2013 679 2037 me
694 2006 742 2036 fait
751 2014 766 2036 e
779 2006 880 2037 ouvrir
899 2007 940 2036 les
959 2010 1060 2044 portes
1075 2008 1112 2037 du
1132 2006 1250 2041 Vatican
1266 2016 1273 2037 :
1292 2007 1320 2045 je
1341 2007 1398 2037 n'ai
1411 2014 1505 2037 aucun
1525 2006 1648 2045 pouvoir
1659 2007 1777 2038 humain

421 2054 495 2084 pour
517 2046 588 2075 cela.
607 2057 619 2071 »

311 2096 399 2132 4422
423 2095 614 2129 Isabelle
632 2095 686 2136 II,
702 2093 813 2128 reine
827 2093 1059 2144 d’Espagne,
1072 2094 1262 2129 détrônée
1277 2106 1324 2129 en
1348 2095 1554 2130 1868.—L.
1576 2105 1606 2129 s.
1632 2106 1680 2129 au
1697 2105 1779 2129 car¬

423 2138 531 2173 dinal
553 2138 771 2182 Giovanni;
804 2137 975 2180 Madrid,
1012 2141 1108 2181 1849,
1132 2141 1194 2182 1/2
1213 2149 1249 2184 p.
1280 2139 1373 2174 in-f.
1394 2138 1554 2184 oblong.
1578 2139 1674 2174 Plus
1702 2150 1778 2174 une

425 2184 450 2219 1.
472 2194 501 2218 s.
524 2182 576 2217 du
597 2182 657 2216 roi
677 2193 745 2217 son
766 2183 908 2228 époux,
928 2183 993 2216 don
1011 2186 1167 2224 François
1185 2184 1347 2227 d’Assise,
1368 2194 1417 2218 au
1439 2184 1587 2229 même;
1607 2184 1779 2224 Madrid,

427 2230 522 2269 1849,
547 2229 609 2270 1/2
628 2237 662 2272 p.
685 2227 776 2261 in-f.
799 2227 958 2271 oblong.
980 2228 1083 2261 Belles
1099 2230 1218 2271 pièces.
1675 2231 1714 2263 12
1762 2242 1778 2261 »

314 2279 401 2313 4423
424 2277 559 2320 Janin
579 2275 729 2321 (Jules),
749 2276 785 2321 le
802 2279 919 2321 prince
947 2278 1002 2310 des
1029 2278 1206 2321 Critiques.
1233 2278 1336 2313 —L.
1361 2288 1394 2313 a.
1433 2289 1463 2313 s.
1496 2288 1545 2312 au
1585 2278 1778 2313 musicien

426 2321 541 2365 belge
568 2320 778 2355 Haumann
794 2334 802 2364 ;
823 2321 946 2366 Lyon,
972 2323 1068 2364 1834,
1094 2324 1104 2355 1
1129 2332 1165 2366 p.
1187 2322 1284 2357 in-8.
1698 2325 1708 2356 1
1739 2325 1782 2357 50

316 2375 403 2410 4424
427 2375 539 2408 Jean
558 2374 610 2415 II,
637 2372 698 2407 roi
719 2372 915 2418 d’Aragon
947 2375 988 2408 et
1019 2373 1065 2408 de
1097 2373 1289 2416 Navarre,
1329 2374 1427 2408 mari
1461 2373 1507 2408 de
1537 2373 1710 2408 Blanche
1734 2374 1781 2408 de

428 2413 606 2459 Cifstille,
628 2417 719 2462 père
740 2417 786 2451 de
807 2417 1035 2452 Ferdinand
1058 2418 1094 2452 le
1116 2418 1367 2464 Catholique.
1389 2438 1430 2443 —
1450 2418 1492 2454 L.
1514 2429 1544 2453 s.
1568 2429 1617 2453 au
1639 2418 1715 2453 duc
1734 2418 1781 2453 de

427 2462 579 2504 Milan;
603 2464 642 2496 12
663 2462 740 2496 mai
764 2463 858 2504 1456,
883 2464 945 2504 1/2
965 2472 999 2506 p.
1022 2461 1124 2505 in-f.,
1145 2466 1277 2497 sceau.
1299 2466 1396 2497 Rare.
1676 2465 1715 2497 14
1763 2475 1779 2494 »

316 2516 404 2549 4425
427 2514 595 2557 Joseph
618 2514 671 2555 II,
698 2524 909 2558 empereur
928 2513 1214 2559 d’Allemagne,
1237 2515 1272 2549 le
1293 2514 1407 2549 hardi
1429 2515 1699 2549 réformateur
1734 2514 1781 2549 de

427 2568 497 2593 son
517 2568 626 2603 pays.
647 2577 689 2582 —
709 2557 751 2592 L.
772 2568 818 2600 s.,
838 2569 887 2592 en
908 2558 1121 2600 allemand,
1147 2561 1243 2601 1762,
1268 2561 1278 2593 1
1292 2562 1329 2602 /4
1348 2558 1394 2593 de
1415 2569 1513 2604 page
1535 2559 1627 2593 in-4.
1697 2559 1718 2593 3
1765 2571 1781 2590 »

319 2609 405 2642 4426
429 2607 684 2650 Joséphine,
707 2607 960 2652 impératrice
982 2607 1049 2642 des
1087 2607 1288 2654 Français.
1320 2628 1363 2634 —
1399 2608 1441 2643 L.
1468 2619 1497 2643 s.
1531 2619 1579 2643 au
1619 2607 1782 2652 général
