1850 2955
835 129 877 166 —
913 129 955 166 12
985 150 1028 156 —

221 228 263 261 97
287 228 524 272 Duperrey
539 227 732 271 (L.-Isid.),
749 227 948 273 capitaine
964 227 1010 262 de
1027 228 1223 269 vaisseau,
1240 227 1395 262 célèbre
1411 226 1663 271 navigateur,

290 271 336 306 de
357 272 504 307 l’Acad.
527 272 594 308 des
613 272 810 308 Sciences.
832 292 875 297 —
896 272 936 307 L.
953 283 987 308 a.
999 283 1030 307 s.
1043 282 1092 307 au
1105 271 1272 307 libraire
1290 271 1439 307 Arthus
1454 270 1664 313 Bertrand,

294 318 303 350 1
327 326 363 361 p.
386 316 483 352 in-8.
1580 318 1601 351 3
1650 327 1665 347 »

221 372 265 405 98
288 372 439 415 Dupré
458 374 680 417 d’Aulnay
707 373 805 417 (L.),
831 375 971 408 savant
997 371 1203 417 physicien
1230 373 1271 406 et
1297 371 1599 417 physiologiste.
1624 390 1667 395 —

289 415 331 451 L.
351 428 385 452 a.
407 428 452 460 s.,
478 419 573 460 1748,
594 421 615 453 2
633 428 669 463 p.
693 419 756 460 1/2
775 417 867 452 in-4.
1580 417 1601 450 4
1648 428 1664 446 »

329 468 551 499 Très-curieuse
568 469 661 507 épitrc
680 469 798 499 relative
814 469 831 498 à
849 469 897 499 ses
916 469 1033 498 Lettres
1053 475 1112 498 sur
1131 466 1163 496 la
1182 465 1369 505 génération
1384 466 1437 497 des
1456 468 1550 501 êtres,
1571 470 1599 496 et
1616 475 1670 497 sur

289 515 341 538 son
365 508 505 546 opnscu'e
528 507 694 547 Réception
713 507 756 537 du
779 507 910 537 docteur
929 507 1063 546 Hecquet
1079 514 1149 536 aux
1167 506 1284 543 enfers.
1307 518 1317 531 «
1338 505 1385 543 qui
1404 505 1531 536 contient
1548 506 1591 536 les
1609 506 1668 536 élé¬

292 550 387 577 ments
409 547 444 577 de
475 547 501 576 la
529 547 611 577 vraie
633 547 817 585 philosophie
845 560 856 571 ->
880 547 899 576 Il
920 547 1001 576 n'ose
1021 554 1072 584 pas
1090 554 1122 575 se
1146 544 1277 576 déclarer
1304 545 1427 576 l'auteur
1448 545 1482 575 de
1501 553 1534 575 ce
1552 544 1669 576 dernier

291 594 430 624 ouvrage,
446 586 515 623 qu'il
533 594 548 615 a
563 587 613 616 fait
626 586 777 624 imprimer
797 588 811 616 ü
831 587 868 616 La
884 586 976 623 Haye,
996 589 1024 616 et
1037 585 1084 623 qui
1101 594 1132 616 se
1148 584 1222 615 vend
1238 584 1490 615 clandestinement
1510 592 1546 614 au
1563 584 1669 615 Palais-

293 625 395 664 Royal.

223 677 267 711 99
291 675 438 719 Duras
458 674 585 719 (J.-B.,
606 674 682 709 duc
710 675 784 719 de),
815 674 1015 709 maréchal
1041 674 1087 708 de
1117 674 1281 716 France,
1312 672 1591 708 commandant
1621 673 1668 708 de

292 721 499 765 Guyenne,
522 730 779 764 gouverneur
799 719 845 754 de
867 718 1217 754 Franche-Comté.
1240 739 1282 744 —
1301 718 1343 753 L.
1365 729 1399 753 a.
1421 728 1466 760 s.,
1488 717 1510 752 à
1538 717 1590 752 M.
1620 717 1667 752 de

292 763 527 806 Chauvelin,
545 764 936 809 garde-des-sceaux;
953 763 1211 806 Montauban,
1231 763 1404 808 1731,1/2
1419 761 1453 808 p.
1466 761 1563 797 in-4.
1583 765 1604 797 3
1652 775 1667 793 »

207 822 268 856 100
292 822 360 854 Du
379 820 625 864 Tremblay
643 820 795 864 (A.-P.),
817 818 1019 854 excellent
1043 818 1249 862 fabuliste,
1279 817 1373 853 allié
1402 828 1479 853 aux
1507 817 1669 852 descen¬

294 864 411 899 dants
431 864 478 898 de
498 864 554 899 La
574 864 784 899 Fontaine.
805 885 847 889 —
867 864 910 899 L.
933 875 967 899 a.
988 874 1032 907 s.,
1058 866 1154 907 1814,
1179 866 1189 898 1
1215 873 1251 909 p.
1273 863 1365 898 in-8.
1584 865 1606 897 2
1652 874 1669 893 »

208 918 263 950 101
292 915 522 957 Duvaucel
543 914 719 957 (Alfred),
742 917 883 949 savant
903 913 1157 955 naturaliste,
1183 923 1389 959 voyageur
1413 912 1508 947 dans
1534 912 1670 955 l’Inde,

293 959 342 993 où
365 959 393 994 il
415 961 475 994 est
496 961 602 993 mort
622 959 644 993 à
662 961 705 994 32
726 970 809 1001 ans,
831 958 1018 1004 petit-fils
1038 961 1078 993 et
1097 958 1206 993 élève
1233 958 1279 992 de
1311 958 1469 993 Cuvier.
1497 977 1539 982 —
1565 957 1607 992 L.
1635 968 1669 992 a.

293 1014 323 1039 s.
357 1004 379 1038 à
409 1004 462 1039 M.
501 1003 670 1047 Dubois;
708 1004 906 1046 Calcutta,
941 1005 962 1037 6
999 1003 1082 1038 déc.
1123 1005 1220 1045 1821,
1258 1006 1279 1038 3
1314 1013 1350 1048 p.
1389 1003 1482 1045 in-4,
1518 1001 1670 1037 cachet.

293 1051 391 1083 Rare.
1585 1048 1606 1080 6
1654 1059 1670 1078 »

338 1099 493 1130 Précieuse
512 1098 595 1129 lettre
615 1098 737 1129 relative
755 1099 771 1129 h
789 1107 822 1128 sa
838 1099 959 1128 mission
977 1098 1048 1128 dans
1066 1098 1167 1128 l'Inde.
1187 1098 1208 1127 11
1228 1099 1346 1128 raconte
1362 1097 1404 1128 les
1422 1096 1520 1128 efforts
1539 1096 1607 1134 qu'il
1625 1097 1675 1128 fait

297 1147 370 1177 pour
387 1138 457 1169 tirer
474 1138 517 1168 les
532 1138 597 1168 étab
612 1138 765 1168 issements
780 1139 797 1168 fi
807 1138 905 1175 ançais
923 1138 959 1167 de
974 1137 1064 1168 l’Inde
1083 1137 1118 1167 de
1136 1137 1354 1168 l'avilissement
1366 1137 1402 1168 où
1416 1137 1451 1167 ils
1468 1139 1534 1167 sont
1549 1136 1673 1170 tombés,

297 1186 350 1217 par
368 1179 392 1208 le
413 1178 462 1207 fait
480 1178 515 1208 de
534 1181 609 1207 cette
627 1177 817 1216 dégoûtante
842 1178 969 1207 marine
987 1175 1143 1215 anglaise.
1164 1177 1217 1207 Ses
1245 1184 1371 1215 propres
1386 1176 1591 1214 compatriotes
1609 1179 1675 1206 sont

299 1219 340 1249 les
360 1217 502 1255 premiers
518 1217 533 1246 à
551 1225 583 1246 se
604 1216 736 1247 déclarer
755 1220 855 1246 contre
872 1216 923 1247 lui.
948 1217 967 1245 Il
995 1216 1066 1246 s’est
1093 1216 1196 1246 trouvé
1217 1216 1312 1253 obligé
1329 1215 1431 1247 d’aller
1458 1215 1599 1246 chercher
1623 1216 1675 1246 des

299 1257 371 1287 amis
390 1265 426 1286 au
445 1255 562 1290 Thibet,
582 1256 630 1291 où,
653 1255 950 1291 malheureusement,
967 1256 991 1285 la
1012 1255 1135 1285 maladie
1153 1255 1191 1285 lui
1208 1264 1223 1285 a
1241 1256 1292 1285 fait
1316 1256 1420 1293 perdre
1436 1255 1460 1285 le
1475 1255 1542 1285 fruit
1563 1255 1599 1285 de
1627 1263 1676 1285 ses

301 1296 474 1328 recherches
492 1295 643 1325 d'histoire
662 1296 813 1326 naturelle.
833 1295 851 1324 Il
873 1303 905 1325 se
925 1295 1013 1332 plaint
1029 1295 1083 1325 fort
1103 1295 1137 1325 de
1152 1295 1193 1325 sir
1211 1295 1232 1325 R
1238 1303 1251 1323 a
1257 1295 1319 1325 Mes
1334 1297 1362 1325 et
1379 1295 1415 1326 de
1432 1303 1480 1324 ses
1501 1294 1630 1332 Anglais,
1649 1299 1677 1324 et

300 1343 468 1367 commence
487 1336 502 1364 h
521 1336 715 1373 comprendre
733 1342 789 1372 que
811 1335 836 1365 le
854 1334 955 1365 métier
974 1336 1007 1365 de
1022 1335 1194 1365 naturaliste
1210 1336 1254 1365 est
1269 1333 1306 1373 un
1322 1333 1404 1373 fichu
1422 1333 1531 1364 métier
1540 1342 1550 1372 ;
1568 1335 1640 1364 mais
1658 1335 1676 1364 il

301 1378 411 1406 restera
431 1375 447 1404 à
475 1382 528 1405 son
549 1377 631 1412 poste
650 1374 766 1411 jusqu'à
788 1381 820 1404 ce
838 1381 894 1411 que
917 1374 944 1404 le
962 1374 1065 1404 travail
1085 1374 1130 1403 l’ai
1150 1373 1211 1409 tué,
1230 1381 1266 1404 ou
1284 1374 1353 1412 qu’il
1367 1373 1405 1403 ait
1421 1373 1521 1411 acquis
1538 1381 1621 1405 assez
1642 1374 1676 1404 de

302 1414 430 1445 considéi
439 1414 515 1444 ation
532 1421 605 1451 pour
623 1415 738 1443 revenir
751 1421 785 1444 en
807 1414 929 1445 France.

214 1461 276 1495 102
299 1460 391 1493 Elie
409 1459 465 1493 de
483 1460 745 1500 Beaumont,
766 1459 908 1493 savant
927 1457 1138 1503 géologue,
1159 1457 1208 1492 né
1228 1457 1326 1492 dans
1346 1457 1382 1492 le
1403 1457 1608 1493 Calvados.
1634 1478 1676 1483 —

302 1503 342 1538 L.
364 1514 398 1538 a.
421 1513 467 1546 s.,
490 1505 587 1545 1833,
612 1504 623 1536 1
647 1512 684 1547 p.
706 1502 799 1537 in-8.
1595 1504 1605 1536 1
1635 1505 1679 1538 25

215 1561 277 1596 103
300 1558 476 1604 Evelyn
504 1558 663 1603 (John),
696 1558 856 1593 illustre
888 1557 1116 1603 antiquaire
1144 1560 1185 1592 et
1214 1557 1412 1593 botaniste
1438 1557 1594 1603 anglais
1625 1558 1675 1594 du

301 1614 383 1638 xvn
386 1610 397 1625 c
418 1602 553 1638 siècle.
574 1606 615 1637 —
634 1604 795 1637 Ex-dono
814 1603 861 1637 de
881 1606 902 1639 3
926 1603 997 1648 lig.
1027 1604 1109 1637 aut.
1136 1602 1210 1654 sig.
1238 1602 1273 1647 (à
1300 1602 1339 1637 la
1365 1605 1386 1638 3
1390 1609 1427 1625 mc
1457 1604 1678 1648 personne),

304 1649 391 1694 plus
411 1659 465 1683 un
486 1648 672 1693 portrait.
695 1647 761 1691 (De
782 1648 821 1682 la
840 1648 1052 1683 collection
1073 1647 1125 1682 du
1147 1647 1339 1682 révérend
1361 1648 1530 1693 Cotton).
1595 1651 1615 1683 2
1662 1661 1679 1680 »

218 1707 279 1741 104
302 1705 505 1749 Faucher
535 1704 678 1749 (Léon),
710 1704 953 1739 économiste
982 1706 1023 1739 et
1049 1703 1278 1748 publiciste,
1305 1703 1461 1738 célèbre
1494 1704 1678 1739 ministre

304 1750 350 1784 de
371 1749 577 1795 Napoléon
596 1749 664 1791 III,
686 1748 734 1783 né
756 1749 779 1783 à
796 1749 996 1794 Limoges.
1017 1768 1058 1774 —
1079 1749 1120 1783 L.
1143 1759 1177 1784 a.
1205 1758 1255 1791 s.;
1275 1750 1318 1783 25
1338 1746 1433 1794 juil.
1463 1751 1559 1792 1848,
1594 1751 1607 1783 1
1642 1759 1679 1794 p.

304 1795 396 1829 in-8.
1597 1795 1608 1827 1
1639 1796 1682 1829 50

220 1847 281 1881 105
304 1845 449 1887 Favre
478 1844 628 1888 (Jules),
655 1843 815 1879 illustre
848 1850 988 1879 avocat
1019 1845 1059 1878 et
1086 1845 1251 1878 orateur
1278 1842 1601 1887 parlementaire,
1634 1844 1680 1879 de

305 1889 452 1924 l’Acad.
474 1889 615 1931 franc.,
637 1888 685 1922 né
706 1888 728 1923 à
747 1888 871 1934 Lyon.
893 1909 934 1913 —
955 1888 997 1923 L.
1018 1899 1052 1923 a.
1080 1898 1124 1931 s.,
1154 1890 1250 1930 1857,
1280 1890 1291 1922 1
1321 1898 1357 1933 p.
1385 1888 1475 1923 in-4.
1506 1890 1683 1923 Très-belle

301 1937 404 1979 pièce.
1595 1936 1616 1967 6
1664 1946 1680 1965 «

223 1991 283 2025 106
307 1990 563 2024 Ferdinand
582 1990 653 2031 I®r,
675 1989 735 2024 roi
756 1989 802 2024 de
818 1988 978 2039 Naples,
994 1988 1130 2034 prince
1146 1989 1306 2023 fameux
1321 1998 1391 2033 par
1404 1999 1465 2024 ses
1479 1988 1681 2031 cruautés,

308 2034 476 2069 abhorré
496 2034 543 2068 de
573 2044 634 2069 ses
659 2033 799 2078 sujets,
832 2045 899 2079 qui
933 2034 1193 2079 proposèrent
1223 2033 1263 2068 la
1293 2043 1494 2068 couronne
1527 2034 1549 2067 à
1583 2034 1681 2069 Jean

307 2079 490 2123 d’Anjou.
512 2099 554 2103 —
574 2078 617 2113 L.
639 2089 673 2113 a.
694 2089 724 2114 s.
746 2079 768 2113 à
787 2090 829 2114 sa
848 2079 930 2113 fille
952 2079 991 2113 la
1010 2078 1200 2113 duchesse
1222 2077 1269 2112 de
1290 2077 1437 2121 Milan;
1459 2078 1619 2123 Naples,
1644 2081 1684 2113 14

309 2125 385 2159 oct.
411 2126 490 2166 14..,
516 2125 578 2166 1/2
596 2134 632 2168 p.
655 2123 759 2168 petit
779 2123 872 2166 in-4,
893 2122 1043 2158 cachet.
1068 2125 1161 2157 Rare.
1596 2126 1617 2158 5
1664 2136 1680 2155 »

347 2174 489 2205 Curieuse
506 2174 602 2211 lettre,
624 2174 745 2204 relative
761 2176 776 2204 à
793 2181 830 2204 un
849 2177 1008 2204 armement
1026 2174 1077 2204 des
1103 2174 1207 2208 Turcs,
1230 2173 1277 2211 qui
1307 2174 1332 2203 le
1351 2180 1470 2204 menace
1495 2174 1562 2204 d’un
1593 2175 1685 2212 grand

310 2214 393 2252 péril,
413 2214 450 2244 lui
470 2217 496 2243 et
517 2217 595 2244 toute
608 2212 723 2244 lTtalie.
744 2214 764 2243 11
786 2214 858 2244 croit
876 2214 945 2251 qu’il
974 2217 1018 2244 est
1033 2214 1068 2244 de
1085 2214 1112 2243 la
1133 2214 1198 2251 plus
1214 2213 1324 2250 grande
1343 2213 1521 2251 importance
1552 2214 1587 2244 de
1613 2214 1684 2244 déli¬

310 2253 394 2284 bérer
413 2261 448 2283 en
471 2260 606 2283 commun
624 2256 650 2282 et
669 2253 704 2282 de
723 2252 803 2283 lever
822 2254 873 2283 des
892 2257 1012 2291 troupes
1044 2261 1117 2291 pour
1132 2252 1263 2283 résister.
1289 2253 1308 2282 Il
1327 2252 1399 2282 écrit
1418 2253 1490 2283 dans
1514 2261 1546 2283 ce
1572 2261 1640 2284 sens
1669 2254 1685 2283 à

311 2301 363 2323 son
386 2292 607 2323 ambassadeur.

223 2343 282 2377 107
309 2341 450 2385 Ferry
482 2341 633 2385 (Jules),
663 2345 802 2376 avocat
829 2344 870 2377 et
900 2341 1129 2387 publiciste,
1161 2341 1305 2392 député
1337 2341 1383 2376 de
1416 2342 1454 2377 la
1486 2342 1602 2377 Seine
1636 2354 1683 2378 au

309 2386 430 2431 Corps
450 2386 659 2430 législatif.
680 2406 722 2411 —
741 2386 893 2421 Article
922 2389 1004 2422 aut.
1037 2387 1126 2432 sig.,
1153 2389 1196 2421 23
1215 2385 1310 2432 juil.
1341 2389 1436 2429 1869,
1467 2389 1488 2422 2
1519 2397 1554 2432 p.
1589 2387 1685 2430 in-4,

310 2431 529 2475 découpées
549 2442 598 2465 en
619 2431 709 2476 cinq
730 2441 831 2476 pour
851 2431 890 2466 la
910 2431 1173 2477 composition
1193 2431 1526 2477 typographique.
1600 2434 1621 2467 2
1668 2445 1684 2463 »

350 2482 491 2512 Curieuse
506 2482 590 2513 lettre
610 2483 625 2512 à
643 2490 690 2512 ses
707 2484 911 2512 commettants
925 2490 977 2513 sur
993 2483 1020 2513 la
1041 2482 1226 2522 prorogation
1245 2483 1281 2513 de
1300 2483 1326 2513 la
1346 2483 1503 2516 Chambre.

226 2533 285 2567 108
309 2532 518 2576 Feydeau
538 2531 718 2576 (Ernest),
740 2531 894 2567 célèbre
922 2533 1146 2568 romancier
1174 2533 1487 2578 contemporain,
1515 2532 1687 2568 l’auteur

312 2576 358 2611 de
378 2579 510 2620 Fanny.
531 2597 573 2602 —
593 2577 635 2612 L.
658 2588 692 2612 a.
714 2587 743 2612 s.
767 2577 788 2611 à
807 2576 860 2611 M.
882 2576 994 2620 Gide,
1019 2580 1114 2620 1859,
1140 2579 1149 2611 1
1163 2579 1200 2620 /2
1220 2587 1255 2622 p.
1279 2577 1369 2612 in-4.
1602 2580 1622 2612 2
1669 2590 1686 2609 »
