1850 2972
876 154 921 191 —
951 154 973 191 4
1002 176 1046 180 -

237 253 353 296 ainsi,
374 253 475 288 était
493 263 646 288 connue
667 252 713 287 do
734 254 847 288 notre
868 253 1049 288 confrère
1070 254 1121 289 M.
1137 253 1294 297 Balard,
1310 255 1377 300 qui
1394 254 1529 295 l’avait.remar¬

236 300 333 344 quée
354 298 554 344 plusieurs
575 298 674 333 mois
694 300 813 333 avant
833 308 907 344 que
922 297 1004 344 j’en
1023 300 1112 334 tisse
1134 310 1268 345 usage,
1294 310 1342 334 en
1372 299 1606 345 explorant,
1639 310 1691 334 un

236 344 318 378 soir
337 346 427 378 chez
449 344 541 385 moi,
562 354 654 378 avec
674 343 778 378 deux
808 345 968 379 savants
998 344 1167 389 anglais,
1200 345 1235 380 le
1266 344 1420 380 dossier
1447 345 1694 380 renfermant

235 389 292 424 les
322 388 463 425 lettres
492 388 538 423 de
558 388 727 434 Jacques
745 388 780 423 II
800 390 841 424 et
865 388 932 424 des
958 388 1062 424 deux
1087 389 1218 425 reines
1248 390 1375 425 Marie
1406 390 1447 425 et
1474 391 1600 433 Anne,
1632 400 1693 425 ses

236 433 352 469 tilles.

276 489 389 532 Mais,
412 489 788 535 indépendamment
808 489 854 524 de
875 500 917 524 ce
938 489 1078 535 simple
1098 490 1184 533 fait,
1195 489 1236 535 je
1252 490 1341 536 puis
1356 491 1442 525 dire
1458 501 1532 535 que
1547 491 1636 525 tout
1650 501 1692 526 ce

231 534 298 580 qui
319 535 410 570 s’est
429 534 540 580 passé
566 534 925 569 continuellement
950 534 972 569 à
997 545 1065 570 nos
1097 535 1257 571 séances
1288 535 1422 571 aurait
1453 535 1504 570 dû
1538 535 1694 570 écarter

232 579 345 615 ridée
367 590 441 625 que
458 579 604 624 j’eusse
627 589 787 615 recours
808 580 829 614 à
848 579 915 615 des
936 579 1168 615 documents
1193 580 1260 625 qui
1281 580 1508 616 n’auraient
1535 591 1603 625 pas
1632 580 1693 616 été

228 628 341 660 entre
355 635 436 660 mes
456 625 596 668 mains,
617 634 689 670 par
708 625 746 659 la
766 625 897 660 raison
919 635 992 670 que
1003 624 1045 668 je
1060 624 1271 670 répondais
1285 625 1471 671 toujours
1485 626 1623 661 séance
1638 627 1694 660 te¬

228 669 363 713 nante,s’il
447 669 511 716 n’yavaitpas
719 670 890 715 quelque
902 669 1201 714 empêchement
1211 670 1481 716 indépendant
1495 671 1541 705 de
1556 681 1620 705 ma
1630 681 1695 705 vo¬

226 715 348 757 lonté,
364 715 386 749 à
398 716 532 750 toutes
551 714 607 749 les
627 714 983 750 communications
998 714 1065 760 qui
1085 715 1306 751 arrivaient
1320 715 1372 751 du
1387 715 1543 751 dehors.
1560 715 1598 751 Si
1611 715 1693 760 j’en

225 759 326 795 étais
336 758 512 805 prévenu
534 770 604 805 par
623 760 675 794 M.
697 759 733 794 le
749 759 971 795 Secrétaire
987 759 1208 805 perpétuel,
1223 771 1272 795 au
1294 763 1634 796 commencement
1645 760 1692 795 do

227 806 266 840 la
279 804 434 848 séance,
451 804 493 849 je
514 805 671 840 courais
691 804 883 839 chercher
903 804 959 839 les
980 805 1110 850 pièces
1123 805 1191 851 qui
1212 806 1430 850 pouvaient
1448 806 1578 841 servir
1597 805 1619 840 à
1632 816 1696 840 ma

226 850 411 895 réponse;
433 852 474 885 et
493 850 525 885 si
541 849 583 895 je
603 860 651 884 ne
682 849 925 885 connaissais
952 860 1028 884 une
1057 850 1394 886 communication
1425 851 1514 896 qu’à
1544 851 1584 885 la
1614 851 1693 885 lec¬

225 897 315 930 ture
337 894 405 940 qui
427 905 475 929 en
497 894 597 930 était
616 895 712 929 faite
734 894 830 929 dans
845 894 881 929 le
898 894 1212 940 dépouillement
1227 895 1273 930 de
1288 895 1327 930 la
1339 895 1694 941 correspondance,

220 939 260 985 je
281 939 493 985 répondais
514 939 745 974 néanmoins
765 950 814 974 en
836 939 1070 985 invoquant,
1091 940 1138 974 de
1159 940 1360 983 souvenir,
1377 941 1434 977 les
1460 941 1694 976 documents

224 985 292 1030 qui
315 995 355 1020 se
376 984 653 1037 rapportaient
673 995 721 1019 au
743 983 869 1030 sujet;
891 986 931 1020 et
951 995 1014 1020 ces
1041 985 1287 1028 documents,
1316 985 1359 1031 je
1388 997 1436 1021 ne
1469 986 1527 1021 les
1555 985 1694 1021 faisais

226 1031 339 1074 point
359 1030 543 1065 attendre
564 1029 599 1065 le
621 1029 864 1073 lendemain,
885 1029 1020 1065 c’était
1039 1029 1223 1075 toujours
1244 1030 1311 1066 dés
1331 1030 1368 1066 le
1388 1030 1529 1074 matin,
1551 1030 1597 1065 de
1615 1033 1636 1065 7
1674 1030 1697 1064 à

222 1080 243 1110 8
265 1076 420 1117 heures,
442 1085 518 1120 que
534 1074 576 1119 je
597 1075 654 1110 les
674 1074 863 1119 envoyais
883 1075 904 1108 à
923 1074 1213 1120 l’imprimerie,
1234 1086 1328 1110 avec
1350 1076 1386 1111 le
1415 1078 1523 1112 texte
1555 1076 1602 1111 de
1632 1085 1696 1110 ma

226 1120 406 1165 réponse.
427 1120 501 1155 Les
522 1121 809 1164 Comptes-vendus
831 1121 1059 1155 constatent
1078 1130 1141 1155 ces
1161 1121 1268 1156 faits.

269 1176 314 1211 Je
336 1175 508 1219 déclare,
529 1186 577 1210 en
599 1177 727 1218 outre,
749 1186 824 1221 que
846 1175 881 1210 le
902 1175 1082 1210 vendeur
1110 1176 1178 1221 qui
1207 1175 1461 1221 m’apportait
1492 1176 1549 1211 les
1574 1176 1694 1211 docu¬

227 1223 369 1264 ments,
389 1221 526 1256 venait
546 1220 729 1265 toujours
750 1220 840 1255 chez
861 1220 940 1255 moi
961 1222 1074 1255 entre
1110 1223 1143 1255 11
1176 1220 1321 1256 heures
1353 1223 1393 1256 et
1424 1221 1536 1259 midi,
1567 1232 1615 1256 ou
1648 1221 1695 1256 de

221 1270 243 1301 5
254 1267 397 1301 heures
412 1268 452 1301 et
466 1266 594 1300 demie
611 1257 633 1300 à
644 1268 665 1300 6
679 1265 837 1309 heures;
854 1267 906 1308 et,
922 1275 970 1300 en
986 1267 1115 1308 outre,
1132 1276 1207 1311 que
1219 1265 1365 1311 jamais
1376 1265 1417 1311 je
1434 1266 1510 1301 n’ai
1526 1266 1588 1302 été
1603 1266 1696 1301 chez

226 1311 300 1354 lui,
322 1313 364 1346 et
383 1321 458 1356 que
479 1311 627 1357 jamais
647 1310 689 1356 je
716 1311 793 1345 n’ai
823 1310 974 1356 envoyé
1004 1321 1199 1356 personne
1229 1311 1287 1346 lui
1317 1310 1535 1346 demander
1565 1322 1695 1347 aucun

228 1356 458 1391 document.

272 1411 531 1447 L’insistance
552 1422 626 1456 que
654 1410 721 1455 j’ai
756 1411 867 1451 mise,
891 1411 986 1446 dans
1015 1421 1078 1447 ces
1109 1411 1289 1446 derniers
1314 1412 1459 1462 temps^
1488 1422 1589 1457 pour
1620 1422 1695 1457 que

228 1458 280 1494 M.
297 1457 508 1491 Leverrier
528 1455 672 1492 traitât
694 1456 733 1491 la
753 1456 938 1501 question
954 1456 1250 1502 astronomique
1267 1456 1364 1507 qu’il
1375 1458 1484 1492 avait
1497 1456 1698 1492 annoncée

233 1505 266 1538 le
290 1504 329 1537 19
348 1502 464 1542 avril,
486 1503 526 1537 et
545 1512 619 1546 que
641 1501 845 1546 beaucoup
866 1501 913 1536 de
933 1501 1131 1537 Membres
1150 1501 1359 1537 voulaient
1377 1500 1568 1546 ajourner
1583 1502 1696 1548 après

231 1549 270 1583 la
301 1546 550 1592 publication
582 1546 776 1591 complète
809 1546 876 1581 des
906 1546 996 1582 Mss.
1025 1546 1072 1581 de
1103 1546 1254 1590 Pascal,
1276 1556 1426 1591 prouve
1457 1557 1532 1592 que
1556 1547 1698 1592 j’avais

231 1601 374 1628 encore
396 1592 418 1625 à
437 1603 479 1626 ce
509 1595 685 1626 moment
712 1601 788 1626 une
815 1591 946 1637 pleine
979 1591 1179 1626 confiance
1211 1591 1306 1627 dans
1338 1602 1420 1627 mes
1451 1591 1697 1627 documents.

230 1636 331 1673 Mais
351 1635 508 1672 bientôt
528 1636 652 1681 après,
676 1636 732 1672 les
753 1636 1026 1672 observations
1047 1636 1113 1682 qui
1135 1638 1204 1672 ont
1224 1636 1285 1672 été
1306 1636 1424 1672 faites
1455 1637 1477 1671 à
1505 1636 1699 1673 Florence

232 1692 301 1719 sur
320 1681 361 1716 la
380 1681 500 1717 lettre
521 1681 568 1716 do
590 1681 760 1725 Galilée,
781 1681 832 1715 du
852 1684 873 1716 5
893 1681 1107 1717 novembre
1130 1683 1225 1725 1639,
1253 1682 1351 1717 dont
1375 1681 1518 1727 j’avais
1549 1682 1700 1728 envoyé

234 1738 311 1763 une
340 1725 647 1772 photographie,
674 1728 744 1761 ont
774 1725 917 1761 éveillé
949 1737 1039 1761 mon
1072 1726 1285 1769 attention,
1312 1728 1354 1762 et
1380 1729 1449 1761 ont
1476 1727 1699 1762 commencé

234 1774 256 1807 à
269 1771 496 1816 m’inspirer
506 1771 573 1806 des
588 1770 859 1815 inquiétudes,
874 1771 941 1816 qui
957 1771 1079 1806 m’ont
1093 1771 1205 1816 porté
1220 1771 1242 1806 à
1255 1771 1452 1806 certaines
1466 1771 1701 1807 recherches

235 1819 275 1853 et
297 1817 319 1851 à
337 1816 404 1852 des
425 1826 603 1852 mesures
623 1815 937 1858 d’information,
958 1818 998 1851 et
1017 1815 1143 1850 même
1164 1816 1186 1850 à
1205 1816 1402 1851 solliciter
1421 1816 1467 1850 de
1487 1817 1540 1851 M.
1553 1817 1589 1851 le
1609 1817 1702 1852 Pré¬

236 1863 295 1897 fet
314 1861 360 1895 de
382 1861 509 1906 police
532 1872 608 1895 une
630 1860 910 1905 surveillance,
932 1861 954 1895 à
972 1860 1094 1896 l’effet
1114 1860 1160 1895 de
1182 1858 1389 1896 connaître
1409 1861 1515 1896 enfin
1536 1862 1571 1896 le
1592 1862 1697 1896 véri¬

237 1907 345 1942 table
382 1905 501 1952 dépôt
537 1905 604 1941 des
642 1905 770 1950 pièces
807 1905 874 1951 qui
913 1905 1116 1941 m’étaient
1150 1905 1341 1941 vendues.
1377 1906 1587 1941 L’examen
1625 1918 1700 1952 que

239 1953 290 1987 M.
312 1951 526 1996 Volpicclli
546 1961 568 1985 a
588 1950 679 1985 bien
698 1950 821 1985 voulu
843 1950 942 1985 faire
962 1949 1063 1985 faire
1089 1961 1160 1996 par
1184 1961 1244 1986 ses
1273 1951 1385 1994 amis,
1417 1951 1512 1986 MM.
1544 1952 1700 1987 Corridi

239 1999 280 2032 et
298 1995 454 2037 asti,
476 2007 525 2031 en
545 1995 740 2031 l’absence
759 1995 805 2030 de
826 1995 864 2030 la
884 1995 1143 2031 Commission
1164 1995 1210 2030 de
1229 1995 1436 2040 Florence,
1465 1996 1511 2032 de
1543 1996 1583 2031 la
1612 1997 1700 2032 der¬

242 2042 352 2077 nière
372 2041 493 2077 lettre
514 2051 588 2086 que
604 2040 745 2086 j’avais
766 2040 940 2086 envoyée
961 2040 983 2075 à
1001 2041 1054 2075 M.
1075 2040 1266 2084 Carbone,
1286 2043 1347 2077 est
1365 2052 1468 2076 venu
1506 2041 1700 2078 accroître

244 2097 325 2122 mes
345 2076 623 2132 inquiétudes',
644 2087 684 2121 et
698 2084 769 2130 j’ai
789 2096 858 2120 cru
880 2085 1019 2120 devoir
1038 2085 1219 2121 adresser
1238 2086 1260 2120 à
1278 2086 1330 2121 M.
1353 2086 1389 2121 le
1410 2086 1548 2122 Préfet
1567 2087 1613 2121 de
1634 2097 1701 2132 po¬

245 2132 318 2167 lice
339 2142 415 2166 une
436 2130 683 2167 déclaration
702 2130 870 2165 tendant
889 2131 911 2164 à
930 2140 972 2164 ce
997 2141 1087 2176 que,
1115 2141 1205 2166 sans
1235 2131 1449 2166 continuer
1479 2131 1701 2177 davantage

244 2178 301 2212 les
320 2175 556 2212 recherches
570 2177 610 2211 et
622 2176 662 2210 la
674 2175 939 2210 surveillance
955 2175 1116 2219 établie,
1131 2187 1180 2210 on
1195 2175 1384 2222 procédât
1396 2176 1419 2210 à
1431 2175 1702 2212 l’arrestation

244 2222 297 2256 du
317 2221 510 2265 vendeur,
531 2231 572 2255 ce
593 2221 660 2266 qui
693 2231 715 2255 a
744 2231 793 2255 eu
820 2220 915 2255 lieu.
944 2220 1044 2256 Mais
1072 2231 1121 2255 on
1153 2220 1215 2256 n’a
1243 2220 1385 2257 trouvé
1416 2221 1507 2256 chez
1538 2222 1596 2257 lui
1627 2232 1702 2267 que

246 2266 438 2313 quelques
458 2266 615 2311 paniers
635 2265 783 2308 blancs,
804 2267 1025 2310 provenant
1044 2265 1090 2300 de
1119 2266 1323 2312 registres,
1355 2268 1421 2302 des
1450 2267 1616 2312 plumes,
1650 2277 1702 2301 un

246 2312 332 2347 seul
353 2312 479 2346 flacon
505 2311 659 2345 d’encre
690 2311 731 2345 et
760 2310 951 2356 quelques
978 2313 1162 2353 fac-similé
1191 2311 1236 2346 de
1268 2311 1540 2357 l’Isographie,
1572 2311 1702 2357 quand

242 2356 384 2402 j’avais
404 2356 539 2401 espéré
559 2356 674 2401 qu’on
693 2366 717 2401 y
738 2355 963 2390 trouverait
981 2356 1020 2390 la
1039 2366 1163 2392 masse
1191 2356 1258 2391 des
1283 2356 1516 2392 documents
1548 2356 1644 2391 dont
1674 2357 1703 2391 il

249 2412 296 2437 ne
317 2401 478 2437 m’avait
496 2401 597 2436 livré
617 2404 697 2446 que'
718 2400 785 2435 des
810 2401 941 2445 copies
971 2402 1012 2435 et
1039 2401 1135 2436 dont
1167 2412 1243 2436 une
1271 2401 1401 2447 partie
1431 2401 1703 2437 considérable

250 2446 402 2482 m’était
421 2456 564 2481 encore
585 2446 674 2481 due.
695 2445 727 2480 Il
747 2456 770 2479 a
789 2445 921 2481 refusé
941 2445 1100 2480 d’abord
1121 2446 1167 2480 de
1193 2445 1295 2482 faire
1320 2445 1526 2482 connaître
1556 2446 1602 2481 de
1635 2447 1703 2492 qui

251 2492 280 2526 il
300 2491 429 2526 tenait
449 2502 512 2526 ces
537 2491 783 2532 documents,
809 2492 849 2525 et
876 2491 906 2525 il
934 2501 956 2525 a
975 2490 1129 2526 déclaré
1149 2491 1288 2536 depuis
1307 2501 1383 2536 que
1404 2491 1538 2527 c’était
1556 2491 1615 2527 lui
1636 2491 1704 2537 qui

251 2537 307 2572 les
328 2536 561 2587 fabriquait.
581 2536 633 2571 M.
656 2535 691 2570 le
712 2535 987 2570 Commissaire
1007 2535 1257 2571 instructeur
1280 2536 1340 2571 lui
1372 2547 1394 2571 a
1423 2536 1613 2571 demandé
1645 2536 1706 2572 s’il

252 2581 340 2616 n’en
372 2582 480 2617 avait
510 2591 578 2626 pas
606 2591 654 2615 eu
680 2580 732 2614 du
753 2581 880 2614 comte
900 2580 947 2614 de
966 2581 1125 2623 Menou,
1147 2591 1195 2615 en
1218 2583 1318 2624 1861;
1341 2581 1371 2616 il
1391 2592 1409 2617 a
1431 2582 1606 2627 répondu
1629 2592 1705 2616 une

252 2626 520 2669 soixantaine,
541 2625 725 2671 ajoutant
743 2625 838 2670 qu’il
859 2636 907 2660 en
927 2626 1034 2660 avait
1054 2626 1159 2661 aussi
1179 2637 1227 2661 eu
1250 2636 1302 2661 un
1322 2626 1455 2661 résidu
1476 2626 1527 2661 du
1548 2626 1707 2661 cabinet
