1850 2972
943 192 987 230 -
1018 192 1066 230 18
1095 213 1138 220 -

428 290 514 328 qu’on
531 299 568 321 ne
589 292 615 321 le
628 290 698 321 croit
718 291 770 321 sur
788 291 815 321 I»
830 289 973 328 théologie
987 290 1173 328 scolastique.
1196 292 1209 328 «
1230 292 1332 328 Quand
1348 290 1469 330 j’estois,
1490 290 1578 327 dit-il,
1597 290 1633 321 de
1655 291 1691 321 14
1705 290 1722 320 à
1744 291 1779 322 15

428 337 493 365 ans,
508 332 535 360 et
554 331 635 360 avois
652 338 757 360 encore
790 330 916 360 Aristote
945 337 981 359 en
999 332 1084 362 teste,
1112 331 1141 367 je
1167 337 1204 359 ne
1222 329 1301 360 lisois
1321 338 1374 368 pas
1396 331 1554 360 seulement
1580 330 1622 360 les
1639 337 1726 361 cours
1743 330 1779 361 de

430 369 624 407 philosophie,
644 368 717 399 mais
735 370 764 407 je
792 368 927 406 poussois
951 368 1113 406 jusqu’aux
1138 367 1317 406 théologiens
1346 370 1383 400 de
1415 370 1525 400 l’école.
1555 369 1588 399 Je
1618 376 1779 407 parcourus

428 409 522 438 même
541 407 668 445 l’abrégé
686 408 721 437 de
735 410 761 437 la
774 408 891 438 Somme
909 408 945 437 de
963 408 994 437 8.
1014 408 1154 444 Thomas,
1168 407 1219 437 fait
1233 415 1285 445 par
1306 415 1343 437 un
1360 408 1470 439 certain
1484 408 1645 438 Ludovicus
1657 408 1692 440 de
1707 407 1779 438 Car¬

428 446 512 481 bone,
532 449 561 477 et
575 447 727 477 fetiillelois
744 446 770 476 la
788 447 905 477 Somme
924 447 1017 477 même
1029 449 1056 476 et
1067 447 1207 484 quelques
1224 450 1468 478 commentateurs
1481 449 1542 477 tant
1556 447 1592 477 de
1609 447 1635 476 la
1661 448 1777 477 Somme

430 493 485 522 que
506 486 544 515 du
564 485 682 517 Maistre
698 486 750 516 des
767 486 937 523 Sentences,
951 489 979 515 et
994 486 1096 523 depuis
1108 485 1138 524 je
1152 485 1219 523 n’ay
1236 485 1315 522 point
1334 487 1449 524 regretê
1462 487 1488 516 le
1500 488 1595 524 temps
1615 486 1749 524 employé
1759 486 1777 515 h

428 524 562 561 acquérir
579 525 703 562 quelque
721 518 929 555 coimoissance
948 525 999 554 des
1016 527 1124 554 termes
1139 527 1168 554 et
1184 525 1329 555 doctrines
1343 526 1379 554 de
1398 533 1447 555 ces
1463 524 1630 555 Messieurs.
1644 536 1656 551 »

310 564 397 598 4438
421 563 616 607 Lelewel
636 562 853 607 (Joachim),
875 562 1031 598 célèbre
1053 562 1249 597 historien
1269 564 1309 598 et
1329 563 1501 608 patriote
1516 562 1708 608 polonais,
1724 573 1777 597 un

421 606 489 641 des
510 607 748 652 principaux
768 609 1018 652 promoteurs
1038 606 1089 641 du
1111 606 1386 642 soulèvement
1405 607 1452 642 de
1475 609 1571 642 1830.
1599 625 1642 632 —
1678 606 1717 642 L.
1739 618 1774 641 a.

423 660 453 685 s.
474 662 523 686 au
545 651 648 687 doct.
671 651 829 696 Flügel,
842 651 981 686 consul
1001 651 1069 685 des
1083 650 1313 686 Etats-Unis
1324 651 1347 685 à
1359 651 1534 696 Leipzig;
1553 651 1776 693 Bruxelles,

423 697 444 729 5
463 694 546 730 déc.
570 698 668 738 1848,
693 698 704 729 1
727 705 763 740 p.
787 697 849 735 1/2
867 695 960 731 in-8.
1692 696 1713 729 4
1758 706 1777 726 »

469 740 490 769 Il
506 744 631 778 regrette
648 742 684 771 de
698 748 732 770 ne
753 740 873 776 pouvoir
889 741 927 770 lui
944 746 1071 776 envoyer
1084 739 1136 769 des
1152 740 1359 777 autographes.
1390 750 1402 765 -<
1424 740 1457 770 Je
1479 740 1541 769 suis
1560 739 1663 777 depuis
1692 739 1774 777 long¬

430 780 536 816 temps,
554 780 639 815 dit-il,
658 779 746 810 retiré
762 780 799 809 du
815 778 895 810 bruit
912 779 947 809 de
963 787 996 809 ce
1018 778 1124 808 monde
1135 787 1143 815 ;
1171 778 1200 817 je
1217 778 1272 808 n’ai
1294 779 1360 816 plus
1379 778 1413 808 de
1430 778 1687 808 communications
1705 779 1780 816 epis-

430 817 547 848 lolaires
567 825 637 849 avec
655 826 717 849 mes
734 818 890 849 anciennes
906 819 1133 848 connaissances
1159 821 1186 847 et
1205 824 1266 848 mes
1286 818 1376 847 vieux
1394 818 1478 854 amis,
1510 818 1556 855 qui
1579 819 1714 848 viennent
1732 825 1780 848 me

430 857 495 886 voir
513 858 673 888 seulement
691 858 788 895 quand
808 858 843 887 ils
862 861 981 893 passent
995 864 1048 895 par
1064 857 1266 887 Bruxelles...
1294 868 1306 883 »

313 895 400 930 4439
423 895 589 946 Lespès
608 895 724 946 (Léo),
746 895 806 930 dit
828 897 990 930 Timothée
1010 897 1113 937 Trim,
1134 894 1289 929 célèbre
1310 895 1548 938 romancier,
1570 894 1781 930 rédacteur

425 929 477 973 du
498 929 587 974 Petit
597 941 750 983 journal,
771 940 819 974 né
848 940 871 974 à
896 938 1103 974 Bouchain
1139 938 1284 983 (Nord).
1316 939 1360 974 —
1390 939 1434 974 L.
1455 950 1490 974 a.
1511 950 1541 975 s.
1563 939 1585 973 à
1602 939 1653 974 M.
1681 939 1778 974 Dor-

426 992 549 1027 moys,
574 986 670 1026 1844,
695 986 706 1018 1
731 994 766 1028 p.
788 983 887 1019 in-8.
1694 985 1715 1018 2
1761 996 1778 1015 »

312 1028 400 1061 4440
423 1028 658 1072 Leverrier
677 1027 925 1072 (N.-J.-Jos.),
946 1026 1102 1062 célèbre
1124 1028 1364 1070 astronome,
1384 1027 1590 1062 directeur
1609 1027 1655 1061 de
1676 1027 1779 1062 l’Ob¬

427 1072 661 1110 servatoire.
684 1091 726 1097 —
745 1072 788 1106 L.
809 1081 844 1108 a.
865 1083 894 1107 s.
914 1072 936 1106 à
955 1071 1051 1106 Ach.
1073 1071 1222 1114 Comte,
1246 1073 1344 1113 1847,
1368 1074 1380 1106 1
1404 1081 1439 1116 p.
1462 1072 1558 1106 in-8.
1693 1073 1714 1106 2
1761 1084 1778 1104 »

316 1116 398 1149 4441
427 1116 583 1161 Liebig
617 1116 794 1161 (Justus),
821 1117 858 1151 le
890 1116 1047 1151 célèbre
1075 1115 1260 1151 chimiste
1285 1115 1499 1151 allemand.
1534 1135 1577 1141 —
1613 1115 1656 1150 L.
1677 1126 1711 1150 a.
1733 1125 1778 1158 s.,

431 1161 526 1201 1847,
552 1162 612 1202 1/2
631 1171 667 1205 p.
689 1160 786 1195 in-4.
1692 1162 1714 1194 2
1762 1171 1777 1190 »

316 1204 404 1239 4442
426 1204 548 1248 Liszt
566 1204 648 1248 (F.),
670 1205 707 1240 le
738 1204 894 1239 célèbre
924 1204 1110 1250 pianiste.
1147 1223 1189 1229 —
1213 1204 1256 1238 L.
1279 1214 1312 1239 a.
1334 1214 1365 1239 s.
1387 1204 1409 1238 à
1427 1203 1614 1249 Ricordi;
1634 1204 1779 1246 Rome,

431 1249 469 1282 18
489 1247 567 1282 mai
590 1250 687 1291 1839,
707 1251 728 1284 3
748 1259 784 1301 p.
806 1249 899 1284 in-8.
1693 1250 1714 1282 6
1762 1260 1778 1279 »

474 1293 615 1323 Curieuse
632 1294 735 1331 épitre,
759 1296 912 1324 lestement
928 1293 1064 1329 tournée,
1084 1293 1157 1323 dans
1183 1293 1307 1330 laquelle
1335 1293 1354 1322 il
1373 1294 1453 1331 parle
1471 1293 1507 1324 de
1529 1301 1582 1324 son
1613 1293 1697 1324 buste
1729 1300 1782 1330 par

436 1332 585 1362 Bartolini.
605 1333 640 1361 de
662 1333 837 1370 Beethoven,
855 1333 891 1362 de
910 1333 1094 1363 Mercadante
1116 1334 1145 1362 et
1159 1332 1194 1361 de
1212 1331 1368 1363 Schubert.

316 1370 405 1404 4443
428 1370 560 1404 Louis
578 1372 671 1412 XV,
692 1371 752 1405 roi
773 1371 819 1405 de
840 1371 1006 1406 France.
1044 1390 1086 1395 —
1105 1369 1242 1405 Lettre
1263 1370 1309 1404 de
1329 1370 1482 1413 cachet,
1517 1372 1613 1412 1735,
1655 1372 1715 1410 1/2
1744 1380 1779 1415 p.

429 1412 516 1449 in-f.
537 1414 690 1457 Légère
711 1415 939 1450 déchirure.
1695 1417 1716 1449 2
1763 1427 1780 1445 »

317 1458 405 1492 4444
429 1458 562 1493 Louis
585 1460 698 1502 XVI,
736 1460 796 1494 roi
818 1460 885 1495 des
904 1458 1108 1494 Français.
1130 1478 1172 1483 —
1191 1458 1329 1494 Lettre
1351 1458 1398 1493 de
1416 1458 1567 1501 cachet,
1585 1460 1687 1501 1783,
1721 1459 1785 1501 1/2

429 1512 467 1545 p.
488 1502 580 1538 in-f.
1695 1504 1716 1538 2
1740 1504 1784 1538 50

321 1547 408 1581 4445
432 1548 490 1581 Le
518 1548 673 1582 même.
701 1568 742 1574 —
763 1548 873 1583 Belle
893 1547 1003 1593 pièce
1023 1546 1098 1592 sig.
1120 1557 1213 1582 avec
1233 1547 1270 1582 le
1293 1548 1377 1583 mot
1406 1549 1467 1582 bon
1496 1548 1632 1592 autog.
1647 1560 1655 1590 ;
1684 1546 1782 1581 Ver¬

432 1590 582 1634 sailles,
602 1594 623 1626 4
641 1594 741 1637 sept.
760 1595 856 1634 1774,
880 1594 936 1637 lp.
959 1591 1051 1627 in-f.
1696 1593 1717 1625 6
1764 1603 1781 1623 »

478 1637 572 1666 Ordre
588 1637 624 1666 de
644 1645 733 1675 payer
753 1637 881 1672 191,018
897 1638 946 1668 hv.
970 1644 1026 1667 aux
1054 1636 1172 1667 maîtres
1189 1636 1240 1667 des
1258 1640 1357 1674 postes
1392 1636 1439 1674 qui
1472 1638 1523 1667 ont
1552 1636 1603 1666 fait
1620 1636 1646 1666 le
1673 1635 1785 1666 service

441 1682 491 1704 sur
510 1675 551 1705 les
573 1679 671 1706 routes
689 1676 725 1708 de
744 1677 827 1708 Paris
848 1677 863 1707 à
885 1676 1063 1714 Compïègne
1079 1679 1107 1706 et
1121 1676 1137 1705 h
1155 1676 1380 1706 Fontainebleau
1399 1683 1473 1714 pour
1492 1676 1533 1706 les
1552 1683 1677 1714 voyages
1691 1675 1726 1705 de
1745 1675 1783 1705 Sa

441 1714 560 1751 Majesté
576 1723 611 1744 en
631 1716 719 1747 1773.

324 1752 412 1786 4446
434 1752 751 1789 Louise-Marie
769 1756 825 1789 de
843 1754 1026 1796 France,
1047 1753 1130 1788 tille
1152 1752 1197 1787 de
1217 1752 1340 1788 Louis
1359 1752 1444 1795 XV,
1459 1752 1676 1798 religieuse
1697 1762 1782 1787 car¬

436 1795 587 1840 mélite,
608 1798 705 1834 dont
724 1798 850 1834 l’abbé
882 1798 1055 1849 Proyart
1075 1808 1096 1832 a
1121 1796 1222 1832 écrit
1258 1797 1297 1832 la
1330 1797 1408 1832 vie.
1440 1817 1482 1823 —
1518 1797 1561 1832 L.
1594 1808 1628 1832 a.
1665 1808 1695 1833 s.
1733 1808 1782 1832 au

435 1843 563 1876 comte
583 1842 630 1876 de
650 1842 897 1889 Vergennes,
917 1846 960 1878 26
973 1842 1068 1888 .juil.
1093 1844 1188 1884 1780,
1208 1844 1229 1876 2
1248 1852 1283 1886 p.
1308 1843 1371 1885 1/2
1384 1841 1475 1876 in-4.
1699 1844 1719 1877 3
1767 1854 1783 1872 »

323 1885 407 1918 4447
434 1886 741 1929 Malesherbes
777 1887 1036 1932 (Lamoignon
1072 1886 1146 1929 de),
1184 1886 1368 1921 ministre
1414 1888 1455 1920 et
1491 1886 1703 1921 défenseur
1738 1885 1785 1920 de

436 1928 557 1965 Louis
575 1930 679 1966 XVI.
700 1951 742 1957 —
761 1932 805 1967 L.
826 1942 855 1967 s.
878 1932 900 1966 à
923 1933 977 1967 M.
1004 1931 1051 1966 de
1071 1930 1324 1975 Saint-Paul;
1352 1930 1481 1973 Paris,
1507 1933 1528 1965 8
1542 1930 1653 1976 janv.
1688 1932 1786 1972 1788,

440 1974 453 2007 1
476 1983 512 2028 p.
535 1976 598 2017 1/4
616 1975 710 2011 in-4.
1700 1978 1722 2010 5
1768 1987 1785 2006 »

480 2018 500 2047 11
521 2019 663 2051 demande
681 2020 865 2058 l’expédition
885 2020 923 2051 du
940 2020 1042 2051 brevet
1063 2021 1099 2051 de
1117 2019 1260 2055 capitaine
1277 2020 1313 2050 de
1344 2019 1473 2057 dragons
1493 2027 1567 2057 pour
1585 2020 1611 2050 le
1629 2021 1721 2050 comte
1752 2019 1788 2049 de

441 2056 689 2096 Châteaubriand,
710 2068 762 2090 son
783 2060 916 2098 petit-fils
942 2059 1030 2094 (frère
1054 2060 1090 2090 de
1123 2059 1255 2089 l’illustre
1287 2058 1441 2097 écrivain),
1472 2063 1498 2089 et
1520 2059 1694 2089 l’entretient
1719 2057 1788 2089 d’un

440 2096 579 2128 mémoire
599 2099 635 2128 du
656 2100 801 2129 chevalier
821 2100 856 2130 de
869 2098 1103 2130 Châteaubriand
1123 2099 1158 2129 de
1176 2099 1204 2128 la
1220 2097 1376 2129 Guérande
1391 2098 1402 2135 (
1420 2105 1490 2128 sans
1504 2098 1591 2128 doute
1622 2098 1649 2128 le
1673 2098 1789 2128 célèbre

440 2135 676 2168 Châteaubriand
696 2139 865 2173 lui-même).

325 2172 412 2207 1448
436 2174 662 2221 Mallefille
691 2176 908 2221 (Félicien),
940 2175 1096 2211 célèbre
1122 2177 1267 2211 auteur
1313 2176 1498 2218 dramat.,
1538 2176 1684 2210 auteur
1720 2174 1787 2210 des

436 2219 637 2263 Sceptiques.
657 2240 700 2246 —
718 2221 761 2256 L.
783 2232 817 2256 a.
838 2231 868 2256 s.
884 2221 906 2255 à
924 2220 1123 2263 Verteuil,
1146 2222 1209 2263 1/2
1228 2230 1264 2265 p.
1286 2220 1380 2255 in-4.
1681 2221 1702 2254 2
1747 2222 1790 2254 50

325 2271 413 2306 4449
438 2273 592 2318 Manin
610 2274 789 2320 (Daniel),
811 2276 846 2310 le
870 2276 1101 2321 promoteur
1120 2275 1166 2310 de
1187 2275 1329 2310 l’unité
1350 2274 1557 2310 italienne.
1589 2293 1631 2299 —
1667 2273 1792 2309 Billet

439 2316 485 2351 de
505 2320 526 2351 4
544 2318 675 2363 lignes
695 2322 777 2355 aut.
793 2320 882 2365 sig.,
899 2331 948 2355 en
964 2319 1138 2368 français
1200 2319 1294 2365 ;4juil.
1319 2320 1418 2364 1856,1/2
1513 2329 1549 2364 p.
1566 2318 1683 2353 in-18.
1704 2320 1725 2353 9
1772 2331 1788 2350 »

326 2373 413 2407 4450
437 2373 872 2417 Marie-Antoinette,
894 2375 1007 2410 reine
1028 2374 1096 2410 des
1116 2374 1319 2421 Français.
1342 2394 1384 2399 —
1403 2374 1446 2409 L.
1476 2384 1510 2409 a.
1542 2384 1586 2416 s.,
1613 2373 1792 2418 (1792?),

441 2419 452 2450 1
478 2427 514 2462 p.
537 2417 652 2453 in-18.
1236 2412 1241 2421 '
1666 2420 1728 2452 100
1774 2430 1791 2449 »

492 2468 553 2498 F.lle
572 2469 668 2499 donne
685 2470 701 2499 à
720 2470 793 2506 Diet,
813 2470 860 2507 qui
877 2470 993 2508 remplit
1008 2470 1109 2508 depuis
1124 2470 1200 2500 deux
1219 2477 1271 2500 ans
1298 2470 1326 2500 la
1345 2468 1517 2499 survivance
1538 2468 1572 2498 de
1588 2476 1696 2506 garçon
1714 2468 1751 2498 de
1768 2468 1794 2498 la

444 2507 604 2544 Chambre,
622 2508 648 2537 la
667 2509 747 2546 place
762 2509 798 2539 de
815 2509 960 2548 Campai),
978 2510 1049 2540 dont
1063 2510 1080 2540 il
1094 2518 1110 2539 a
1129 2509 1180 2539 fait
1197 2510 1222 2539 le
1237 2509 1360 2539 service.
1382 2508 1442 2538 File
1461 2508 1556 2546 ajoute
1573 2520 1579 2537 :
1599 2519 1612 2534 «
1628 2508 1664 2537 Et
1676 2508 1704 2546 je
1718 2515 1794 2538 veux

445 2546 515 2584 qu'il
540 2546 605 2578 n’en
624 2547 681 2577 soit
699 2548 763 2585 plus
786 2549 878 2586 parlé.
902 2561 914 2575 »
941 2550 1109 2586 (Campan,
1133 2548 1290 2579 secrétaire
1318 2548 1416 2578 intime
1439 2547 1474 2577 de
1495 2548 1522 2577 la
1547 2547 1635 2583 reine,
1660 2546 1734 2577 mari
1760 2547 1796 2577 de

446 2586 473 2616 M
476 2592 496 2605 m
501 2592 512 2604 *
528 2586 620 2624 Camp
626 2594 672 2622 m,
689 2586 755 2617 était
768 2588 881 2618 malade
895 2590 923 2618 et
942 2588 1059 2618 accablé
1076 2588 1112 2619 de
1129 2588 1232 2619 dettes.
1249 2587 1257 2624 )

332 2630 412 2665 4451
441 2631 786 2673 Marie-Amélie,
807 2631 918 2666 reine
940 2631 1008 2667 des
1027 2631 1229 2679 Français.
1250 2650 1291 2656 —
1310 2630 1352 2665 L.
1374 2641 1408 2665 a.
1429 2640 1475 2673 s.,
1504 2640 1551 2665 en
1581 2629 1742 2672 italien,
1774 2628 1796 2663 à
