1841 2972
856 118 1022 177 - 2 -
210 234 334 274 daient
351 234 512 286 qu'alors
530 235 671 274 Galilée
695 235 785 274 était
805 235 1048 275 entièrement
1069 235 1234 286 aveugle,
1255 241 1291 274 et
1314 246 1398 286 que,
1421 235 1661 285 conséquem¬

212 291 324 335 ment,
349 286 402 324 les
429 286 553 325 lettres
580 286 624 324 de
646 297 687 324 sa
712 286 920 331 collection,
950 285 1152 325 attribuées
1176 291 1196 324 à
1226 298 1266 325 ce
1291 285 1408 336 grand
1439 284 1597 333 homme,
1628 291 1664 323 et

210 342 357 387 portant
379 349 449 376 une
464 336 549 375 date
570 336 614 374 de
634 342 729 375 cette
755 338 907 387 époque,
931 349 974 375 ou
999 337 1233 386 postérieure,
1259 337 1399 376 étaient
1422 335 1659 387 apocryphes.

262 387 309 426 M.
343 387 492 426 Chasles
524 387 739 437 s’empressa
766 388 811 427 de
840 399 880 426 se
911 387 1090 437 prévaloir
1124 387 1169 426 de
1198 393 1293 426 cette
1315 387 1489 427 mention.
1524 387 1551 425 Il
1586 386 1664 437 pria

213 438 259 476 M.
277 438 382 481 Govi,
398 437 684 488 correspondant
700 438 746 477 de
765 437 944 476 l’Institut
960 437 1005 476 de
1021 437 1169 484 France,
1186 450 1231 477 en
1250 438 1367 480 Italie,
1391 438 1436 477 de
1450 436 1665 476 rechercher

210 490 232 527 à
253 488 288 527 la
309 488 563 539 Bibliothèque
581 489 625 527 de
643 488 816 528 Florence
836 488 870 527 la
890 488 996 527 lettre
1019 499 1065 527 en
1090 489 1271 539 question.
1303 488 1460 527 Celui-ci
1494 487 1664 538 répondit

212 550 276 589 par
309 550 380 579 une
420 545 504 578 note
536 540 677 578 insérée
706 539 799 578 dans
834 539 885 577 les
917 539 1243 588 Comptes-rendus
1273 539 1316 576 de
1344 539 1570 577 l'Académie
1602 538 1664 575 des

212 589 378 627 Sciences
384 622 392 639 ,
414 599 456 628 n°
474 590 536 637 13,
560 590 648 641 qu’il
674 590 812 629 n’avait
837 589 940 640 point
965 591 1091 628 trouvé
1113 595 1211 629 cette
1237 590 1346 629 lettre
1368 589 1459 629 dans
1478 590 1509 629 le
1526 589 1662 628 recueil

212 640 374 690 indiqué.
405 640 432 679 Il
459 652 505 679 ne
533 641 682 689 pouvait
705 646 871 690 accepter
893 651 965 678 une
986 640 1187 679 semblable
1205 640 1394 680 situation.
1421 641 1466 679 M.
1492 640 1660 684 Barbéra,

211 690 400 730 l’éminent
416 690 792 743 imprimeur-éditeur
810 691 854 730 de
870 691 1056 739 Florence,
1078 691 1204 729 voulut
1218 690 1300 730 bien
1320 703 1359 731 se
1377 689 1544 741 charger,
1565 693 1586 730 à
1606 701 1664 729 ma

209 741 399 785 demande,
422 741 467 781 de
492 742 582 782 faire
604 741 694 781 faire
713 742 766 781 les
790 741 1002 781 démarches
1030 742 1255 781 nécessaires
1284 753 1376 791 pour
1407 748 1596 780 retrouver
1632 741 1664 778 la

211 791 317 831 lettre
336 792 576 832 introuvable.
602 793 649 831 Le
670 792 718 831 14
733 793 838 837 avril,
866 792 913 831 M.
935 792 1071 831 Guinio
1091 792 1268 836 Carbone,
1292 798 1551 832 conservateur
1565 791 1611 831 de
1631 792 1663 829 la

210 842 463 894 Bibliothèque
484 843 683 885 nationale,
716 842 944 883 m’adressait
982 855 1029 881 un
1064 843 1238 882 certilicat
1271 843 1523 894 authentique,
1558 843 1664 892 signé

207 892 253 931 de
292 894 339 931 lui
383 899 420 933 et
454 894 498 933 de
536 894 629 933 deux
662 895 706 933 de
741 906 799 932 ses
835 893 1031 934 confrères,
1068 904 1207 932 comme
1233 894 1402 938 témoins,
1446 892 1663 933 établissant

211 942 419 983 l’existence
438 944 484 983 de
503 945 536 983 la
557 945 661 984 lettre
678 945 725 983 du
744 945 766 983 8
784 943 979 984 novembre
995 944 1104 988 1639,
1128 945 1219 983 mais
1238 946 1285 983 où
1306 945 1330 982 il
1350 944 1440 984 était
1457 944 1512 983 dit
1530 943 1664 995 qu’elle

208 994 337 1033 n’était
355 995 459 1045 point
478 995 590 1034 écrite
610 995 655 1034 de
675 996 709 1034 la
733 995 830 1034 main
847 993 893 1033 de
911 995 1064 1037 Galilée,
1090 995 1181 1035 mais
1200 994 1246 1033 de
1264 995 1356 1033 celle
1377 995 1421 1034 de
1439 1006 1506 1033 son
1525 1005 1658 1039 neveu,

212 1045 364 1084 Vincent
397 1045 549 1095 Galilée,
587 1047 653 1095 qui
688 1047 831 1084 imitait
854 1058 922 1084 son
939 1045 1102 1084 écriture
1121 1046 1163 1084 de
1184 1045 1350 1084 manière
1369 1046 1392 1083 à
1412 1045 1589 1084 dérouter
1611 1046 1661 1083 les

208 1096 466 1146 calligraphes
486 1098 536 1134 les
553 1098 642 1146 plus
661 1103 822 1146 experts.

257 1162 391 1202 J’avais
410 1176 454 1214 pu
478 1175 536 1203 me
555 1170 725 1214 tromper,
748 1175 792 1202 en
816 1161 913 1204 effet,
946 1163 1038 1202 dans
1064 1163 1240 1202 l'examen
1270 1162 1396 1214 rapide
1426 1162 1536 1201 d’une
1563 1161 1665 1213 pièce

208 1213 270 1263 qui
305 1214 368 1252 eût
400 1225 445 1264 pu
482 1213 726 1253 embarrasser
765 1214 817 1252 les
848 1213 930 1264 plus
966 1214 1035 1252 lins
1068 1213 1324 1265 calligraphes.
1353 1213 1402 1252 La
1435 1214 1536 1264 pièce
1571 1213 1664 1251 était

208 1265 417 1313 retrouvée,
460 1265 585 1303 c’était
621 1263 816 1304 l’essentiel
854 1276 942 1314 pour
979 1265 1047 1303 moi
1070 1277 1078 1312 ;
1131 1264 1308 1322 j’envoyai
1355 1264 1388 1302 le
1419 1263 1597 1303 certilicat
1642 1266 1663 1302 à

210 1314 257 1353 M.
281 1314 443 1359 Chasles,
468 1315 517 1354 lui
541 1315 693 1354 laissant
715 1315 748 1353 le
766 1315 844 1354 soin
864 1314 927 1354 des
952 1315 1198 1354 vérifications
1227 1314 1457 1355 ultérieures.
1484 1314 1576 1353 Mais
1612 1313 1664 1353 les

208 1364 335 1405 choses
357 1366 495 1417 prirent
513 1378 562 1404 un
583 1372 687 1405 autre
704 1373 798 1405 tour.

263 1432 514 1471 L’attestation
539 1432 584 1472 de
609 1433 656 1472 M.
692 1432 855 1472 Carbone
879 1438 1066 1471 contenait
1096 1444 1144 1470 un
1174 1433 1307 1471 extrait
1335 1433 1380 1471 de
1413 1433 1446 1470 la
1477 1432 1583 1470 lettre
1615 1432 1663 1470 du

210 1483 233 1521 5
260 1483 456 1522 novembre
494 1483 611 1531 1639;
642 1483 664 1521 il
694 1483 746 1522 fut
778 1495 937 1522 reconnu
971 1483 1114 1522 ensuite
1145 1482 1276 1533 qu’elle
1312 1483 1435 1521 faisait
1467 1482 1584 1533 partie
1615 1482 1663 1520 du

211 1533 341 1572 recueil
385 1533 507 1583 publié
547 1546 612 1584 par
648 1534 697 1572 M
734 1532 869 1573 beri.
903 1534 1000 1583 Vite,
1035 1533 1068 1572 le
1088 1533 1261 1573 faussaire
1290 1545 1334 1572 en
1374 1533 1539 1583 fabrique
1572 1533 1664 1572 trois

210 1584 463 1635 exemplaires,
487 1584 575 1636 qu’il
597 1584 686 1624 livre
704 1587 726 1623 à
746 1585 792 1623 M.
815 1584 982 1634 Chasles,
1003 1585 1078 1623 l’un
1105 1596 1245 1623 comme
1264 1584 1460 1634 l’original,
1495 1584 1545 1622 les
1573 1583 1668 1622 deux

210 1640 333 1673 autres
365 1647 505 1675 comme
536 1636 601 1674 des
627 1635 760 1684 copies.
802 1635 846 1674 Et
871 1635 967 1674 voilà
988 1640 1093 1674 notre
1123 1640 1265 1680 savant,
1298 1635 1387 1674 dont
1413 1635 1447 1673 la
1472 1633 1669 1673 bonhomie

210 1685 326 1724 éclate
347 1685 390 1724 ici
417 1686 508 1725 dans
528 1691 607 1725 tout
626 1697 692 1725 son
718 1686 811 1737 jour,
846 1686 1073 1736 proclamant
1101 1688 1121 1724 à
1154 1685 1374 1725 l’Académie
1406 1686 1470 1724 des
1499 1685 1668 1724 Sciences

210 1736 297 1786 qu’il
328 1737 476 1786 possède
505 1737 686 1786 l’original
714 1743 749 1775 et
779 1736 887 1786 qu’ils
914 1736 1016 1775 n’ont
1045 1735 1181 1786 qu’une
1220 1738 1324 1786 copie
1358 1738 1380 1774 à
1416 1736 1599 1775 Florence.
1638 1735 1666 1774 Il

211 1786 276 1825 fait
294 1787 383 1827 faire
403 1793 440 1825 et
458 1787 587 1826 envoie
605 1790 626 1825 à
645 1787 819 1826 Florence
835 1798 907 1826 une
923 1786 1187 1837 photographie
1201 1786 1311 1826 d’une
1330 1786 1394 1825 des
1420 1787 1511 1825 trois
1532 1787 1665 1836 pièces.

211 1837 266 1876 On
300 1838 438 1888 répond
466 1850 537 1888 que
564 1838 642 1877 cela
669 1838 729 1875 n’a
767 1849 886 1876 aucun
916 1843 1065 1888 rapport
1100 1848 1188 1876 avec
1222 1837 1403 1876 l'écriture
1436 1836 1480 1875 de
1510 1837 1664 1875 Galilée.

212 1888 384 1933 Troublé,
404 1889 428 1927 il
443 1888 588 1927 déclare
605 1887 692 1939 qu’il
710 1888 798 1927 s’est
810 1889 965 1938 trompé,
983 1888 1071 1939 qu’il
1086 1898 1108 1926 a
1120 1888 1197 1939 pris
1216 1900 1287 1927 une
1305 1888 1409 1938 copie
1426 1899 1516 1938 pour
1535 1888 1670 1937 l’origi¬

212 1940 284 1980 nal,
311 1946 347 1977 et
367 1940 582 1989 s’empresse
601 1939 798 1990 d’envoyer
817 1950 887 1977 une
908 1938 1174 1989 photographie
1188 1938 1233 1977 de
1248 1938 1413 1978 celui-ci.

266 1989 343 2029 Une
365 1989 603 2029 commission
628 1989 680 2028 fut
700 1990 796 2028 alors
821 1991 986 2028 nommée
1013 1992 1034 2027 à
1064 1989 1250 2039 Florence,
1286 1989 1376 2028 mais
1410 1989 1461 2028 les
1491 2000 1669 2028 vacances

213 2040 447 2091 ajournèrent
475 2053 522 2079 un
547 2052 614 2090 peu
642 2040 833 2081 l’examen.
863 2040 1029 2078 Pendant
1060 2051 1100 2078 ce
1126 2045 1258 2091 temps,
1288 2040 1339 2078 M.
1362 2038 1552 2079 verrier
1578 2039 1618 2079 lit
1648 2042 1669 2078 à

215 2091 434 2131 l’Académie
452 2090 515 2130 des
533 2090 702 2130 Sciences
721 2102 792 2129 une
809 2090 942 2141 charge
969 2093 991 2129 à
1008 2090 1091 2129 fond
1115 2089 1161 2130 de
1186 2091 1283 2129 train
1307 2096 1433 2130 contre
1452 2091 1486 2129 la
1509 2091 1670 2129 fameuse

213 2141 421 2190 collection,
452 2147 652 2193 reprenant
675 2141 898 2180 habilement
924 2141 975 2180 les
995 2148 1208 2192 arguments
1234 2142 1280 2180 de
1306 2142 1353 2180 M.
1391 2141 1550 2191 Faugère
1582 2148 1617 2179 et
1644 2153 1669 2192 y

214 2192 380 2243 ajoutant
396 2192 459 2231 des
477 2193 786 2232 démonstrations
804 2192 1052 2243 scientifiques
1074 2191 1321 2231 irrésistibles.
1339 2192 1385 2231 M.
1409 2191 1558 2231 Chasles
1574 2203 1671 2230 com¬

216 2243 374 2293 mençait
392 2245 413 2281 à
431 2243 510 2282 être
532 2243 685 2293 inquiet,
701 2249 737 2282 et
750 2254 791 2282 sa
810 2243 855 2281 foi
873 2242 1098 2282 s’ébranlait.
1122 2242 1146 2280 Il
1168 2248 1298 2292 conçut
1312 2242 1375 2281 des
1388 2243 1517 2282 doutes
1540 2254 1604 2281 sur
1620 2242 1670 2281 les

214 2283 340 2333 contés
374 2305 445 2344 que
476 2293 523 2332 lui
556 2294 678 2333 faisait
708 2306 774 2333 son
802 2293 963 2333 vendeur
990 2305 1054 2332 sur
1080 2294 1113 2331 la
1138 2305 1368 2355 provenance
1388 2292 1432 2332 de
1462 2298 1581 2332 toutes
1612 2305 1671 2332 ces

216 2343 347 2393 pièces,
370 2344 509 2391 yuinze
529 2344 629 2396 jours
649 2350 758 2383 avant
776 2356 817 2383 sa
836 2343 1059 2383 déclaration
1083 2346 1104 2383 à
1124 2344 1357 2387 rAcadémie,
1383 2343 1405 2381 il
1428 2345 1513 2393 prit,
1537 2345 1671 2394 auprès

214 2395 249 2433 d
255 2406 325 2433 une
344 2406 526 2446 personne
544 2397 619 2434 très
641 2406 685 2434 au
708 2400 862 2434 courant
875 2394 938 2434 des
954 2394 1153 2434 anciennes
1164 2394 1378 2433 collections
1392 2394 1437 2433 de
1452 2393 1671 2433 manuscrits

215 2451 251 2484 et
268 2445 565 2497 d’autographes,
589 2445 652 2485 des
674 2446 989 2495 renseignements
1002 2457 1064 2485 sur
1080 2445 1132 2484 les
1151 2451 1336 2484 amateurs
1347 2444 1408 2495 qui
1423 2445 1591 2484 auraient
1610 2457 1668 2495 pu,

215 2508 259 2534 au
277 2496 390 2535 siècle
405 2496 563 2537 dernier,
586 2496 754 2547 posséder
772 2496 837 2534 des
855 2496 1068 2535 documents
1091 2496 1183 2535 dans
1201 2496 1233 2534 le
1252 2507 1364 2545 genre
1386 2495 1450 2534 des
1474 2496 1586 2534 siens.
1614 2496 1670 2534 On

215 2558 260 2585 ne
292 2553 368 2596 put,
401 2547 696 2590 naturellement,
722 2547 770 2584 lui
793 2548 932 2585 donner
949 2558 1089 2585 aucune
1108 2546 1262 2585 lumière
1284 2549 1305 2585 à
1323 2557 1365 2584 ce
1382 2546 1487 2606 sujet.
1514 2546 1612 2585 Dans
1639 2546 1671 2584 la

213 2597 469 2637 conversation
491 2598 514 2637 il
534 2598 609 2637 cita
629 2597 662 2636 le
682 2608 765 2635 nom
788 2597 833 2635 de
857 2597 981 2645 Lucas,
1002 2596 1255 2646 parfaitement
1275 2607 1394 2635 connu
1414 2596 1458 2635 de
1473 2608 1537 2635 son
1555 2597 1670 2636 inter-
