1841 2972
878 177 920 215 -
950 177 997 215 10
1026 199 1070 206 -

244 278 332 314 4349
357 277 629 320 Gastiglione
649 278 657 318 (
673 275 882 310 Balthazar
895 277 922 319 ),
950 287 1002 310 un
1028 276 1096 310 des
1123 276 1211 320 plus
1238 276 1385 320 grands
1404 276 1579 310 hommes
1610 274 1706 308 dont

355 321 536 356 s’honore
557 319 714 361 l’Italie,
736 320 934 364 guerrier,
956 320 1229 365 négociateur,
1250 321 1364 365 poète
1384 323 1425 355 et
1444 319 1599 361 artiste,
1629 318 1706 352 ami

355 366 402 400 de
422 365 528 400 Léon
548 365 597 406 X,
618 364 664 399 de
685 364 990 403 Charles-Quint
1008 368 1049 400 et
1068 364 1114 399 de
1134 364 1323 413 François
1334 365 1350 400 I
1353 371 1380 386 er
1383 393 1391 404 ,
1404 364 1649 409 inspirateur
1660 362 1706 396 de

355 409 534 455 Raphaël
554 411 594 444 et
613 408 659 443 de
679 408 792 444 Jules
812 409 995 452 Romain,
1016 412 1163 444 auteur
1182 402 1233 444 du
1258 411 1444 451 Courtisan,
1472 407 1608 451 appelé
1637 417 1708 452 par

355 455 413 489 les
432 454 596 489 Italiens
615 455 644 487 le
662 455 757 488 Livre
775 455 858 489 d’or.
878 473 920 479 —
939 454 981 488 L.
1011 465 1044 489 a.
1072 465 1102 489 s.
1133 465 1182 489 au
1212 453 1389 499 marquis
1417 453 1463 488 de
1494 454 1684 488 Mantoue
1697 463 1706 494 ;

354 499 493 541 Rome,
525 500 565 533 12
583 497 694 543 janv.
725 500 820 541 1521,
854 501 863 532 1
900 509 935 543 p.
969 498 1024 544 pi.
1056 499 1163 541 in-f.,
1193 498 1343 533 cachet.
1377 497 1553 543 Superbe
1582 496 1706 541 pièce.

352 546 451 578 Rare.
1596 543 1640 575 70
1687 553 1703 571 »

398 587 530 619 Relative
547 595 604 617 aux
624 587 738 618 affaires
753 588 791 618 du
810 586 940 625 marquis
958 587 993 618 de
1011 589 1146 618 Manloue
1159 590 1173 618 à
1190 588 1215 618 la
1234 596 1304 618 cour
1319 587 1355 618 de
1370 587 1478 624 Rome;
1501 586 1516 616 a
1537 585 1671 616 l’arrivée
1689 585 1706 615 k

358 628 451 657 Rome
464 627 499 657 de
519 627 658 663 Lucrèce,
675 627 823 663 marquise
840 627 875 657 de
889 627 999 664 Massa,
1019 628 1067 665 qui
1082 635 1116 657 va
1136 626 1287 666 présenter
1308 635 1344 657 au
1363 634 1438 664 pape
1456 635 1487 657 sa
1514 625 1580 662 fille,
1602 626 1706 655 femme

359 667 394 696 de
415 668 541 697 Laurent
557 665 639 697 Cibo.
653 668 706 696 etc.

241 706 329 742 4350
354 706 592 740 Catherine
615 705 670 738 de
689 705 897 745 Médicis,
924 704 1035 738 reine
1062 705 1109 739 de
1139 705 1303 739 France.
1323 724 1365 729 —
1385 704 1427 738 L.
1457 714 1511 745 s.,
1545 713 1638 737 avec
1667 703 1705 737 la

352 760 479 785 sousc.
500 751 598 791 aut.,
619 749 641 782 à
666 758 735 783 son
761 748 899 783 cousin
928 748 980 783 M.
1011 749 1058 783 de
1087 749 1264 791 Béziers;
1296 747 1706 784 Saint-Germain-en-

330 787 470 839 ‘Laye,
495 795 534 827 14
553 803 642 827 nov.
664 793 771 837 (vers
794 793 911 837 1561),
936 794 996 836 1/2
1016 804 1052 838 p.
1073 793 1152 828 in-f
1151 799 1164 816 0
1170 819 1193 836 .,
1214 796 1323 828 trace
1337 793 1384 827 de
1399 792 1548 827 cachet.
1601 793 1639 825 15
1686 804 1703 823 »

399 839 527 871 Relative
542 839 558 868 k
576 845 614 868 un
633 846 742 876 voyage
764 839 779 867 k
798 838 823 867 la
840 838 920 868 Cour
940 840 1045 876 auquel
1068 839 1196 875 févêque
1215 839 1250 868 de
1271 838 1385 869 Béziers
1405 841 1448 868 est
1467 837 1592 868 autorisé
1612 844 1664 874 par
1680 837 1705 866 le

359 881 411 910 roi.
435 879 580 917 (Laurent
591 877 626 908 de
645 877 773 913 Médicis,
790 877 899 914 évêque
918 878 953 907 de
971 877 1086 909 Béziers
1098 885 1125 909 et
1140 878 1247 912 d’Albi,
1267 878 1448 915 archevêque
1463 877 1566 910 d'Aix,
1586 879 1613 905 et
1631 875 1705 905 abbé

358 920 394 949 de
412 915 836 948 Sainl-Victor-lès-Marseille.
848 918 855 954 )

237 968 321 1001 4351
350 962 590 998 Catherine
625 961 895 1001 d’Autriche,
929 959 1011 994 fille
1050 960 1096 994 de
1127 960 1313 1006 Philippe
1346 961 1393 1003 II,
1427 959 1617 994 duchesse
1655 958 1702 993 de

351 1006 506 1048 Savoie,
528 1005 671 1039 femme
692 1004 739 1039 de
761 1004 1195 1046 Charles-Emmanuel,
1208 1005 1268 1040 dit
1288 1005 1323 1039 le
1339 1004 1485 1040 Grand.
1498 1024 1540 1029 —
1551 1003 1594 1038 L.
1608 1014 1641 1038 a.
1658 1014 1703 1046 s.,

354 1062 402 1086 en
422 1048 626 1100 espagnol,
645 1059 694 1083 au
716 1049 774 1083 roi
797 1048 844 1082 de
864 1048 1015 1083 France
1035 1048 1160 1083 Henri
1182 1049 1234 1084 III
1252 1062 1260 1093 ;
1281 1049 1421 1092 Turin,
1443 1052 1486 1084 30
1504 1049 1580 1083 oct.
1606 1050 1702 1090 1586,

353 1099 365 1131 1
390 1106 426 1141 p.
446 1094 550 1135 in-f.,
577 1093 729 1128 cachet.
753 1094 928 1128 Très-belle
942 1095 1046 1137 piècœ.
1599 1094 1639 1127 12
1687 1105 1702 1124 »

238 1148 326 1184 4352
350 1145 589 1181 Catherine
616 1142 669 1184 II,
692 1142 947 1187 impératrice
969 1142 1016 1176 de
1037 1142 1195 1185 Russie,
1219 1143 1300 1177 dite
1322 1145 1355 1177 la
1373 1144 1518 1179 Grande.
1542 1162 1579 1167 —
1593 1141 1636 1176 L.
1657 1153 1703 1184 s.,

350 1201 398 1224 en
414 1187 602 1235 français,
616 1188 638 1221 à
652 1187 870 1222 l’archiduc
882 1186 1133 1221 Maximilien
1154 1187 1384 1223 d’Autriche
1398 1201 1406 1232 ;
1420 1187 1534 1222 Saint
1547 1187 1705 1221 Péters-

352 1225 495 1278 bourg,
526 1234 546 1267 2
566 1231 649 1266 déc.
673 1233 769 1274 1781,
796 1235 816 1267 2
835 1242 871 1277 p.
904 1232 1000 1266 in-4.
1032 1231 1255 1267 Très-belle
1277 1232 1399 1277 pièce.
1425 1234 1524 1267 Rare.
1595 1233 1638 1265 30
1685 1244 1701 1262 »

395 1279 479 1309 Pièce
501 1277 663 1314 historique
675 1277 796 1308 relative
814 1277 830 1306 k
851 1279 875 1306 la
896 1277 964 1315 paix
980 1278 1015 1307 de
1034 1277 1179 1313 Tcschen,
1192 1285 1245 1316 par
1263 1278 1386 1315 laquelle
1404 1277 1559 1307 Catherine
1572 1284 1603 1306 se
1623 1276 1702 1307 flatte

355 1318 469 1349 d’avoir
489 1316 601 1354 garanti
619 1318 645 1346 la
668 1316 744 1353 paix,
767 1316 828 1347 lflle
845 1315 1013 1347 s’intéresse
1031 1317 1176 1347 vivement
1194 1325 1230 1347 au
1250 1317 1385 1347 maintien
1409 1316 1444 1346 de
1466 1318 1492 1346 la
1511 1315 1703 1360 Constitution

356 1360 393 1388 du
415 1358 511 1393 Corps
529 1356 729 1393 germanique,
750 1359 790 1390 et,
811 1363 884 1393 pour
899 1364 932 1385 en
952 1356 1063 1385 donner
1081 1364 1135 1385 une
1151 1363 1261 1393 preuve
1278 1358 1480 1394 permanente,
1499 1355 1552 1385 elle
1571 1363 1585 1384 a
1603 1355 1671 1393 pigé
1687 1356 1702 1384 à

353 1404 460 1436 propos
479 1394 667 1425 d’entretenir
685 1395 793 1432 auprès
817 1395 853 1424 de
874 1402 906 1424 ce
925 1394 1020 1432 Corps
1043 1402 1080 1424 un
1099 1395 1211 1431 envoyé
1229 1394 1461 1426 extraordinaire
1473 1394 1615 1425 accrédité
1634 1394 1702 1433 près

356 1438 396 1466 les
414 1434 531 1465 Cercles
551 1434 587 1464 de
605 1433 779 1468 Franconie,
808 1433 933 1470 Souabe,
954 1434 1020 1464 haut
1045 1437 1073 1464 et
1097 1433 1150 1464 bas
1168 1434 1257 1465 Rhin.
1272 1435 1334 1465 Elle
1348 1442 1363 1464 a
1380 1433 1470 1465 choisi
1487 1441 1560 1472 pour
1576 1437 1620 1464 cet
1638 1433 1704 1464 effet

354 1477 380 1506 le
394 1475 489 1505 comte
508 1473 570 1504 Nie.
585 1473 621 1502 de
640 1473 851 1506 Roumainzoft,
868 1481 921 1503 son
935 1473 1128 1503 chambellan.

236 1521 324 1556 4353
348 1517 664 1559 Gaulaincourt
683 1515 918 1559 (A.-J.-Gab.
940 1516 1013 1556 de),
1035 1516 1154 1551 brave
1176 1517 1337 1568 général
1355 1517 1401 1552 de
1417 1516 1613 1552 cavalerie
1635 1516 1701 1551 des

349 1572 515 1615 guerres
536 1560 582 1595 de
602 1560 642 1595 la
660 1560 913 1606 République
934 1563 974 1595 et
993 1560 1040 1595 de
1060 1561 1261 1606 l’Empire,
1282 1562 1351 1597 tué
1372 1562 1394 1596 à
1412 1561 1451 1596 la
1470 1561 1634 1596 bataille
1655 1561 1701 1595 de

349 1605 390 1643 laMoscowa.—L.a.
757 1616 787 1640 s.
809 1605 832 1639 à
850 1616 903 1639 un
916 1605 1116 1641 maréchal
1132 1618 1140 1650 ;
1157 1605 1321 1641 Torrico
1335 1606 1554 1651 (Espagne),
1574 1607 1612 1640 13
1624 1607 1700 1640 oct.

350 1654 448 1694 1809,
472 1653 484 1685 1
507 1661 544 1695 p.
565 1649 662 1684 in-4.
678 1649 788 1684 Belle
809 1649 932 1694 pièce.
952 1652 1049 1685 Rare.
1611 1653 1630 1684 7
1681 1662 1698 1682 »

393 1698 412 1726 Il
432 1697 470 1726 lui
486 1696 619 1734 exprime
636 1703 668 1724 sa
685 1695 829 1732 gratitude
842 1695 877 1725 de
895 1695 934 1725 lui
951 1695 1032 1725 avoir
1051 1695 1144 1726 confié
1162 1695 1188 1725 le
1209 1696 1460 1726 commandement
1486 1694 1648 1733 provisoire
1666 1696 1702 1725 de

355 1737 380 1765 la
398 1736 430 1766 5'
448 1735 572 1766 division
593 1735 629 1764 de
643 1734 782 1772 dragons,
800 1737 826 1764 et
840 1734 962 1765 termine
980 1735 1053 1765 ainsi
1070 1743 1076 1760 :
1099 1746 1111 1760 «
1131 1736 1170 1764 La
1193 1736 1298 1765 Russie
1316 1738 1360 1765 est
1379 1735 1560 1766 décidément
1578 1742 1615 1764 un
1637 1734 1702 1764 allié

353 1775 449 1810 fidèle,
470 1776 498 1804 et
518 1773 679 1804 l’Autriche
699 1781 764 1803 sera
780 1773 880 1809 forcée,
890 1781 944 1811 par
964 1773 1017 1804 elle
1036 1774 1071 1803 de
1085 1773 1183 1810 signer
1205 1774 1231 1804 la
1253 1774 1332 1812 paix.
1354 1787 1365 1802 »

238 1820 323 1855 1354
348 1818 503 1861 Gesari
522 1815 660 1861 (l’abbé
693 1817 810 1860 Ant.),
839 1818 979 1851 savant
998 1818 1038 1852 et
1056 1816 1217 1862 élégant
1231 1817 1407 1852 écrivain
1422 1817 1574 1859 italien,
1595 1827 1700 1851 com¬

348 1863 577 1897 mentateur
602 1860 654 1895 du
674 1860 814 1903 Dante,
837 1862 984 1896 auteur
1002 1860 1070 1897 des
1091 1863 1231 1897 Novelle.
1258 1881 1300 1888 —
1324 1862 1367 1897 L.
1389 1873 1424 1897 a.
1444 1872 1475 1897 s.
1489 1874 1498 1906 ;
1529 1859 1699 1904 Vérone,

351 1908 448 1949 1801,
472 1908 485 1940 1
509 1915 545 1950 p.
567 1905 659 1940 in-4.
1611 1908 1633 1940 3
1679 1917 1696 1937 »

395 1950 524 1982 Relative
543 1951 559 1980 k
578 1950 626 1980 ses
649 1949 713 1979 Vite
731 1949 778 1979 de’
795 1949 888 1979 Santi
907 1949 1008 1980 Padri
1010 1973 1018 1985 ,
1035 1958 1069 1980 en
1083 1951 1102 1980 4
1120 1951 1261 1983 volumes.

232 1997 321 2031 4355
345 1994 642 2038 Ghampagny
662 1993 803 2037 (J.-B.),
826 1994 901 2028 duc
917 1994 963 2028 de
979 1994 1141 2036 Cadore,
1163 1995 1425 2036 constituant,
1447 1995 1631 2029 ministre
1652 1994 1698 2028 de

346 2039 552 2084 Napoléon
573 2039 588 2073 I
591 2044 619 2059 er
623 2065 631 2081 ,
652 2037 701 2072 né
723 2038 745 2072 à
757 2038 936 2073 Roanne.
957 2058 999 2063 —
1018 2039 1061 2073 L.
1083 2049 1117 2073 a.
1138 2049 1169 2073 s.
1185 2040 1245 2083 (au
1268 2039 1432 2085 général
1453 2039 1566 2084 Vial),
1603 2041 1698 2080 1808,

351 2086 413 2127 1/2
432 2094 468 2129 p.
490 2083 582 2118 in-4.
1612 2085 1633 2118 2
1680 2095 1696 2114 »

233 2134 321 2169 4356
346 2133 591 2177 Chapelain
627 2131 763 2176 (Jean),
802 2132 958 2167 célèbre
990 2132 1118 2176 poète,
1151 2134 1297 2168 auteur
1336 2133 1382 2168 de
1413 2135 1447 2167 la
1478 2134 1604 2168 Pucelle
1608 2159 1617 2173 ,
1652 2133 1698 2167 de

344 2177 491 2212 l’Acad.
513 2177 639 2211 franc.
655 2196 697 2202 —
716 2176 759 2211 L.
781 2187 816 2212 a.
838 2187 867 2212 s.
884 2176 1145 2222 (àColbert?);
1165 2179 1202 2211 17
1223 2177 1301 2212 mai
1325 2180 1421 2218 1665,
1437 2179 1507 2223 4p.
1529 2177 1582 2222 pl.
1604 2177 1696 2212 in-8.

344 2224 429 2257 Jolie
446 2214 546 2266 pièce.
1590 2223 1633 2257 35
1680 2234 1696 2253 »

390 2268 411 2297 11
427 2267 466 2297 lui
482 2265 584 2297 envoie
598 2265 726 2295 l’extrait
746 2265 832 2297 d’une
851 2267 935 2297 lettre
953 2266 1042 2297 écrite
1070 2266 1236 2304 d’Espagne
1266 2275 1319 2306 par
1348 2275 1386 2297 un
1412 2269 1516 2297 savant
1543 2267 1697 2303 allemand,

348 2306 396 2343 qui
418 2307 563 2344 proclame
584 2305 750 2335 hautement
763 2306 836 2336 dans
853 2314 885 2336 ce
900 2314 971 2344 pays
988 2306 1031 2336 les
1043 2305 1200 2336 libéralités
1218 2307 1254 2337 du
1275 2307 1317 2336 roi
1328 2307 1428 2344 (Louis
1449 2304 1523 2343 XIV)
1534 2313 1640 2335 envers
1658 2306 1699 2336 les

348 2353 421 2382 gens
441 2345 477 2375 de
504 2346 603 2375 lettres
634 2343 762 2381 français
794 2348 821 2375 et
844 2345 1008 2383 étrangers.
1025 2356 1037 2370 «
1055 2345 1126 2383 j’ay,
1151 2345 1238 2379 dit-il,
1265 2345 1418 2375 considéré
1447 2345 1519 2380 cela,
1539 2345 1698 2381 Monsieur,

347 2392 461 2414 comme
473 2392 511 2414 un
528 2383 660 2415 bonheur
676 2382 788 2414 d'avoir
803 2385 955 2415 rencontré
972 2392 1009 2414 un
1026 2385 1148 2421 sçavant
1164 2384 1279 2415 homme
1301 2384 1497 2415 désintéressé
1514 2387 1542 2414 et
1557 2392 1612 2414 non
1632 2392 1697 2414 sus¬

350 2427 415 2460 pect
433 2423 468 2454 de
488 2422 646 2460 partialité,
663 2423 722 2459 qui,
744 2423 867 2457 d’office,
892 2425 1008 2454 voulus!
1028 2426 1117 2458 estre,
1132 2431 1166 2453 en
1187 2424 1237 2454 des
1255 2431 1326 2462 pays
1354 2424 1392 2453 où
1412 2431 1486 2453 nous
1512 2431 1547 2453 ne
1569 2430 1698 2454 sommes

350 2470 402 2497 pas
416 2462 519 2499 aimés,
535 2463 560 2492 la
574 2463 729 2498 trompette
742 2462 776 2491 de
788 2462 814 2491 la
828 2463 919 2500 gloire
938 2464 972 2493 de
991 2464 1030 2492 Sa
1047 2462 1166 2500 Majesté
1181 2465 1208 2492 et
1220 2463 1255 2493 de
1269 2471 1321 2493 vos
1334 2463 1357 2492 si
1374 2466 1467 2499 justes
1480 2462 1670 2500 louanges...
1682 2474 1695 2489 »

349 2501 415 2539 (Nul
436 2503 534 2532 mieux
551 2509 606 2539 que
626 2500 743 2532 Colbert
762 2508 796 2530 ne
814 2502 968 2532 s’entendit
984 2502 1000 2531 k
1022 2502 1093 2531 faire
1103 2501 1214 2531 exalter
1226 2502 1241 2531 k
1264 2502 1419 2539 l’étranger
1438 2501 1464 2531 la
1480 2502 1571 2538 gloire
1592 2502 1627 2531 de
1645 2509 1697 2531 son

349 2540 462 2570 maître.
481 2541 521 2570 Le
537 2539 714 2570 bonhomme
736 2540 908 2577 Chapelain,
926 2543 989 2578 plus
1007 2540 1103 2570 habile
1117 2540 1204 2577 qu’on
1223 2548 1258 2570 ne
1276 2542 1302 2571 le
1320 2548 1448 2578 suppose
1469 2540 1698 2576 généralement,

349 2579 420 2609 était
441 2578 680 2609 l'intermédiaire
699 2580 771 2608 dont
788 2587 819 2608 se
843 2579 953 2609 servait
980 2580 1005 2609 le
1027 2579 1120 2616 grand
1145 2580 1277 2609 ministre
1295 2587 1371 2617 pour
1389 2586 1497 2616 gagner
1513 2580 1555 2609 les
1570 2587 1640 2617 gens
1662 2579 1698 2609 de

349 2619 449 2648 lettres
466 2625 518 2657 par
537 2619 589 2648 des
602 2618 741 2656 pensions
758 2619 786 2647 et
804 2619 903 2648 autres
921 2617 1100 2656 avantages).
