1841 2972
810 191 1137 240 PRIME

278 295 632 331 exclusivement
669 293 881 328 réservée
923 300 1011 326 aux
1049 290 1260 326 Abonnés
1301 288 1358 324 de
1396 289 1442 324 la
1482 287 1672 323 REVUE

695 364 801 400 DES
842 362 1254 400 AUTOGRAPHES

565 573 1391 645 CORRESPONDANCE

928 737 1025 760 ENTRE

267 861 759 951 BOILEAU
835 859 965 947 ET
1039 853 1689 947 BROSSETTE

916 1038 1039 1068 PUBLIÉE

505 1149 569 1180 SUR
593 1148 653 1180 LES
676 1147 885 1179 MANUSCRITS
906 1146 1096 1179 ORIGINAUX
1119 1145 1162 1177 EN
1186 1145 1304 1177 PARTIE
1327 1134 1460 1176 INÉDITS

946 1279 999 1301 PAR

740 1379 923 1415 Auguste
949 1377 1220 1414 LAYERDET

903 1507 977 1530 AVEC
999 1507 1056 1530 UNE

571 1610 933 1656 INTRODUCTION
967 1610 1031 1655 DE
1061 1609 1208 1655 JULES
1237 1610 1379 1655 JANIN

340 1870 402 1905 Un
421 1869 580 1904 volume
599 1869 698 1904 in-8°
718 1868 765 1903 de
784 1871 850 1904 640
869 1879 1001 1914 pages,
1022 1868 1205 1914 imprimé
1225 1878 1274 1903 en
1303 1870 1387 1903 1858
1411 1879 1482 1914 par
1501 1869 1554 1904 M.
1575 1869 1709 1915 Claye,

251 1946 322 1971 sur
340 1935 478 1981 papier
497 1934 608 1970 carré
627 1935 749 1978 vélin,
776 1934 901 1970 choisi
927 1945 997 1980 par
1015 1935 1203 1970 l’éditeur
1226 1934 1447 1978 lui-même,
1468 1946 1561 1971 avec
1584 1938 1606 1970 6
1630 1936 1710 1971 fac-

251 2001 382 2036 similé
402 2001 588 2037 exécutés
607 2012 701 2036 avec
720 2001 821 2045 soin,
841 2003 882 2037 et
899 2001 938 2037 la
957 2001 1190 2047 généalogie
1211 2001 1257 2036 de
1277 2001 1456 2037 Boileau.

339 2083 389 2119 Ce
410 2084 651 2130 magnifique
671 2084 829 2119 volume
849 2084 896 2119 de
917 2084 1192 2129 bibliothèque
1218 2086 1278 2120 est
1302 2083 1339 2119 le
1364 2084 1628 2129 complément
1653 2084 1711 2119 in¬

249 2149 500 2196 dispensable
520 2150 566 2184 de
586 2152 719 2185 toutes
745 2150 801 2184 les
821 2149 993 2185 éditions
1013 2150 1060 2184 de
1080 2150 1259 2193 Boileau,
1280 2150 1406 2184 même
1429 2150 1476 2184 de
1501 2150 1621 2185 celles
1641 2150 1709 2195 qui

253 2227 293 2251 se
314 2216 546 2262 publieront
566 2216 588 2250 à
607 2215 786 2260 l’avenir,
806 2220 875 2250 tous
893 2217 998 2250 droits
1015 2220 1106 2251 étant
1122 2219 1261 2251 réserves
1284 2226 1385 2261 pour
1409 2215 1448 2251 la
1472 2216 1600 2261 partie
1625 2216 1709 2251 iné¬

250 2282 346 2318 dite.

577 2349 645 2383 Au
667 2348 757 2383 lieu
779 2349 835 2384 de
859 2349 913 2384 10
936 2349 1093 2385 fr.
1140 2349 1218 2383 UN
1241 2349 1382 2384 franc.

372 2431 538 2474 Franco,
554 2441 619 2474 par
637 2432 670 2465 ta
689 2433 781 2466 Poste
800 2443 809 2465 :
835 2434 970 2471 France,
994 2432 1006 2475 1
1028 2432 1076 2475 fr.
1095 2432 1157 2471 80;
1237 2433 1413 2476 Etrangerfr.
1539 2433 1596 2466 50.

508 2646 604 2673 Rouen,
627 2644 650 2669 J.
668 2645 774 2674 Lecmir,
790 2645 936 2677 imprimeur
947 2646 976 2670 de
988 2646 1011 2670 la
1027 2646 1092 2671 C<Hit
1108 2646 1239 2678 Impériale
1250 2649 1274 2669 et
1284 2645 1314 2670 de
1326 2645 1348 2669 la
1363 2644 1460 2670 Maii'ie.
