1841 2972
922 157 971 165 —
998 136 1021 173 4
1048 157 1095 163 —

331 233 476 272 L’autre
493 233 601 272 lettre
618 233 662 271 de
680 233 909 279 Dumouriez,
929 234 1036 273 datée
1053 233 1099 272 de
1113 233 1277 272 Turville
1291 233 1398 279 Park,
1417 233 1448 272 le
1465 234 1513 273 28
1528 234 1607 284 juin
1627 234 1739 281 1822,

279 289 335 321 est
354 283 523 322 adressée
541 295 586 321 au
605 284 784 323 maréchal
806 284 1036 323 Macdonald.
1063 284 1089 321 Il
1113 284 1159 322 lui
1180 283 1360 322 demande
1380 285 1413 322 la
1431 284 1552 323 notice
1571 284 1740 323 nécrolo¬

279 333 391 382 gique
409 333 496 384 qu’il
532 345 554 371 a
581 333 668 372 faite
687 345 750 372 sur
769 335 846 372 leur
866 346 1002 384 pauvre
1025 333 1096 372 ami
1121 333 1375 377 Beurnoville,
1411 341 1449 373 et
1480 333 1506 371 il
1538 335 1658 384 ajoute
1680 345 1740 372 ces

279 382 431 421 curieux
446 383 579 422 détails
598 395 661 422 sur
680 383 892 423 l’existence
919 383 1007 434 qu’il
1035 386 1141 423 mène
1161 384 1253 422 dans
1275 395 1315 421 sa
1336 384 1505 423 nouvelle
1522 383 1711 423 résidence
1730 395 1737 421 :

282 448 297 466 «
323 432 416 482 Mgr.
455 433 488 471 le
520 433 590 471 duc
621 433 810 473 d’Orléans
839 446 930 473 vous
958 445 981 472 a
1004 434 1061 473 dit
1092 433 1127 472 la
1159 434 1272 473 vérité
1300 445 1364 472 sur
1397 445 1472 472 mes
1501 434 1740 484 occupations

277 483 463 521 actuelles.
489 483 532 521 Je
553 482 630 522 suis
652 484 760 521 établi
781 484 874 523 dans
892 496 961 523 une
980 495 1181 533 campagne
1204 486 1463 533 très-sauvage
1482 515 1489 527 ,
1523 483 1614 522 mais
1640 495 1741 522 assez

277 532 461 581 agréable,
481 534 528 571 où
556 533 593 583 je
618 545 841 579 commence,
871 546 921 573 un
947 545 1014 583 peu
1038 534 1130 578 tard,
1165 535 1256 572 mais
1277 544 1365 572 avec
1383 534 1498 583 grand
1532 533 1672 580 plaisir,
1707 532 1740 571 le

279 582 407 621 métier
426 582 472 621 de
490 583 722 622 cultivateur.
745 584 785 622 Je
806 586 899 623 m'en
921 591 1049 622 trouve
1067 584 1138 623 fort
1157 583 1241 622 bien
1261 595 1351 634 pour
1374 594 1432 621 ma
1451 585 1569 632 santé,
1593 590 1630 622 et
1652 594 1736 621 mon

279 637 396 682 temps
415 638 471 671 est
490 634 640 682 partagé
658 645 702 672 en
724 639 876 672 travaux
896 634 941 672 de
965 645 1179 684 campagne,
1212 645 1257 672 en
1294 633 1450 672 lectures
1482 633 1529 672 de
1560 633 1739 684 quelques

277 681 367 720 bons
386 682 509 730 livres,
531 688 567 721 et
588 695 647 721 ma
667 684 993 732 correspondance,
1015 686 1088 722 très
1103 683 1311 731 restreinte,
1333 694 1419 722 avec
1437 689 1569 733 quatre
1586 695 1632 721 ou
1651 683 1737 732 cinq

274 732 381 780 amis,
400 732 559 783 emploie
577 732 611 771 le
628 741 722 771 reste
739 734 784 772 de
804 745 887 772 mon
911 740 1039 783 temps,
1059 739 1096 772 et
1115 745 1172 772 me
1187 733 1265 771 font
1282 739 1477 782 supporter
1494 732 1739 781 très-patiem¬

278 788 378 820 ment
399 781 449 821 les
469 782 595 832 peines
613 783 798 822 attachées
817 786 837 821 à
859 795 932 822 une
946 784 1043 822 aussi
1076 784 1208 832 longue
1230 783 1301 822 vie.
1325 804 1369 811 —
1390 782 1488 822 C’est
1518 783 1612 821 dans
1642 788 1738 821 cette

275 831 426 870 retraite
439 843 510 882 que
519 832 556 882 je
577 844 689 883 pense
721 839 878 872 souvent
901 836 922 872 à
939 846 1014 872 mes
1036 833 1188 871 anciens
1208 844 1458 882 compagnons
1474 833 1645 876 d’armes,
1667 844 1738 881 que

270 881 309 930 je
333 881 560 921 m'intéresse
582 886 603 921 à
624 882 702 921 leur
719 883 905 922 existence
922 913 930 927 .
956 883 1036 933 plus
1055 883 1257 933 glorieuse,
1283 883 1376 921 mais
1397 884 1515 920 moins
1540 882 1738 932 tranquille

275 942 346 980 que
364 931 397 968 la
425 932 582 970 mienne.
605 932 648 970 Je
665 944 710 971 ne
728 935 856 983 sépare
877 933 1008 983 jamais
1030 933 1063 971 la
1082 935 1183 971 vôtre
1201 932 1245 971 de
1263 931 1356 971 celle
1385 932 1431 970 de
1459 937 1565 970 notre
1581 938 1738 981 auguste

274 979 347 1019 ami
364 981 427 1031 (le
447 981 519 1020 duc
536 981 763 1033 d’Orléans),
784 989 821 1022 et
836 983 873 1033 je
892 994 938 1022 ne
960 995 1049 1022 vous
1067 983 1174 1022 envie
1191 994 1264 1033 que
1277 982 1310 1020 le
1326 982 1453 1032 plaisir
1478 981 1525 1020 de
1543 993 1739 1021 converser

273 1037 432 1069 souvent
449 1042 538 1070 avec
556 1031 605 1070 lui
641 1045 659 1067 »

326 1079 545 1119 Dumouriez
579 1088 747 1127 mourut,
784 1082 875 1121 dans
912 1088 1007 1122 cette
1038 1082 1157 1121 même
1187 1081 1377 1121 résidence
1409 1082 1455 1120 de
1489 1081 1665 1128 Turville,
1705 1082 1737 1120 le

274 1129 323 1167 14
345 1142 441 1168 mars
459 1131 504 1169 de
525 1131 669 1170 l'année
687 1133 866 1171 suivante.
889 1132 984 1171 John
1004 1133 1188 1182 Bowring,
1212 1132 1309 1170 l’ami
1328 1131 1373 1170 de
1389 1143 1448 1170 ses
1460 1131 1626 1170 derniers
1635 1132 1737 1183 jours

275 1186 312 1217 et
331 1179 364 1218 le
383 1180 559 1230 légataire
574 1181 620 1220 de
639 1194 697 1221 ses
719 1182 878 1233 papiers,
902 1193 1085 1233 prononça
1106 1194 1171 1221 son
1191 1182 1337 1221 oraison
1353 1181 1517 1221 funèbre.

330 1520 377 1558 La
392 1525 500 1559 vente
524 1519 568 1559 de
587 1520 621 1558 la
639 1516 833 1558 collection
852 1518 916 1558 des
935 1520 1060 1559 lettres
1079 1519 1323 1570 autographes
1340 1519 1388 1557 du
1406 1519 1557 1558 docteur
1573 1519 1731 1569 Morelli,

277 1581 348 1619 que
366 1582 456 1608 nous
473 1581 587 1608 avons
606 1569 694 1609 faite
717 1569 768 1608 les
787 1570 823 1614 8,
846 1569 869 1608 9
888 1575 925 1609 et
940 1569 987 1608 10
1013 1581 1121 1614 mars,
1139 1581 1160 1608 a
1179 1569 1326 1619 produit
1350 1569 1464 1618 8,276
1484 1569 1614 1608 francs.
1633 1570 1735 1609 Voici

277 1620 329 1658 les
355 1620 503 1658 articles
518 1620 579 1668 qui
603 1625 668 1658 ont
684 1619 819 1658 atteint
839 1619 891 1658 les
912 1620 992 1670 prix
1013 1620 1064 1658 les
1083 1619 1166 1670 plus
1182 1621 1303 1658 élevés
1320 1631 1328 1656 :

327 1669 498 1708 Amboise
525 1669 713 1719 (cardinal
747 1669 819 1719 d’),
853 1670 875 1708 I.
909 1681 958 1719 s.,
989 1670 1033 1708 61
1057 1670 1099 1708 fr.
1122 1682 1129 1715 ;
1164 1669 1332 1709 Antoine,
1369 1669 1493 1720 prieur
1525 1669 1571 1708 de
1612 1669 1736 1719 Crsto,

277 1718 325 1757 26
345 1719 405 1766 fr.;
437 1720 527 1758 Bèze
542 1719 692 1770 (Théod.
715 1719 785 1768 de),
809 1719 857 1758 79
877 1719 919 1757 fr.
934 1732 942 1766 ;
977 1719 1183 1765 Boièldieu,
1213 1719 1261 1757 28
1289 1719 1350 1766 fr.;
1386 1718 1580 1758 Borromée
1599 1718 1739 1769 (Saint-

278 1768 457 1818 Charles),
482 1768 531 1807 46
559 1769 619 1816 fr.;
652 1777 693 1807 n°
722 1769 783 1817 80,
820 1769 1004 1809 Bouchard
1010 1781 1070 1812 on.
1109 1769 1156 1807 82
1188 1769 1248 1814 fr.;
1279 1768 1341 1813 81,
1372 1768 1404 1808 le
1438 1768 1568 1811 même.
1592 1769 1635 1807 31
1675 1770 1706 1808 fr
1727 1783 1736 1817 ;

281 1818 614 1864 Bover-Fonfrède,
638 1818 724 1868 sig.,
747 1820 794 1857 22
827 1819 857 1857 fr
878 1832 885 1866 ;
908 1819 1115 1862 Casaubon,
1150 1820 1197 1858 20
1230 1819 1291 1866 fr.;
1316 1819 1543 1868 Castiglione
1570 1819 1735 1870 (Ballh.),

281 1861 352 1906 118
372 1868 432 1915 fr.;
453 1868 667 1919 Chapelain,
684 1869 731 1907 22
749 1869 809 1914 fr.;
824 1868 975 1908 Charles
994 1869 1040 1913 II,
1060 1870 1081 1907 I.
1102 1881 1150 1911 s.,
1169 1869 1216 1908 48
1235 1868 1295 1915 fr.;
1311 1868 1435 1907 Coudé
1452 1868 1589 1919 (Henry
1604 1869 1617 1908 I
1621 1877 1649 1894 er
1662 1869 1735 1920 de),

278 1918 326 1956 40
343 1919 404 1965 fr.;
425 1918 565 1968 Coques
580 1919 779 1969 (Gonzalo),
802 1919 850 1957 44
870 1918 931 1965 fr.;
953 1920 1112 1958 Cortone
1130 1918 1266 1968 (Pierre
1283 1918 1356 1975 de),
1378 1918 1425 1956 60
1444 1918 1504 1965 fr.;
1525 1919 1733 1965 Descartes,

277 1969 349 2008 100
364 1968 424 2015 fr.;
449 1969 604 2007 Dortous
627 1968 672 2008 deMairan,
860 1967 907 2006 38
927 1969 987 2014 fr.,
1012 1970 1067 2007 Du
1084 1969 1224 2007 Moulin
1240 1969 1386 2018 (Louis),
1411 1968 1458 2006 32
1480 1968 1540 2015 fr.;
1563 1969 1736 2018 François

277 2019 321 2057 de
341 2017 443 2057 Sales
462 2017 666 2067 (Saint),80
682 2018 741 2063 fr.;
759 2017 961 2057 Gambarra
979 2018 1227 2069 (Véronique),
1251 2018 1298 2056 26
1316 2018 1377 2065 fr.;
1407 2018 1577 2067 Goldoni,
1599 2019 1646 2057 19
1674 2019 1735 2065 fr.;

276 2068 390 2106 Guise
404 2068 533 2116 (Henri
553 2068 584 2106 II
858 2076 898 2106 n°
917 2068 1003 2112 273,
1023 2068 1212 2110 Jouvenet,
1235 2069 1284 2107 46
1303 2068 1363 2115 fr.;
1390 2068 1583 2112 Lavoisier,
1606 2069 1654 2108 26
1675 2069 1736 2116 fr.;

277 2117 421 2156 Lebrun
441 2118 598 2166 (Kcouch
839 2131 847 2165 ;
869 2118 1065 2167 Lemierre,
1084 2119 1156 2157 100
1171 2119 1232 2164 fr.;
1252 2118 1589 2168 Médicis(Laurent
1605 2118 1617 2156 I
1623 2127 1652 2143 er
1662 2119 1734 2169 de),

278 2168 326 2206 28
345 2167 387 2205 fr.
411 2167 458 2205 80
480 2179 527 2214 c.;
550 2168 721 2217 Montagu
746 2169 849 2216 (Jean
870 2167 945 2219 de),
967 2168 1066 2216 pièce
1087 2169 1175 2217 sig.,
1191 2167 1237 2206 36
1257 2168 1287 2206 fr
1317 2181 1324 2215 ;
1347 2168 1460 2207 Mutis
1490 2168 1740 2218 (José-Celes-

277 2217 382 2267 tino).
414 2217 462 2255 33
482 2217 542 2265 fr.;
563 2218 820 2262 Poniatowski,
842 2217 864 2255 1.
888 2231 935 2266 s.,
961 2217 1008 2255 26
1030 2217 1090 2265 fr.;
1115 2217 1318 2263 Potemkin,
1340 2217 1386 2256 37
1405 2218 1449 2257 lr.
1475 2218 1581 2265 80c.;
1598 2218 1738 2257 Robes¬

276 2267 394 2316 pierre
414 2268 534 2317 jeune,
558 2267 605 2305 20
623 2269 682 2312 fr.",
715 2268 914 2311 Sannazar,
944 2268 991 2306 29
1026 2268 1087 2313 fr.;
1124 2267 1312 2306 Sébastien
1348 2268 1458 2318 (don),
1483 2268 1529 2306 37
1554 2268 1595 2306 fr.
1619 2268 1666 2307 80
1685 2280 1735 2316 c.;

277 2317 439 2355 Soudérv
459 2317 545 2361 (M""
560 2317 632 2365 de).
659 2318 706 2355 78
728 2317 787 2364 fr.;
809 2317 1001 2356 Tavannes
1021 2317 1215 2367 (maréchal
1237 2317 1307 2367 de),
1332 2316 1380 2356 86
1409 2317 1469 2365 fr.;
1502 2318 1733 2360 Tournefort,

276 2367 324 2405 86
341 2366 371 2404 fr
392 2379 400 2411 ;
422 2366 561 2405 Weber
579 2366 759 2417 (Ch.-M.),
782 2367 830 2405 48
850 2367 911 2414 fr.;
927 2366 1089 2406 Yolande
1099 2367 1143 2405 de
1158 2367 1310 2411 France,
1332 2367 1355 2405 I.
1373 2379 1419 2414 s.,
1438 2367 1483 2405 41
1506 2367 1566 2412 fr.,
1589 2373 1660 2407 etc.

327 2469 371 2475 —
389 2447 480 2486 Lord
507 2447 702 2491 Belhaven,
724 2460 769 2487 en
788 2455 971 2493 mourant,
993 2461 1015 2487 a
1037 2449 1143 2499 légué
1171 2452 1192 2487 à
1224 2449 1257 2487 la
1288 2450 1392 2488 reine
1420 2449 1582 2488 Victoria
1601 2450 1665 2488 des
1682 2461 1739 2489 re¬

277 2497 396 2547 liques
430 2498 475 2535 de
507 2497 622 2536 Marie
653 2498 780 2537 Stuart
804 2501 1019 2538 conservées
1040 2501 1062 2537 à
1093 2498 1449 2538 Winshaw-House.
1487 2500 1556 2538 Ces
1578 2500 1738 2550 reliques

274 2546 413 2585 étaient
435 2559 481 2585 un
504 2549 652 2597 présent
676 2547 722 2586 de
737 2548 770 2586 la
789 2548 890 2587 reine
908 2549 1081 2588 d’iieosse
1101 2561 1146 2587 au
1169 2554 1288 2587 comte
1309 2549 1354 2587 de
1369 2549 1460 2592 Mar,
1485 2550 1547 2599 qui
1567 2550 1617 2589 les
1638 2551 1740 2588 avait

273 2596 435 2635 données
454 2599 475 2634 à
493 2608 565 2634 une
589 2597 634 2635 de
666 2608 725 2635 ses
748 2599 878 2647 petites
899 2598 1002 2641 filles,
1039 2601 1174 2647 épouse
1191 2598 1275 2636 d’un
1300 2599 1461 2638 membre
1479 2599 1523 2638 de
1544 2600 1577 2637 la
1600 2599 1736 2638 famille

748 1422 953 1460 FAITS
991 1421 1262 1459 DIVERS.
