1841 2972
851 136 1041 195 - 10 -
231 246 429 286 lui-même.
451 246 499 284 Sa
517 246 718 290 collection,
739 247 861 285 c’était
884 247 916 284 le
932 247 1174 286 délassement
1205 247 1250 287 de
1279 259 1336 286 ses
1372 255 1535 292 travaux,
1567 246 1671 285 l’em¬

230 298 298 346 ploi
332 297 378 335 de
400 309 457 335 ses
478 298 610 336 soirées
629 302 674 334 de
698 296 798 334 loisir
832 296 1169 337 L’affaiblissement
1186 298 1231 338 de
1251 310 1291 337 sa
1305 300 1409 338 santé
1440 298 1609 347 l’obligea
1627 297 1671 335 de

228 347 304 386 s’en
324 349 481 397 séparer.
508 348 534 385 Il
557 359 645 386 nous
663 358 708 385 en
725 348 841 386 confia
865 348 897 386 la
917 355 1035 397 vente,
1056 349 1119 399 qui
1133 356 1194 388 eut
1216 349 1285 388 lieu
1312 349 1362 387 les
1387 350 1448 392 26.
1480 350 1526 388 27
1558 354 1594 386 et
1623 347 1671 386 28

230 398 427 437 novembre
445 398 554 442 1866,
580 409 664 437 sous
685 397 716 436 le
737 410 817 436 nom
837 398 882 436 de
897 400 1059 436 Docteur
1076 399 1235 437 Coralli.
1256 400 1412 438 Membre
1424 400 1467 439 de
1482 401 1514 438 la
1529 398 1670 437 Société

229 448 293 487 des
309 455 491 488 amateurs
509 448 796 497 d’autographes,
820 449 912 499 déjà,
933 451 953 487 à
976 450 1008 488 la
1029 450 1077 488 fin
1096 450 1138 488 de
1162 449 1270 492 1869,
1302 450 1352 488 les
1383 450 1518 490 mêmes
1551 449 1672 487 motifs

228 499 272 537 de
288 502 392 538 santé
425 500 593 538 l’avaient
625 499 718 537 forcé
747 501 769 537 à
800 511 838 538 se
870 499 1009 544 retirer,
1043 512 1089 539 ne
1122 506 1279 551 pouvant
1314 501 1395 550 plus
1428 501 1578 540 assister
1601 511 1670 538 aux

229 550 415 588 réunions.

409 779 803 845 LETTRES
849 781 1501 845 AUTOGRAPHES

701 913 736 938 A
761 914 911 941 PRIX
940 908 1219 945 MARQUÉS

361 1007 416 1042 En
474 1008 590 1042 vente
639 1006 728 1043 chez
779 1008 958 1043 Gabriel
1007 1008 1309 1042 GHARAVAY
1323 1034 1331 1050 ,
1379 1010 1540 1053 expert,

621 1096 690 1121 rue
716 1085 1198 1129 Saint-André-des-Arts,
1223 1088 1279 1129 60,

777 1170 1011 1201 Précédemment
1028 1177 1059 1200 n°
1076 1170 1125 1200 80.

278 1267 287 1300 1
316 1265 459 1309 Adam
472 1263 684 1309 (Adolphe),
699 1264 857 1299 illustre
875 1263 1152 1310 compositeur.—L.
1259 1274 1293 1298 a.
1309 1274 1339 1299 s.
1354 1264 1388 1308 (à
1401 1264 1495 1299 Ach.
1512 1264 1672 1310 Comte),

320 1313 332 1344 1
356 1320 391 1355 p.
414 1310 504 1344 in-8.
524 1306 706 1344 Relative
732 1309 754 1344 à
779 1319 855 1344 une
882 1310 1022 1344 faveur
1046 1308 1140 1354 qu’il
1160 1308 1271 1344 vient
1290 1307 1486 1344 d’obtenir
1504 1309 1555 1344 du
1577 1319 1673 1355 gou¬

314 1356 561 1390 vernement.
1591 1357 1603 1388 1
1630 1357 1673 1391 50

274 1402 294 1436 2
317 1399 546 1442 Alembert
564 1398 727 1442 (Lerond
749 1397 808 1443 d’),
829 1398 983 1433 célèbre
1009 1397 1239 1443 philosophe
1265 1398 1316 1433 du
1341 1404 1453 1434 xviii®
1471 1398 1604 1442 siècle,
1626 1400 1672 1435 do

320 1444 465 1479 l’Acad.
494 1444 617 1479 franc.
638 1463 679 1468 —
698 1444 741 1479 L.
771 1454 804 1479 a.
833 1454 883 1488 s.;
912 1442 1039 1486 Paris,
1069 1445 1089 1478 3
1117 1453 1205 1478 nov.
1234 1445 1330 1487 1774,
1358 1446 1370 1478 1
1402 1453 1437 1489 p.
1468 1444 1559 1479 in-4.
1593 1446 1675 1479 Belle

313 1492 415 1534 pièce.
1585 1492 1606 1524 6
1653 1503 1669 1522 »

273 1536 294 1570 3
317 1534 557 1576 Andrieux,
579 1533 808 1568 littérateur
827 1532 994 1576 célèbre,
1015 1532 1062 1567 de
1083 1532 1226 1568 l’Acad.
1242 1533 1457 1569 franc.—L.
1478 1545 1512 1569 a.
1532 1544 1577 1578 s.,
1600 1536 1613 1568 1
1636 1545 1671 1580 p.

319 1579 416 1621 in-4,
435 1579 614 1624 vignette
636 1578 681 1613 de
701 1577 908 1613 l’Institut.
1591 1581 1604 1614 1
1655 1592 1671 1612 »

275 1626 295 1659 4
319 1625 480 1668 Auber,
502 1623 625 1668 grand
646 1622 925 1668 compositeur,
945 1622 1119 1657 l’auteur
1138 1622 1184 1657 de
1204 1623 1243 1658 la
1261 1625 1444 1659 Muette.—
1451 1623 1575 1659 Billet
1593 1626 1674 1660 aut.

321 1669 410 1713 sig.,
435 1672 445 1703 1
458 1670 495 1712 /2
512 1678 547 1714 p.
569 1668 663 1703 in-8.
1588 1672 1608 1704 2
1657 1682 1673 1702 »

276 1715 298 1749 5
320 1714 510 1758 Babinet
529 1713 675 1758 (Jacq.),
690 1711 844 1747 célèbre
865 1711 1071 1757 physicien
1091 1713 1130 1748 et
1149 1713 1385 1756 astronome,
1403 1713 1450 1748 de
1471 1713 1677 1749 l’Institut.

321 1779 363 1784 —
382 1758 425 1793 L.
446 1769 481 1794 a.
502 1768 547 1801 s.,
570 1760 664 1793 1853.
686 1757 920 1802 Spirituelle
941 1755 1081 1802 épître.
1586 1761 1607 1794 2
1631 1762 1674 1794 50

277 1805 298 1838 6
321 1804 473 1847 Balbis
493 1803 633 1848 (J.-B.),
653 1804 790 1837 savant
808 1801 1121 1837 botaniste.—L.
1142 1812 1176 1837 a.
1197 1812 1227 1837 s.
1249 1802 1270 1836 à
1287 1802 1537 1838 Lamoureux
1556 1803 1677 1847 (bota¬

323 1848 453 1893 niste),
476 1848 497 1882 à
515 1848 634 1891 Caen;
655 1846 781 1889 Paris,
805 1849 901 1889 1824,
925 1849 936 1880 1
960 1856 996 1891 p.
1018 1846 1109 1882 in-4.
1592 1851 1613 1883 2
1659 1861 1676 1881 »

364 1894 554 1924 Intéressante
570 1893 661 1933 épître
675 1893 792 1923 relative
808 1900 823 1922 a
835 1892 864 1922 la
880 1893 1044 1930 botanique.

280 1934 299 1967 7
323 1934 486 1976 Barrot
503 1931 698 1976 (Odillon),
719 1930 871 1966 célèbre
892 1933 1055 1966 orateur
1074 1932 1114 1966 et
1133 1930 1285 1966 homme
1305 1930 1447 1967 d’Etat.
1467 1952 1509 1957 —
1528 1931 1570 1967 L.
1592 1942 1625 1967 a.
1647 1943 1677 1968 s.

327 1978 350 2011 à
368 1977 420 2012 M.
441 1977 603 2019 Cotelle,
626 1978 721 2018 1839,
746 1978 757 2010 1
781 1986 817 2021 p.
838 1975 934 2011 in-8.
1592 1979 1613 2012 2
1660 1990 1676 2010 »

283 2024 303 2058 8
326 2021 567 2066 Béranger,
589 2021 624 2056 le
649 2020 801 2056 célèbre
826 2021 940 2066 poète
966 2020 1242 2056 chansonnier.
1262 2040 1304 2046 —
1322 2021 1365 2056 L.
1386 2031 1420 2056 a.
1440 2032 1484 2065 s.,
1508 2023 1548 2057 15
1572 2022 1679 2065 août,

327 2069 349 2102 2
368 2077 403 2112 p.
425 2067 517 2102 in-8.
1593 2070 1615 2103 5
1660 2080 1677 2099 »

368 2112 508 2144 Curieuse
521 2112 611 2151 épître
619 2112 736 2142 relative
755 2120 771 2141 a
788 2119 844 2142 une
860 2110 981 2142 histoire
995 2111 1030 2141 de
1048 2111 1204 2150 Napoléon,
1219 2111 1266 2150 qui
1281 2111 1319 2142 lui
1340 2120 1354 2141 a
1376 2112 1420 2142 été
1440 2111 1578 2150 envoyée.
1608 2124 1620 2138 «
1648 2113 1681 2143 Je

328 2159 365 2183 ne
387 2153 505 2192 pouvais
531 2151 655 2191 prendre
678 2158 715 2181 un
735 2152 801 2189 jour
827 2151 891 2189 plus
920 2151 1095 2182 convenable
1117 2151 1153 2186 (le
1189 2152 1223 2182 15
1249 2151 1323 2190 août)
1359 2159 1431 2190 pour
1457 2159 1530 2182 vous
1565 2160 1683 2183 accuser

331 2192 476 2230 réception
493 2192 528 2222 de
540 2194 621 2221 votre
641 2190 852 2222 envoi_Je
869 2198 905 2221 ne
921 2192 987 2229 puis
1001 2198 1073 2221 vous
1091 2190 1254 2222 dissimuler
1274 2199 1328 2228 que
1346 2192 1375 2229 je
1393 2195 1516 2229 regrette
1536 2199 1591 2229 que
1610 2193 1682 2223 dans

331 2231 375 2262 les
400 2232 505 2262 années
527 2229 745 2269 républicaines,
764 2238 837 2260 vous
855 2230 954 2269 n’ayez
981 2239 1032 2269 pas
1050 2238 1100 2262 cru
1119 2227 1218 2264 devoir
1240 2233 1341 2262 mettre
1355 2239 1389 2261 en
1409 2232 1512 2269 regard
1536 2231 1577 2262 les
1601 2232 1682 2263 dates

330 2271 367 2301 de
384 2270 504 2301 l’ancien
519 2270 687 2301 calendrier.
706 2282 719 2296 »

286 2311 308 2345 9
331 2309 536 2354 Berryer,
556 2309 712 2344 illustre
732 2309 896 2344 orateur
914 2308 1335 2354 parlementaire.—L.
1356 2319 1390 2344 a.
1410 2319 1440 2345 s.
1462 2309 1496 2354 (à
1513 2309 1565 2344 M.
1586 2309 1682 2345 Gro-

333 2355 459 2399 mier),
483 2356 578 2396 1868,
602 2356 614 2388 1
635 2364 671 2399 p.
692 2353 787 2389 in-8.
1596 2357 1616 2390 3
1663 2368 1679 2387 »

269 2402 309 2435 10
331 2399 638 2443 Baudelocque
667 2398 801 2443 (J.-L.),
832 2398 1024 2441 médecin,
1055 2399 1236 2433 créateur
1270 2398 1316 2433 de
1353 2398 1392 2434 la
1426 2398 1579 2434 théorie
1616 2399 1683 2434 des

333 2444 677 2486 accouchements,
712 2443 958 2478 accoucheur
993 2443 1039 2478 de
1076 2443 1373 2486 Marie-Louise,
1411 2444 1457 2478 né
1494 2444 1516 2479 à
1549 2444 1685 2491 Heilly

332 2489 525 2534 (Somme).
547 2508 589 2514 —
608 2488 650 2524 L.
679 2498 712 2523 a.
742 2497 770 2523 s.
802 2499 850 2522 au
880 2488 946 2523 cit.
975 2488 1145 2534 Bacqua,
1174 2488 1633 2534 chirurg.-accoucheur,
1663 2490 1685 2524 à

334 2533 504 2579 Nantes;
525 2534 652 2577 Paris,
673 2543 722 2567 an
739 2532 804 2574 VI,
824 2535 845 2568 2
864 2543 900 2578 p.
921 2534 1016 2576 in-4,
1037 2533 1186 2568 cachet.
1597 2537 1618 2570 3
1665 2547 1681 2567 »

373 2580 651 2611 Très-intéressante
667 2579 749 2609 lettre
760 2579 879 2608 relative
898 2580 913 2608 à
930 2578 1098 2617 l'opération
1117 2579 1291 2609 césarienne.

270 2619 305 2653 11
333 2619 506 2664 Baudin
530 2617 728 2664 (Charles),
754 2617 909 2660 amiral,
936 2618 982 2652 né
1008 2618 1030 2652 à
1053 2617 1194 2653 Sedan.
1213 2637 1254 2643 —
1276 2619 1308 2652 1°
1328 2617 1371 2652 L.
1393 2627 1426 2652 a.
1446 2627 1476 2652 s.
1504 2618 1526 2652 à
1549 2617 1684 2653 Julien
