1850 2972
855 139 1066 191 - 22 -
234 248 295 283 190
318 248 470 292 Simon
488 247 637 292 (Jules),
658 246 891 293 philosophe
912 248 954 282 et
973 246 1204 291 publiciste,
1225 246 1371 292 député
1392 247 1439 282 de
1460 247 1586 291 Paris,
1608 248 1657 283 né
1678 249 1699 283 à

320 292 498 329 Lorient.
518 312 561 317 —
578 292 621 327 L.
643 302 676 327 a.
698 289 728 328 s.
750 289 774 328 à
790 294 843 327 M.
865 291 1067 333 Gromier,
1088 291 1214 337 (1868),
1233 294 1254 327 2
1274 302 1309 337 p.
1334 292 1454 328 in-12.
1611 295 1632 329 3
1679 306 1696 326 »

361 339 559 370 Kelativoaux
577 338 714 369 élections
732 337 767 367 de
788 338 864 368 1869
884 340 913 368 et
927 346 985 367 aux
1004 337 1210 368 candidatures
1226 337 1386 368 officielles.

235 384 290 419 191
319 384 487 427 Target
504 381 713 426 (G.-J.-B.),
735 380 890 416 célèbre
912 382 1053 416 avocat
1071 383 1112 417 et
1132 382 1395 425 constituant,
1412 383 1479 428 qui
1499 383 1633 418 refusa
1651 382 1698 417 de

319 427 507 463 défendre
527 426 648 462 Louis
668 426 771 470 XVI,
793 426 937 462 memb.
959 426 1006 461 de
1028 426 1177 462 l’Acad.
1199 427 1249 462 fr.
1269 447 1312 453 —
1332 427 1444 463 Belle
1464 427 1573 473 pièce
1606 427 1696 474 sig.,

324 475 420 516 1793,
444 474 506 516 1/2
524 482 561 517 p.
584 471 676 507 in-f.
1616 475 1699 508 150

235 524 297 560 192
321 523 479 566 Texier
498 522 606 567 (Ch.),
626 522 766 557 savant
785 521 1064 566 archéologue,
1084 532 1290 568 voyageur
1302 532 1352 557 en
1372 522 1476 566 Asie,
1492 522 1539 557 de
1557 521 1697 561 l’Inst.,

319 568 367 603 né
387 568 410 603 à
426 567 657 603 Versailles.
678 586 720 592 —
741 567 784 602 L.
805 577 840 601 a.
861 576 891 602 s.
913 566 935 600 à
953 568 1006 601 M.
1026 566 1180 612 Duruy,
1205 569 1301 611 1863,
1321 570 1344 603 2
1363 578 1399 613 p.
1421 568 1519 603 in-4.
1616 570 1628 603 1
1656 570 1699 603 50

364 614 496 645 Relative
514 614 530 643 k
550 620 603 643 son
622 619 752 650 ouvrage
765 620 817 643 sur
833 611 913 642 l'art
928 611 1090 644 bizantin.

237 660 298 695 193
321 659 478 704 Thiers
498 657 607 704 (Ad.),
630 657 786 692 homme
807 656 951 699 d’Etat,
972 656 1019 691 de
1034 656 1180 692 l’Acad.
1193 658 1243 693 fr.
1259 678 1297 683 —
1310 657 1355 693 L.
1377 669 1411 693 a.
1424 668 1454 693 s.
1467 668 1516 693 au
1532 658 1697 693 libraire

320 702 533 747 Naradan;
553 701 683 745 Paris,
702 705 723 737 9
742 702 820 737 mai
844 704 940 745 1822,
964 703 977 736 1
1001 711 1037 747 p.
1059 701 1157 737 in-8.
1612 706 1633 738 6
1680 716 1696 735 »

362 749 442 780 C’est
459 749 486 779 la
502 748 569 787 plus
583 748 723 779 ancienne
740 748 825 779 lettre
843 749 879 778 de
898 748 936 778 M.
954 748 1059 779 Thiers
1076 755 1131 786 que
1145 756 1220 779 nous
1238 756 1329 786 ayons
1347 755 1454 780 encore
1470 756 1536 779 vue.
1564 749 1586 779 Il
1601 749 1699 780 n’était

323 797 379 826 que
396 789 499 827 depuis
515 796 553 818 un
572 795 609 818 an
624 789 640 817 k
659 788 751 818 Paris.
773 787 793 817 11
813 787 907 818 donne
923 794 977 817 son
992 788 1128 818 adresse:
1147 796 1205 818 rue
1221 791 1249 819 et
1268 787 1351 818 hôtel
1368 788 1598 827 Montesquieu.

238 834 297 869 194
321 833 487 877 Tiedge
514 831 833 876 (Christ.-Aug.),
866 830 1028 867 illustre
1065 832 1179 877 poète
1212 832 1426 868 allemand.
1447 852 1489 857 —
1508 832 1550 867 L.
1584 843 1618 867 a.
1647 843 1698 877 s.;

323 878 452 918 Halle,
478 879 573 920 1810,
593 880 614 912 2
634 887 670 922 p.
693 876 785 920 in-4,
806 876 958 912 cachet.
978 878 1067 912 Belle
1081 879 1184 921 pièce.
1613 879 1634 913 5
1681 890 1697 910 »

237 930 299 964 195
322 928 606 972 Tocqueville
625 926 772 972 (Alexis
791 927 864 972 de),
880 926 1035 962 célèbre
1050 927 1264 972 publiciste
1274 929 1314 962 et
1325 927 1481 962 homme
1496 926 1639 971 d’Etat,
1654 927 1700 962 de

322 974 468 1009 l’Acad.
496 973 566 1016 fr.,
587 976 735 1007 auteur
764 972 811 1007 de
843 972 882 1007 la
910 974 1112 1007 Démocratie
1141 983 1179 1006 en
1205 974 1396 1016 Amérique.
1417 993 1458 997 —
1479 972 1520 1007 L.
1552 983 1585 1008 a.
1617 983 1647 1008 s.
1680 973 1702 1007 à

323 1019 375 1054 M.
397 1019 580 1061 Sumner,
604 1019 644 1052 14
663 1019 739 1052 oct.
764 1019 860 1059 1848,
879 1019 901 1051 2
920 1027 956 1062 p.
977 1017 1074 1061 in-8,
1096 1016 1312 1063 enveloppe
1332 1020 1373 1053 et
1398 1017 1548 1053 cachet.
1581 1017 1699 1053 Rela¬

324 1063 407 1099 tive
428 1074 478 1098 au
499 1064 664 1108 rapport
685 1062 731 1097 de
751 1062 804 1097 M.
826 1061 1245 1101 Quentin-Bauchard.
1618 1065 1640 1098 2
1662 1066 1705 1099 50

239 1115 299 1150 196
321 1115 513 1158 Vauban
537 1112 639 1158 (Séb.
660 1113 733 1157 de),
755 1111 956 1147 maréchal
977 1112 1023 1147 de
1043 1112 1209 1155 France,
1223 1112 1411 1148 l’illustre
1428 1112 1641 1159 ingénieur
1654 1113 1701 1148 de

322 1169 392 1194 nos
411 1159 542 1205 places
562 1158 700 1200 fortes,
723 1158 770 1192 né
790 1157 887 1192 dans
908 1157 948 1192 la
967 1157 1129 1193 Nièvre.
1144 1178 1185 1183 —
1206 1157 1332 1193 Ordre
1362 1158 1452 1203 sig.,
1487 1160 1583 1201 1695,
1619 1161 1630 1193 1
1664 1168 1700 1204 p.

324 1204 417 1239 in-8.
435 1205 610 1248 Très-jolie
624 1205 727 1248 pièce.
1614 1205 1636 1238 6
1683 1216 1699 1235 »

238 1256 298 1290 197
321 1254 573 1298 Vauquelin
593 1252 741 1300 (L.-N.),un
821 1251 867 1287 de
888 1262 959 1287 nos
979 1252 1068 1297 plus
1096 1253 1242 1298 grands
1273 1253 1492 1296 chimistes,
1532 1253 1579 1288 né
1611 1254 1700 1299 près

323 1298 646 1344 Pont-Lévèque.
666 1318 708 1323 —
728 1298 771 1333 L.
793 1308 826 1332 a.
848 1307 894 1340 s.,
918 1299 1014 1340 1827,
1038 1300 1050 1332 1
1075 1308 1111 1343 p.
1134 1298 1226 1333 in-4.
1614 1301 1636 1335 2
1683 1312 1700 1331 »

239 1345 300 1380 198
323 1344 493 1388 Vernet
522 1343 712 1388 (Horace),
742 1342 930 1378 l’illustre
962 1342 1120 1387 peintre
1152 1342 1373 1379 d’histoire.
1394 1363 1436 1368 —
1454 1342 1498 1378 L.
1531 1354 1565 1379 a.
1597 1354 1627 1379 s.
1657 1344 1703 1389 (à

324 1389 376 1424 M.
398 1389 529 1434 Genty
548 1388 596 1423 de
615 1388 767 1433 Bussy),
792 1389 887 1428 1854,
908 1389 929 1422 2
947 1397 984 1432 p.
1006 1387 1104 1423 in-8.
1616 1391 1636 1424 3
1683 1401 1700 1421 »

369 1435 441 1466 Jolie
460 1435 554 1473 épîtrc
570 1437 724 1465 contenant
742 1434 793 1464 des
811 1433 914 1463 détails
933 1433 1124 1465 intéressants
1143 1442 1195 1463 sur
1213 1434 1241 1464 le
1256 1434 1373 1472 général
1389 1433 1473 1464 Ysuf.

240 1475 301 1509 199
325 1474 522 1518 Victoire
541 1473 592 1518 (M
597 1480 634 1495 me
637 1473 660 1515 l,
681 1472 763 1508 fille
784 1472 830 1507 de
850 1472 972 1507 Louis
990 1472 1075 1516 XV,
1097 1473 1165 1518 qui
1185 1473 1340 1518 émigra
1359 1473 1381 1507 à
1398 1472 1522 1508 Rome
1537 1483 1586 1507 en
1605 1475 1699 1514 1791,

326 1529 419 1554 avec
438 1529 481 1554 sa
499 1528 606 1553 sœur
624 1513 826 1552 Adélaïde.
846 1537 888 1542 —
907 1517 950 1552 L.
972 1528 1006 1552 a.
1029 1528 1058 1553 s.
1078 1517 1099 1552 à
1118 1518 1157 1553 M
1161 1524 1198 1539 me
1219 1517 1265 1553 dé
1286 1518 1440 1561 Civrac,
1453 1520 1491 1553 21
1509 1517 1587 1553 mai
1605 1520 1700 1561 1750,

328 1566 340 1598 1
353 1565 390 1607 /2
408 1574 444 1609 p.
466 1563 557 1605 in-4,
579 1562 718 1598 cachet
736 1561 881 1598 camée.
901 1563 986 1597 Jolie
1001 1565 1102 1606 pièce.
1614 1565 1635 1598 3
1659 1565 1703 1598 50

237 1610 301 1645 200
323 1609 517 1653 Viennet
547 1607 750 1653 (J.-P.-G.),
783 1606 938 1642 célèbre
970 1607 1203 1643 littérateur
1233 1609 1274 1643 et
1304 1607 1460 1642 homme
1480 1607 1623 1651 d’Etat,
1655 1607 1702 1642 de

326 1653 471 1689 l’Acad.
493 1653 556 1696 fr.,
579 1653 628 1688 né
648 1652 671 1687 à
688 1652 859 1688 Béziers.
879 1672 922 1678 —
941 1651 984 1687 L.
1006 1663 1040 1687 a.
1062 1663 1093 1688 s.
1115 1653 1137 1687 à
1154 1653 1250 1688 Ach.
1283 1652 1440 1697 Comte;
1472 1652 1702 1689 Val-Saint-

326 1698 528 1741 Germain,
552 1699 591 1733 19
604 1696 700 1743 juil.
725 1700 820 1740 1843,
840 1699 861 1732 2
880 1707 916 1743 p.
938 1697 1035 1733 in-8.
1613 1700 1634 1733 2
1658 1700 1702 1733 50

366 1744 532 1783 Spirituelle
550 1743 642 1782 èpitre
656 1743 694 1774 où
712 1744 729 1775 il
750 1743 889 1783 plaisante
907 1743 1122 1782 agréablement
1149 1752 1200 1774 sur
1220 1743 1440 1774 l'annivcisaire
1459 1743 1510 1782 des
1528 1742 1702 1782 glorieuses

324 1783 461 1819 journées
480 1785 515 1814 de
528 1782 631 1822 juillet.

237 1824 297 1860 201
324 1823 477 1867 Vigny
496 1822 585 1867 (Alf.
607 1822 680 1867 de),
702 1822 815 1867 poète
835 1822 1006 1865 célèbre,
1028 1821 1075 1856 do
1095 1821 1242 1857 l’Acad.
1263 1823 1313 1857 fr.
1333 1839 1372 1845 —
1392 1822 1435 1857 L.
1457 1831 1491 1856 a.
1512 1831 1541 1856 s.
1563 1821 1585 1855 à
1603 1820 1702 1856 l’im¬

325 1868 507 1913 primeur
524 1867 661 1909 Tastu,
686 1869 782 1909 1825,
806 1869 818 1902 1
841 1878 878 1912 p.
899 1867 992 1910 in-8,
1008 1867 1108 1901 beau
1129 1866 1266 1902 cachet
1286 1867 1308 1901 à
1326 1877 1388 1901 ses
1409 1876 1549 1901 armes.
1617 1868 1638 1901 3
1685 1878 1701 1897 »

238 1914 304 1949 202
325 1913 495 1956 Villar3
530 1912 687 1958 (Dom.),
725 1915 864 1947 savant
900 1911 1126 1955 botaniste,
1162 1911 1209 1946 de
1240 1911 1448 1954 l’Institut,
1481 1914 1625 1946 auteur
1655 1909 1702 1945 de

328 1958 351 1993 l’
354 1960 501 1993 Histoire
518 1958 574 1992 des
593 1959 726 1992 Plantes
744 1957 790 1991 du
809 1958 983 2002 Dauphiné
995 1984 1004 2000 ,
1025 1956 1073 1992 né
1094 1957 1183 2002 prés
1203 1957 1250 1991 de
1271 1957 1368 2002 Gap.
1389 1977 1427 1981 —
1448 1956 1489 1991 L.
1523 1967 1557 1991 a.
1588 1967 1619 1992 s.
1652 1965 1699 1990 au

328 2003 526 2038 botaniste
558 2001 749 2048 Jacquin;
784 2002 997 2045 Grenoble,
1021 2003 1119 2045 1791,
1149 2005 1170 2038 2
1199 2012 1234 2047 p.
1257 2001 1352 2045 in-4,
1385 2000 1484 2036 beau
1514 2001 1652 2036 cachet
1682 2001 1704 2035 à

328 2058 389 2083 ses
409 2057 551 2083 armes.
1617 2048 1638 2081 5
1685 2058 1702 2078 »

368 2093 562 2124 Intéressante
586 2093 669 2123 lettre
686 2092 806 2123 relative
822 2100 879 2123 aux
908 2096 1007 2123 vertus
1038 2091 1191 2123 médicales
1218 2091 1254 2122 de
1286 2091 1540 2131 Ylpécacuanha,
1573 2095 1601 2122 et
1630 2092 1704 2123 dans

328 2133 453 2171 laquelle
469 2133 488 2163 il
507 2133 709 2163 recommande
725 2132 752 2162 le
767 2133 911 2163 chevalier
932 2132 1028 2170 Beyle.

240 2173 305 2209 203
327 2171 540 2207 Voltaire.
560 2171 604 2206 L.
625 2173 708 2206 aut.
730 2171 752 2205 à
769 2170 956 2206 l’éditeur
975 2171 1022 2206 de
1042 2181 1103 2206 ses
1122 2180 1291 2214 œuvres,
1320 2172 1330 2205 1
1358 2181 1394 2215 p.
1416 2169 1507 2204 in-8.
1527 2190 1565 2196 —
1585 2170 1702 2205 Rela¬

328 2218 425 2261 tive,
445 2227 494 2251 en
513 2215 657 2262 partie,
678 2216 700 2250 à
718 2225 779 2251 ses
799 2216 1106 2251 commentaires
1125 2226 1195 2251 sur
1213 2215 1427 2250 Corneille.
1451 2227 1467 2247 «
1483 2214 1523 2250 Si
1542 2215 1594 2250 M.
1610 2215 1703 2250 Phi¬

329 2262 453 2298 libert
471 2272 519 2296 ne
540 2260 616 2296 fait
634 2271 702 2311 pas
721 2271 895 2306 envoyer
914 2261 982 2296 des
1001 2260 1206 2306 imprimés
1225 2260 1316 2295 chez
1334 2260 1393 2295 les
1412 2260 1702 2305 souscripteurs

329 2307 560 2343 Cornéliens
579 2316 648 2351 qui
669 2305 777 2341 n’ont
796 2316 864 2351 pas
883 2307 980 2351 payé
996 2333 1005 2349 ,
1025 2308 1115 2341 tout
1135 2307 1195 2341 est
1213 2305 1353 2350 perdu.
1384 2304 1464 2340 Nos
1495 2304 1702 2350 seigneurs

331 2352 503 2400 français
530 2353 621 2387 sont
640 2350 677 2386 le
697 2351 896 2386 contraire
929 2350 997 2386 des
1016 2351 1181 2396 Anglais
1203 2362 1211 2386 :
1233 2350 1282 2386 ils
1311 2350 1558 2396 promettent
1586 2352 1627 2386 et
1654 2361 1702 2385 no

330 2397 516 2432 tiennent
535 2396 637 2431 rien.
658 2408 675 2428 »
1664 2397 1702 2429 10

242 2443 306 2478 204
329 2442 597 2484 Volterrano
616 2439 1159 2484 (Baldassar-Franceschini,
1180 2440 1239 2475 dit
1252 2440 1315 2475 LE
1334 2443 1356 2484 ),
1377 2439 1531 2474 célèbre
1546 2440 1702 2485 peintre

330 2487 378 2522 de
398 2486 543 2522 l’Ecole
556 2485 783 2528 florentine,
806 2496 857 2520 un
880 2486 947 2520 des
979 2485 1186 2520 meilleurs
1216 2485 1347 2520 élèves
1378 2484 1424 2518 de
1456 2485 1585 2520 Mateo
1605 2484 1702 2519 Ros-

332 2531 436 2567 selli.
457 2552 493 2556 —
514 2531 624 2579 Reçu
646 2532 727 2565 aut.
749 2531 823 2575 sig.
845 2531 879 2575 (à
897 2530 936 2565 la
954 2533 989 2566 3°
1009 2531 1138 2575 pers.),
1159 2540 1259 2575 pour
1272 2533 1442 2565 travaux
1456 2529 1502 2564 de
1517 2530 1701 2574 peinture

332 2576 426 2612 faits
446 2578 523 2611 aux
542 2577 697 2611 Monache
715 2576 752 2609 di
770 2577 1042 2614 Santa-Teresia,
1076 2577 1119 2610 30
1149 2585 1208 2610 av.
1245 2578 1340 2617 1649,
1376 2576 1437 2617 1/4
1467 2574 1513 2609 de
1544 2584 1580 2619 p.
1614 2574 1700 2609 in-f.

331 2622 420 2656 Belle
433 2623 534 2665 pièce.
1620 2621 1636 2653 4
1684 2630 1699 2650 »
