1841 2972
832 131 874 168 -
906 131 949 168 10
979 152 1022 159 -

222 230 259 262 71
290 229 524 265 Grèniieax
543 230 653 275 (Ad.),
676 230 850 265 membre
866 230 916 265 du
935 236 1252 276 gouvernement
1268 232 1489 277 provisoire
1504 232 1550 267 de
1569 234 1666 275 1848,

291 273 434 319 député
450 274 497 309 de
512 275 551 310 la
565 274 742 310 Seine.—
757 275 798 310 L.
816 286 849 309 a.
865 285 895 310 s.
909 275 931 309 à
944 275 1063 310 Flora
1075 275 1250 319 Tristan,
1270 279 1366 319 1840,
1381 279 1402 311 2
1416 287 1451 322 p.
1469 276 1560 312 in-8.
1585 279 1597 311 1
1626 280 1670 312 50

222 318 266 352 72
291 318 475 363 Crusius
496 319 702 365 (Magnus),
724 319 880 354 célébré
904 319 1087 355 ministre
1115 322 1340 365 protestant
1366 321 1519 363 danois,
1546 321 1664 372 pané¬

292 363 444 408 gyriste
464 363 510 398 de
531 364 992 409 Duplessis-Mornay.—
1014 364 1054 399 L.
1077 375 1112 399 a.
1133 375 1177 407 s.,
1199 376 1247 400 en
1269 366 1456 413 français,
1477 377 1526 401 au
1543 366 1668 412 juris¬

292 408 473 443 consulte
494 408 760 450 Milsonneau,
782 409 804 443 à
823 409 959 450 Par;s;
982 409 1222 452 Bramstedt,
1248 412 1344 452 1732,
1365 415 1386 447 3
1413 421 1449 455 p.
1483 410 1580 453 in-4,
1606 421 1669 445 ca¬

291 451 382 487 chet
402 452 423 486 à
442 463 503 488 ses
523 456 663 488 armes.
688 455 773 488 Belle
786 456 890 497 pièce.
1582 458 1603 491 3
1651 467 1668 486 »

223 498 267 531 73
290 498 450 541 Dacier
469 497 705 542 (Bon.-Jos.),
726 497 861 533 érudit
880 499 921 532 et
941 497 1154 533 helléniste
1176 498 1346 539 célèbre,
1368 498 1414 533 de
1436 498 1582 535 l’Acad.
1604 499 1669 542 t'r.,

293 541 341 575 né
362 541 383 575 à
402 541 614 587 Valognes.
636 562 677 568 —
700 543 738 577 L.
761 553 795 578 a.
817 553 847 577 s.
870 543 892 577 à
912 542 1165 588 Bréquigny;
1186 543 1315 586 Paris,
1331 546 1352 579 2
1366 542 1459 588 juin
1486 546 1618 586 1786,2
1632 554 1667 589 p.

294 585 390 621 in-4.
406 588 495 622 Belle
510 589 612 632 pièce.
1582 590 1603 623 6
1650 600 1667 620 »

333 631 352 660 Il
373 631 409 661 lui
427 635 540 670 envoie,
555 641 589 664 en
609 633 635 664 le
657 632 752 670 priant
769 632 804 663 de
822 633 864 663 les
880 633 1020 670 corriger,
1038 633 1114 663 deux
1136 632 1325 671 inscriptions
1345 633 1405 672 (qui
1435 637 1502 664 sont
1520 633 1625 671 jointes
1655 634 1670 664 à

294 669 319 699 la
352 671 457 707 lettre),
497 672 573 703 l’une
590 680 625 703 en
644 672 797 702 l'honneur
812 673 848 703 de
880 672 994 703 L.-Jos.
1018 672 1053 702 de
1077 672 1224 707 Bourbon,
1245 673 1344 710 prince
1362 673 1398 703 de
1422 672 1533 707 Condé,
1561 679 1617 710 que
1646 673 1670 702 la

295 709 489 749 municipalité
506 712 541 742 de
563 712 646 750 Dijon
664 714 731 741 veut
752 714 856 742 mettre
873 719 925 742 sur
943 712 968 741 la
988 711 1121 741 nouvelle
1140 714 1222 748 porte
1241 712 1275 741 de
1294 714 1368 742 celte
1385 712 1452 743 ville
1468 711 1572 750 qu’elle
1594 712 1672 742 vient

295 748 329 778 de
344 749 416 781 faire
428 751 608 789 construire;
627 751 728 781 l’autre
747 758 821 787 pour
840 751 934 782 servir
952 750 1119 789 d’épitaphe
1134 751 1149 780 à
1171 751 1196 779 la
1212 751 1309 781 tombe
1327 751 1362 781 de
1383 751 1480 782 Pierre
1506 751 1672 788 Combault,

292 792 392 819 avocat
424 798 459 819 au
486 790 661 825 Parlement,
685 801 696 815 »
729 789 809 820 élève
828 790 864 821 de
894 790 1000 824 Rollin,
1021 791 1076 819 ami
1097 791 1132 820 de
1150 788 1256 827 Collin,
1282 791 1377 820 émule
1393 791 1428 821 de
1455 790 1584 821 Santeuil
1598 803 1611 817 »
1652 784 1672 820 il

296 827 331 856 lui
352 829 480 866 apprend
502 829 613 861 ensuite
627 838 682 868 que
697 829 723 860 le
740 829 782 859 roi
801 829 876 860 vient
894 829 931 859 de
946 832 1044 868 porter
1054 829 1096 859 les
1107 829 1203 868 jetons
1219 829 1270 859 des
1283 830 1430 860 membres
1442 830 1478 860 de
1493 830 1671 860 l’Académie

298 866 349 897 des
366 867 555 907 Inscriptions
573 869 608 900 de
626 870 665 899 33
683 869 742 899 sols
754 870 783 899 et
800 869 875 899 demi
899 869 915 899 à
933 869 972 899 51
993 868 1061 899 sols.
1085 869 1106 898 11
1143 869 1264 899 termine
1296 877 1348 907 par
1376 877 1425 899 ces
1453 869 1603 900 nouvelles
1634 869 1671 900 du

297 907 401 943 procès
421 908 457 938 du
472 908 571 938 collier
588 921 594 938 :
615 919 628 933 ->
661 908 693 938 Je
722 916 757 939 ne
782 916 855 939 vous
886 908 966 946 parle
999 908 1079 946 point
1111 908 1147 938 du
1174 908 1322 946 jugement
1342 908 1379 938 du
1410 908 1539 939 cardinal
1559 917 1566 939 :
1600 916 1673 939 vous

294 953 380 976 savez
396 954 465 976 sans
478 947 564 978 doute
577 948 646 985 qu’il
660 951 703 978 est
716 947 801 979 blanc
813 955 925 978 comme
944 947 1025 985 neige
1037 960 1046 983 ;
1072 947 1188 977 Villette
1219 950 1263 978 est
1291 947 1377 978 banni
1406 951 1434 978 et
1460 948 1489 979 M
1492 955 1512 968 m
1516 953 1527 967 *
1564 949 1600 978 de
1632 950 1672 979 La

297 985 385 1015 Motte
402 987 580 1018 condamnée
593 988 609 1017 à
625 988 686 1017 être
705 987 841 1024 fouettée,
857 987 995 1024 marquée
1007 989 1033 1016 et
1048 986 1195 1017 enfermée
1216 994 1288 1024 pour
1300 987 1325 1017 le
1342 988 1419 1017 reste
1434 988 1469 1018 de
1487 995 1534 1017 ses
1545 987 1639 1025 jours.
1658 1000 1670 1015 »

295 1026 338 1053 Au
358 1025 411 1054 dos
428 1026 464 1055 de.
483 1027 508 1055 la
528 1027 610 1057 lettre
629 1030 674 1056 est.
690 1035 744 1058 une
763 1030 828 1058 note
845 1027 880 1057 de
899 1030 1001 1063 quatre
1020 1026 1110 1062 lignes
1126 1025 1321 1064 autographes
1342 1027 1377 1056 de
1398 1026 1571 1064 Bréquigny.

227 1063 269 1096 74
294 1064 507 1108 Damiron
527 1064 695 1109 (J.-Ph.),
716 1064 872 1101 célèbre
894 1064 1140 1109 philosophe,
1156 1064 1203 1098 de
1218 1063 1428 1107 l’Institut,
1444 1065 1492 1099 né
1508 1065 1530 1098 à
1546 1064 1674 1100 Belle-

294 1107 391 1142 ville
410 1108 588 1155 (Rhône).
609 1130 651 1135 —
670 1110 712 1145 L.
734 1121 767 1146 a.
790 1121 820 1146 s.
837 1111 886 1144 au
902 1111 1064 1144 National
1078 1121 1087 1150 ;
1103 1111 1146 1144 26
1160 1108 1244 1144 déc.
1265 1111 1360 1152 1842,
1376 1112 1397 1145 2
1411 1120 1447 1155 p.
1464 1109 1560 1144 in-8.
1587 1112 1608 1145 3
1656 1122 1672 1141 »

336 1154 559 1186 Très-curieuse
575 1155 668 1194 épitre
684 1155 802 1187 relative
817 1163 874 1185 aux
890 1154 1099 1198 suppressions
1118 1154 1187 1192 qu’il
1205 1157 1250 1184 est
1268 1155 1373 1185 accusé
1388 1154 1502 1186 d'avoir
1512 1154 1607 1190 faites,
1622 1162 1676 1192 par

298 1191 339 1221 les
355 1194 478 1225 conseils
496 1195 531 1224 de
551 1195 589 1226 M.
608 1196 728 1231 Cousin,
747 1196 820 1225 dans
839 1195 865 1224 la
886 1194 1058 1232 publication
1072 1194 1124 1224 des
1142 1193 1316 1224 manuscrits
1333 1194 1370 1224 de
1390 1193 1532 1230 Jouffrov,
1552 1197 1578 1224 et
1602 1194 1675 1224 dans

296 1230 339 1261 les
358 1233 480 1270 pensées
493 1234 529 1264 de
550 1234 661 1264 Pascal.

229 1271 272 1304 75
296 1271 558 1317 Dampierre
578 1272 705 1317 (Picot
724 1272 797 1318 de),
819 1273 939 1307 brave
969 1272 1133 1322 général
1160 1271 1207 1306 de
1234 1271 1273 1306 la
1304 1271 1573 1317 République,
1606 1272 1674 1307 tué

296 1314 443 1351 devant
451 1317 753 1353 Valenciennes.
766 1337 808 1343 —
820 1317 937 1352 Pièce
952 1327 1027 1362 sig.
1045 1329 1053 1360 ;
1070 1318 1198 1362 quart,
1217 1315 1379 1361 général
1395 1316 1674 1359 deBouchain,

300 1361 337 1394 13
357 1360 457 1396 avril
483 1364 577 1405 1793,
602 1364 613 1396 1
633 1373 668 1408 p.
691 1362 780 1397 in-f.
802 1362 863 1398 Un
885 1371 959 1406 peu
976 1361 1169 1406 fatiguée.
1194 1364 1293 1396 Rare.
1587 1364 1608 1396 3
1656 1374 1672 1392 »

229 1405 271 1437 76
295 1405 473 1448 Danton
501 1406 712 1452 (Georges),
744 1407 781 1442 le
811 1405 966 1442 célèbre
997 1405 1321 1441 conventionnel.
1354 1425 1398 1430 —
1424 1405 1536 1440 Belle
1567 1405 1675 1451 pièce

295 1448 370 1499 sig.
392 1450 438 1485 de
459 1451 530 1493 lui,
553 1451 621 1487 Ch.
643 1451 867 1494 Delacroix,
889 1450 1031 1486 Camus
1051 1453 1093 1486 et
1112 1450 1298 1493 Gossuin,
1319 1460 1470 1485 comme
1492 1450 1675 1486 commis¬

296 1503 420 1530 saires
441 1495 487 1530 de
508 1496 547 1531 la
566 1497 813 1532 Convention
833 1495 856 1531 à
874 1495 1033 1530 l’armée
1055 1495 1102 1530 de
1122 1495 1337 1541 Belgique;
1358 1494 1496 1539 Liège,
1515 1496 1548 1529 11
1562 1494 1673 1540 janv.

301 1540 395 1582 1793,
420 1541 480 1584 1/2
499 1551 535 1586 p.
557 1540 649 1576 in-4.
1566 1542 1609 1575 25
1657 1553 1673 1571 »

339 1584 392 1615 Les
409 1587 504 1623 pièces
520 1587 637 1624 signées
652 1587 687 1617 de
705 1588 817 1617 Danton
843 1588 909 1616 sont
937 1585 1108 1621 très-rares,
1131 1587 1245 1615 surtout
1274 1592 1387 1616 comme
1412 1584 1613 1616 commissaire,
1641 1593 1675 1616 en

301 1621 448 1663 Belgique.

229 1663 272 1697 77
296 1663 442 1708 David
461 1663 675 1709 (Jacq.-L.),
698 1664 733 1699 le
756 1663 880 1709 grand
904 1663 1059 1708 peintre
1080 1662 1302 1698 d’histoire.
1323 1683 1366 1688 —
1386 1662 1428 1697 L.
1452 1673 1497 1705 s.,
1513 1674 1606 1698 avec
1623 1673 1676 1698 un

298 1709 539 1753 post-script,
561 1708 608 1742 de
628 1711 649 1743 2
668 1708 739 1754 lig.
761 1710 917 1754 autog.;
938 1710 981 1743 20
1000 1718 1088 1743 nov.
1123 1710 1217 1751 1792,
1252 1710 1262 1742 1
1299 1718 1336 1753 p.
1370 1707 1457 1742 in-f.
1491 1708 1675 1753 Coupure

298 1751 395 1787 dans
432 1753 471 1788 la
507 1763 642 1798 marge
691 1754 939 1789 entamment
975 1753 1169 1798 quelques
1197 1754 1318 1796 mots,
1352 1751 1492 1787 faciles
1521 1753 1543 1787 à
1570 1752 1676 1789 réta¬

302 1796 392 1832 blir.
1591 1800 1612 1832 8
1660 1810 1677 1830 »

339 1843 436 1881 Epitre
453 1842 670 1877 très-curieuse,
687 1843 714 1873 le
729 1843 866 1881 peignant
883 1845 946 1873 tout
962 1843 1063 1873 entier.
1085 1842 1201 1880 Chargé
1220 1850 1272 1881 par
1290 1850 1328 1873 un
1353 1841 1487 1872 ministre
1512 1842 1680 1874 d’exécuter

301 1889 338 1912 un
357 1883 471 1914 tableau
490 1891 542 1913 sur
560 1883 612 1913 des
630 1883 745 1913 dessins
759 1882 846 1920 qu’on
864 1881 902 1912 lui
922 1890 938 1912 a
955 1882 1077 1915 fournis,
1094 1882 1112 1911 il
1131 1882 1253 1920 critique
1275 1890 1347 1912 avec
1375 1883 1453 1912 toute
1483 1881 1509 1912 la
1534 1883 1680 1914 franchise

300 1921 368 1951 d'un
387 1922 564 1961 républicain
580 1922 693 1957 artiste,
711 1929 759 1952 ces
772 1922 897 1957 dessins,
918 1921 965 1959 qui
981 1924 1048 1952 sont
1063 1922 1177 1958 confus,
1197 1921 1347 1960 mesquins
1368 1923 1396 1951 et
1413 1929 1484 1952 sans
1502 1923 1581 1960 goût,
1607 1925 1636 1953 et
1659 1923 1677 1953 il

300 1960 395 1999 ajoute
414 1971 421 1992 :
444 1973 456 1988 «
473 1962 513 1992 Ce
532 1961 579 2000 qui
595 1961 763 1992 m'autorise
779 1961 912 1992 d'autant
931 1961 995 1999 plus
1013 1961 1030 1991 à
1045 1961 1071 1991 le
1088 1963 1206 1992 trouver
1230 1961 1315 1998 ainsi,
1332 1960 1404 1992 c’est
1423 1960 1529 1992 l’étude
1554 1962 1606 1992 des
1626 1969 1678 1992 an¬

301 2000 390 2038 ciens,
405 2001 477 2032 c'est
495 2004 568 2032 cette
586 2001 660 2031 belle
678 2001 830 2038 simplicité
848 2000 934 2038 qu’ils
949 2003 998 2031 ont
1016 2001 1087 2031 mise
1105 2001 1178 2032 dans
1196 2001 1275 2031 leurs
1291 2008 1449 2038 ouvrages,
1465 2003 1512 2039 qui
1532 2001 1591 2032 doit
1603 2009 1680 2032 nous

303 2041 397 2070 servir
410 2042 445 2071 de
465 2041 550 2080 guide
570 2043 599 2071 et
617 2041 651 2071 de
666 2041 793 2077 modèle;
807 2048 869 2078 car,
889 2048 924 2070 en
938 2040 1000 2071 cela
1017 2047 1131 2071 comme
1149 2049 1184 2071 en
1208 2040 1322 2077 liberté,
1351 2040 1386 2070 ils
1406 2043 1472 2070 sont
1499 2048 1554 2071 nos
1572 2041 1680 2079 grands

301 2081 431 2112 maîtres.
453 2093 466 2107 »

235 2120 277 2152 78
301 2120 434 2163 Davy
468 2119 632 2164 (Marié),
669 2119 810 2154 savant
847 2117 1052 2163 physicien
1091 2120 1132 2153 et
1163 2127 1390 2153 astronome
1422 2117 1469 2153 de
1506 2118 1678 2154 l’Obser¬

303 2164 455 2199 vatoire
477 2164 523 2199 de
545 2164 673 2199 Paris.
693 2183 735 2189 —
755 2163 798 2198 L.
819 2174 853 2198 a.
875 2155 919 2206 s.',
944 2164 1040 2205 1859,
1061 2165 1082 2198 3
1102 2173 1137 2209 p.
1162 2165 1174 2197 1
1186 2165 1224 2207 /2
1244 2162 1340 2197 in-8.
1591 2166 1612 2199 2
1636 2167 1679 2199 50

344 2210 440 2240 Lettre
454 2210 722 2241 très-intéressante
739 2209 860 2239 relative
873 2209 890 2238 à
906 2207 1091 2239 l’électricité.

236 2249 279 2283 79
302 2249 366 2282 De
384 2249 482 2293 Bay
502 2248 638 2293 (Jean),
659 2248 813 2283 célèbre
832 2247 1041 2289 statuaire,
1065 2247 1112 2281 né
1132 2247 1154 2281 à
1172 2246 1337 2282 Nantes.
1359 2266 1401 2272 —
1427 2246 1471 2282 L.
1501 2258 1536 2283 a.
1566 2257 1597 2283 s.
1630 2259 1679 2283 au

304 2293 512 2338 sculpteur
531 2293 717 2336 Dumont,
741 2294 837 2335 1846,
862 2295 873 2327 1
899 2303 934 2338 p.
957 2292 1050 2326 in-8.
1594 2295 1615 2328 2
1640 2296 1683 2328 50

346 2339 475 2369 Relative
491 2339 507 2368 à
526 2347 556 2368 sa
576 2341 671 2369 statue
686 2339 720 2368 de
742 2338 938 2373 Cambronnc,
959 2336 1088 2367 destinée
1100 2337 1117 2366 à
1135 2336 1162 2366 la
1180 2337 1245 2367 ville
1260 2337 1295 2367 de
1308 2338 1428 2367 Nantes.

238 2378 281 2412 80
304 2378 488 2422 Déjazet
506 2377 557 2422 (M
561 2377 596 2399 lle
599 2377 622 2422 ),
644 2377 683 2411 la
708 2375 863 2411 célèbre
890 2376 1052 2411 actrice.
1082 2395 1124 2400 —
1155 2374 1198 2409 L.
1231 2386 1265 2411 a.
1297 2386 1342 2419 s.,
1375 2378 1386 2410 1
1421 2385 1456 2420 p.
1490 2377 1552 2419 1/2
1588 2376 1681 2419 in-8,

306 2422 444 2467 papier
462 2422 484 2456 à
502 2432 572 2457 son
594 2421 747 2457 chiffre.
767 2423 850 2455 Jolie
864 2423 968 2465 pièce.
1592 2422 1613 2456 2
1661 2433 1678 2453 »

238 2468 276 2501 81
304 2467 540 2511 Delacroix
564 2466 704 2512 (Eug.),
731 2465 885 2501 célèbre
912 2465 1067 2511 peintre
1095 2464 1316 2508 d’histoire,
1347 2464 1440 2499 chef
1467 2464 1514 2499 de
1546 2464 1683 2500 l’école

307 2511 573 2557 romantique.
594 2531 637 2537 —
653 2510 697 2546 L.
720 2522 754 2546 a.
776 2521 821 2555 s.;
842 2510 971 2553 Paris,
990 2513 1011 2545 7
1026 2509 1138 2555 janv.
1160 2511 1257 2552 1857,
1276 2512 1298 2546 2
1317 2520 1353 2555 p.
1374 2509 1471 2544 in-8.
1596 2512 1617 2545 3
1665 2522 1681 2541 »

347 2559 486 2588 Curieuse
501 2558 593 2596 épitre
616 2558 688 2588 dans
704 2557 827 2595 laquelle
845 2556 864 2586 il
880 2557 999 2587 sollicite
1018 2556 1060 2586 les
1078 2554 1221 2593 suffrages
1245 2555 1314 2587 d’un
1336 2555 1467 2586 membre
1488 2555 1524 2586 de
1551 2554 1683 2586 l’Acadé¬

309 2597 365 2628 mie
380 2597 431 2628 des
450 2597 631 2630 Beaux-Arts
648 2604 721 2636 pour
737 2604 769 2627 sa
785 2595 973 2627 candidature
989 2596 1005 2626 à
1022 2595 1170 2626 l’Institut.
