3191 5214
1460 33 353 88 — 19 —

495 217 2618 134 poète, membre de l’Académie française. — L. a. s. à un

499 312 2611 129 confrère; Paris, 3 novembre 1879, 2 p. in-16. 8 »

468 480 2649 115 Jolie lettre à un écrivain qui trouve de la difficulté à faire imprimer son

405 550 2710 113 premier ouvrage. «C’est toujours le cercle vicieux: il faut être imprimé

404 617 2711 115 pour être connu, mais on exige que l'auteur soit connu pour l'imprimer.»

139 789 2974 136 43606. TAUNAY (Nicolas-Antoine), célèbre peintre de paysages,

502 885 2612 126 qui fit un long séjour au Brésil. — P. a. s.; Paris, 24 plu¬

499 975 2614 126 viôse an II, 1 p. in-4. 10 »

139 1131 2968 134 43607. THOMAS (Ambroise), le célèbre compositeur de musique.

500 1226 2604 125 — L. a. s., 2 p. 1/2 in-8. 4 »

135 1392 2971 133 43608. TARTAS (Emile), général, qui prit part à la répression du

494 1486 2599 131 mouvement républicain, après le 2 décembre 1851, député,

494 1576 2607 127 né à Mézin, (Lot-et-Garonne). — P. a. s., 1 p. in-folio. 5 »

471 1736 1688 77 Proclamation aux électeurs du Lot-et-Garonne.

130 1890 2970 127 43609. VARNHAGEN D’ENSE (Charles-Auguste), célèbre écrivain

493 1987 2608 116 allemand. — L. a. s. à HENRI HEINE; Berlin, 6 novembre

492 2077 2608 122 1843, 1 p. in-8. 10 »

466 2233 2638 85 Jolie lettre où il salue son arrivée sur la terre allemande. «Gruss und Heil

402 2299 2699 98 Ihnen aũf Deustschem Boden! Willkommen, tausendmal Willkommen!»

399 2367 2704 100 Il lui donne ensuite des nouvelles de sa santé, qui est mauvaise et qui

398 2434 1361 86 l’empêche d’aller le voir à Hambourg.

123 2590 2984 128 43610. VENDOME (Charles de BOURBON, duc de), grand-père de

486 2685 2622 123 Henri IV. — P. s., sur vélin; 31 décembre 1518, 1 p. in-4

485 2775 2618 119 oblong. <i>Rare</i>. 25 »

461 2931 2640 101 Reçu de ses appointements de capitaine de 70 lances des ordonnances du

394 2999 122 54 roi.

119 3152 2982 128 43611. VENDOME (Philippe, prince de), célèbre général, grand-

478 3250 2616 122 prieur de France, tristement fameux par ses débauches.

563 3421 2529 119 1° L. aut. à son frère (l’illustre guerrier); camp du

476 3510 1767 113 Diblon, 29 septembre 1694, 2 p. 1/4 in-4.

447 3677 2643 102 Très belle lettre où il le félicite de la grâce que le Roi vient de lui faire

379 3743 2707 104 en l’appelant au commandement d’une armée. Piquants détails à ce sujet.

562 3895 2524 122 2° L. a. s. au même; Paris, 20 mars 1702, 5 p. in-4.

473 3986 679 99 Légères taches.

443 4152 2642 106 SUPERBE LETTRE, où il exprime le désir de servir sous ses ordres. Il

372 4220 2710 103 parle longuement de sa mauvaise fortune. Le duc du Maine lui a promis

373 4290 2708 109 son appui «pour tascher d’adoucyr un peu l’esprit du Roy sur mon cha¬

367 4357 2716 102 pitre, afin que lorsque je lui parleray, je puisse me flatter qu’il écoutera

369 4425 2708 102 mes justifications ou, pour mieux dire, mes raisons. S’yl les trouve bonnes,

362 4492 2718 104 je me suis déjà expliqué qu’il estoit le maistre de se servir de qui bon luy

368 4559 2713 104 sembloit et que je ne lui demandois que de me rendre l’honneur de son

366 4628 2711 106 estime et de son amitié, que je croiois mériter plus qu’aucun de ses sujets

364 4695 2714 107 par mes services et ma fidélité et mon affection pour sa personne...» —

364 4764 2714 107 (Philippe de Vendôme fut employé, mais il fut disgracié de nouveau en

364 4834 1227 87 1705, après la bataille de Cassano.)

529 4986 2562 117 Les deux pièces 45 »
