3228 5353
1434 109 374 77 — 22 —

128 272 2962 162 43626. MUSÉUM D’HISTOIRE NATURELLE. — L. a. s. de Faujas

487 376 2597 154 de Saint-Fond; Jardin du Roi, le 15 juillet 1788, 2 p. in-4.

2917 518 166 79 4 »

462 592 2624 121 Il demande, d’accord avec M. Thouïn, qu’on maintienne au Jardin des

394 661 1675 92 plantes le réglement élaboré par M. de Buffon.

119 776 2968 140 43627. PARIS. — P. s., sur vélin, par Pierre Thévenot et P. Lemais¬

480 874 2603 133 tre, entrepreneurs des bâtiments du roi; Paris, 4 septem¬

481 960 2599 138 bre 1671, 1 p. in-4. 4 »

458 1086 2624 121 Reçu de la somme de 1000 livres à-compte sur les ouvrages de maçonne¬

385 1153 2500 101 rie qu'ils font pour la construction du quai le long du Cours la Reine.

116 1266 2970 135 43628. TERRE-NEUVE (île de). — P. s. par Louis XIV (secrétaire

477 1362 2607 127 de la main); Versailles, 15 mars 1696, 1 p. in-4 oblong.

2871 1483 210 78 10 »

453 1575 2633 106 Brevet accordé au sieur de Belorme, habitant de la petite Grave dans l’île

385 1645 2701 102 de Terre-Neuve pour lui conserver la jouissance d’un terrain sur lequel il

386 1711 1562 68 a fait bâtir dans le fort Louis de Plaisance.

114 1806 2970 144 43629. VENDÉE (Département de la). — 1° L. a. s. de P.-R. M.,

472 1915 2615 118 COMTE DE VAUGIRAUD, célèbre marin, né aux Sables

479 2010 2608 119 d’Olonnes; les Sables, 21 octobre 1790, 4 p. in-4. Belle

470 2100 2616 120 lettre. — 2° Brevet d’une pension de 1.200 livres accordée

472 2192 2613 117 par Louis XVI à Vaugiraud, pièce signée, sur vélin, par le

471 2284 2618 114 secrétaire de la main; Versailles, 27 février 1786, 1 p. in-

471 2376 2613 113 folio oblong. 10 »

448 2496 2643 93 Ce document constate que Pierre-René-Marie de Vaugiraud de Rosnay est

379 2562 2710 95 né aux Sables d’Olonne le 27 décembre 1741 et a été baptisé le 30 du même

382 2636 191 56 mois.

110 2731 2980 142 43630. VENDÉE. — P. s. par les représentants BO et BOURBOTTE;

473 2838 2620 115 Nantes, 17 prairial an II, 3 p. 1/2 in-4, tête et vignette

473 2930 2619 116 imprimées, cachet. 15 »

451 3053 2644 93 Intéressant document, qui organise la justice militaire sur les territoires

380 3120 2717 99 occupés par l’armée de l’Ouest. Le document indique les divisions sou¬

380 3194 1612 84 mises à chaque tribunal et le nom des juges.

111 3299 2986 140 43631. VENDÉE. — P. s. par le général Beaupuy; quartier général

475 3406 2617 118 de Valet, 12 germinal an III, 1 p. 1/2 in-folio. 12 »

446 3528 2647 98 Ordre de marche adressé à Savary. L’armée marchera sur deux colonnes,

372 3595 2723 103 dont l'une, commandée par Savary se portera, par Jetté, sur la Chapelle-

376 3663 2720 103 du-Genet; l’autre commandée par Beaupuy se portera à Saint-Mecker par

338 3749 360 70 Montigny.

107 3848 2993 109 43632. VOLTAIRE (document sur). — L. s. de E. LEGOUVÉ et

472 3939 2626 118 E. HAVIN au MARÉCHAL VAILLANT, ministre des Beaux-

475 4031 2622 124 Arts; Paris, 27 décembre 1867, 1 p. 1/2 in-4. — 2° Note

469 4122 2629 123 manuscrite émanant du ministère des Beaux-Arts; 14 jan¬

472 4209 2622 134 vier 1868, 2 p. 1/2 in-folio. 20 »

447 4335 2650 109 CURIEUX DOCUMENTS. MM. Havin et Legouvé demandent, pour ériger une

375 4403 2724 112 statue de Voltaire, l’espace compris entre le pont des Arts et l’Institut. Les

371 4472 2728 111 fonds pour l’érection de cette statue avaient été réunis par une souscrip¬

375 4540 2727 111 tion à 0.25 organisée par le journal le <i>Siècle,</i> et à laquelle 202.500 personnes

373 4608 2729 111 avaient adhéré. — La note du ministère des Beaux-Arts combat le projet,

373 4676 2731 115 pour plusieurs raisons. Les places publiques doivent être réservées aux

375 4742 2730 112 monuments dédiés à des souverains, mais si l’on veut traiter Voltaire en

378 4811 2726 112 souverain, puisque dans un certain monde on lui a donné le titre de <i>Roi,</i>

380 4878 2728 115 l'emplacement demandé est-il bien choisi. L’érection d’un semblable

379 4947 2727 124 monument pourrait froisser l'Institut. «Voltaire n’est pas un de ces hom¬

375 5012 2732 131 mes devant lesquels tous les citoyens s'inclinent avec respect.....; son nom

381 5079 2729 135 appelle la dispute; ses doctrines et ses principes sont le sujet des contro¬

379 5167 1771 105 verses les plus douloureuses.» Piquants détails.
