3207 5264
1376 70 390 84 — 20 —

78 243 3000 150 43612. VERGNES (Jacques-Paul), général de la République, qui

441 339 2635 134 servit en Vendée, né à Tonneins (Lot-et-Garonne). —

441 427 2642 141 P. s.; Rennes, 25 pluviôse an II (13 février 1793), 7 p. 1/2

440 523 2638 115 in-folio. 15 »

415 682 2665 111 Très curieux document où il proteste contre son arrestation, ordonnée

348 749 2731 115 par Guimberteau. Il s’efforce de dissiper les griefs que les représentants du

343 818 2735 116 peuple ont contre lui et dont le principal était qu’il n’avait pas voulu

349 885 2731 117 secourir le général Tribout. Il fait appel aux témoignages des généraux

347 973 1393 97 Kleber, Rossignol, etc. Curieux détails.

76 1097 3002 136 43613. VERLAINE (Paul), célèbre poète. — L. a. s. P. V. à son édi¬

441 1191 2636 130 teur; jeudi, 21, 1 p. in-8. 3 »

422 1348 2659 109 Il lui propose deux biographies. «Que diriez-vous d’un Mendès, chouette

352 1451 568 76 aux pommes?»

87 1555 2997 132 43614. VICTOR-EMMANUEL Ier roi de Sardaigne. — L. a. s. à son

447 1645 2634 127 père (Victor-Amédée III); Pignerol, 20 mai 1794, 7 p. in-4.

2861 1737 217 72 40 »

421 1896 2663 105 IMPORTANTE LETTRE où il lui expose le projet qu’il a conçu d’attaquer les

359 1965 2725 103 Français. Très intéressants détails à ce sujet. «D’ailleur il n’y a pas moïen

355 2034 2728 104 d’avoir ni espion, ni guides, parce que les abitants de ce pais craignent ou

353 2125 961 82 aiment trop les François.»

85 2239 2996 128 43616. WICQUEFORT (Joachim de), diplomate et érudit hollandais,

450 2333 2636 118 né à Amsterdam. — 8 l. a. s., en français, à Stella; Amster¬

451 2423 2632 124 dam, juin-novembre 1639, 17 p. in-folio, cachets. 40 »

432 2578 2656 105 Très intéressante correspondance par laquelle il tient son ami Stella au

363 2649 2722 105 courant de ce qui se passait d’important dans les Pays-Bas et en Allemagne.

366 2717 2723 107 Il parle des opérations militaires du prince d’Orange, du duc Bernard de

366 2785 2723 104 Saxe-Weimar, d'une victoire navale remportée par l’amiral Tromp, de

367 2883 523 74 Jansénius, etc.

95 2992 2996 129 43616. ZOLA (Emile), le célèbre romancier. — L. a. s., 1 p. 1/2 in-8.

458 3082 2636 130 <i>Jolie pièce</i>. 6 »

1194 3579 825 106 DOCUMENTS

105 3834 2996 137 43617. AGEN. — P. s. avec 6 lignes aut. du conventionnel PAGANEL,

472 3938 2632 132 1 p. 1/2 in-folio. 5 »

447 4084 2660 120 Liste nominative du tribunal du district d’Agen, de la municipalité et du

379 4162 2730 111 conseil général, avec des observations sur quelques-uns de ces fonction¬

382 4245 1147 82 naires. Curieux document local.

110 4367 2997 140 43618. BORDEAUX. — Pièce sur vélin; Paris, 1er mai 1586,1 p. gr.

475 4462 2635 112 in-folio. 8 »

454 4620 2662 117 Lettres patentes de Henri III. Provisions de la charge de maire perpétuel

387 4687 2444 119 de Bordeaux pour Louis de la Chastre, depuis maréchal de France.

121 4817 3001 149 43619. COMMUNE DE 1871. — P. a. s. de CLUSERET, ministre de la

486 4917 2625 140 guerre; (avril 1871), 1/2 p. in-8. 12 »

460 5075 2340 128 Il donne l’ordre de barricader les ponts de Neuilly et d’Asnières.
