3215 5412
1466 95 319 79 — 5 —

472 281 2665 126 bataille d’Iéna en 1806. — 8 l. a., en français dont 7 signées,

471 376 2663 123 au célèbre diplomate anglais William Hamilton; 1766 à

470 472 2661 121 1769, 42 p. in-4 ou in-8, enveloppes et cachets. 100 »

447 633 2690 86 IMPORTANT DOSSIER. Toutes ces lettres ont été écrites avant l’avènement

379 702 2753 100 du prince. Elles donnent d’intéressants détails sur ses voyages à Naples et

379 772 2755 100 à Paris. On y trouve des anecdotes curieuses sur de grands personnages,

377 843 2753 102 une piquante appréciation sur les femmes en général, etc. Le duc parle de

378 913 2752 96 vases étrusques et demande qu’Hamilton lui envoie tout ce qui paraîtra de

378 984 2750 90 beau en musique. — Dans une lettre datée de Brunswick, le 20 avril 1769,

380 1052 2752 95 il fait le portrait du roi de Danemark qui est venu dans cette ville. «Il est

380 1120 2747 96 de la taille comme celui de Naples l’étoit lorsque je l’ai vu. Il a beaucoup

381 1191 2746 93 d’esprit. L’on ne peut être plus poli qu’il l'est, et il est beaucoup plus porté

380 1263 2745 91 pour l'Angleterre que pour la France, pourquoi il a gagné une grande

379 1331 570 76 popularité ici.»

107 1471 3014 110 43478. BULOZ (François), le fondateur de la <i>Revue des Deux-Mondes</i>,

473 1564 2646 109 directeur du Théâtre français. — 13 l. a. à M. de Forcade,

471 1656 2644 109 30 p. in-8. 10 »

447 1803 2671 72 Intéressantes lettres toutes relatives à la collaboration de M. de Forcade

376 1873 1008 64 à la <i>Revue des Deux-Mondes</i>.

105 2009 3009 113 43479. BYRON (Noël), l’illustre poète anglais. — L. a. s. à Henry

468 2106 2646 106 Webster; Venise, 28 mars 1818, 2 p. in-4. Coupée dans le

472 2198 2641 106 bas du premier feuillet, de sorte qu’il manque deux lignes

472 2290 2637 86 au verso et au recto. <i>Très rare</i>. 40 »

446 2435 2667 85 Intéressante lettre relative à des peintures dont il se charge de faire exécuter

375 2506 2644 83 des copies. Il le prie de le rappeler au souvenir de ses amis d’Angleterre.

103 2637 3011 111 43480. CAGLIOSTRO (Giuseppe BALSAMO, dit), le fameux aventu¬

467 2736 2645 105 rier. — L. a. à sa femme; 4 février, 2 p. in-4. <i>Très rare</i>.

2841 2839 269 70 100 »

442 2971 2673 88 Curieuse lettre intime, où il rend grâces aux amis qui prennent part à

373 3045 2739 81 leurs intèrêts communs. «Il faut leur dire que nous ne sommes pas des

373 3111 1410 81 capucins.» Témoignages de tendresse.

107 3241 2999 114 43481. CAILLEBOTTE (Gustave), peintre, un des chefs de l’école

463 3339 2645 108 impressionniste. — L. a. s. à un critique d’art; 17 avril

467 3433 2637 107 1879, 3 p. in-8. 5 »

441 3579 2318 85 Il le remercie d’avoir pris la défense de l’école impressionniste.

108 3711 2993 128 43482. CAROLINE D’AUTRICHE, reine de Naples, sœur de Marie-

464 3804 2637 113 Antoinette, épouse de Ferdinand IV, fameuse par sa cruauté

465 3898 2636 109 et par la faveur qu’elle accorda à Acton et à lady Hamil¬

463 3988 2639 110 ton. — L. a. s., en français, à une amie; Palerme, 23 avril

467 4080 2629 112 1809, 2 p. in-4. 100 »

439 4237 2662 91 SUPERBE LETTRE, où elle se plaint de sa malheureuse situation, «ne

369 4306 2733 89 pouvant, ni ayant l’authorité de faire le bien et portant injustement sur

371 4372 2727 98 mes épaules tout le blâme du mal». Le duc d’Orléans (Louis-Philippe) a

367 4441 2731 92 passé quelque temps avec elle à Palerme et il est parti pour Cagliari. Elle

370 4511 2732 90 voudrait voir le général Stuart, car le moment est décisif et on peut

368 4580 2398 88 espérer que tout changera en bien, sans quoi l’Europe est perdue.

101 4707 2999 123 43483. CASELLI (Giovanni), physicien italien, inventeur d’un télé¬

459 4805 2637 116 graphe électrique, adopté en France en 1865. — P. a. s.;

458 4894 2634 115 Paris, 24 mars 1860, 1 p. in-12. 6 »

436 5049 2660 110 Souvenir adressé à l’abbé Moigno et reproduit par l’appareil de Caselli,

369 5126 2031 88 qui donnait en quelque sorte un fac-simile de l’écriture.

2822 5270 25 51 1
