1856 2851
832 392 873 398 —
894 377 914 408 9
937 393 972 399 -

361 442 415 473 48.
442 429 1101 478 CHARENTE-INFÉRIEURE.
1120 447 1158 478 28
1180 448 1287 488 pièces,
1317 459 1367 482 sur
1390 461 1443 494 pa¬

402 482 466 524 pier
478 492 514 515 ou
531 493 582 515 sur
595 482 687 523 vélin,
706 483 833 515 formant
850 483 877 514 la
893 483 996 515 valeur
1012 484 1084 517 d’un
1099 487 1218 521 volume
1235 490 1358 523 in-folio.

444 532 573 563 Dossier
590 533 795 569 intéressant,
813 535 1022 571 comprenant
1040 544 1046 564 :
1066 544 1127 564 une
1145 537 1255 568 charte
1272 549 1329 570 sur
1344 541 1442 578 vélin,

403 569 540 599 relative
556 571 575 599 à
590 571 621 599 la
636 570 801 605 Rochelle,
819 569 856 599 de
876 572 953 605 1424,
971 578 1018 604 gr.
1037 571 1107 600 in-f.
1117 582 1124 607 ;
1147 576 1240 604 autre
1261 577 1372 607 charte
1388 588 1445 608 sur

401 606 490 635 vélin
515 609 712 637 concernant
735 607 949 637 Notre-Dame
967 609 1023 636 des
1046 607 1157 636 Halles
1181 609 1220 638 de
1243 611 1445 644 Saint-Jean-

402 641 571 681 d’Angély,
605 646 681 679 1474,
712 646 729 673 2
758 652 786 678 p.
819 643 900 679 in-f.;
932 645 948 672 4
977 642 1083 680 pièces
1112 653 1168 672 sur
1193 647 1292 683 vélin,
1318 650 1343 678 si
1350 659 1379 687 g.
1405 652 1443 680 de

401 678 499 707 Louis
516 673 606 714 NlII,
625 679 733 709 datées
750 681 792 709 du
809 689 885 717 camp
901 680 998 708 devant
1013 679 1040 707 la
1054 680 1174 708 Rochelle
1194 684 1227 710 et
1247 683 1289 712 du
1305 693 1381 722 camp
1396 689 1443 715 de¬

400 716 466 743 vant
479 716 536 751 Roy
537 724 583 748 an,
604 718 671 745 1622
686 718 719 745 et
737 718 819 752 1628;
829 732 864 737 —
874 718 909 746 22
926 715 1030 752 pièces
1047 724 1094 753 gr.
1113 715 1195 751 in-f.,
1214 718 1289 746 dont
1308 728 1371 748 une
1387 732 1445 751 sur

401 750 500 786 vélin,
512 751 665 781 relatives
674 762 738 781 aux
750 751 992 781 communautés
1003 750 1059 781 des
1071 751 1252 789 Ursulines,
1263 754 1318 784 des
1330 756 1444 787 Dames

396 786 624 824 hospitalières
643 787 682 817 de
703 789 735 818 la
755 788 887 818 Charité
901 791 934 817 et
949 787 1005 816 des
1020 788 1145 818 urètres
1161 789 1200 819 do
1216 790 1387 823 l’Oratoire
1404 794 1442 823 de

400 825 426 851 la
452 825 586 859 Rochelle;
613 833 676 854 aux
701 825 944 854 communautés
965 824 1003 852 de
1019 823 1243 862 Notre-Dame,
1261 827 1299 856 de
1316 830 1443 860 Sainte-

401 860 518 896 Claire,
531 860 586 890 des
598 861 788 892 Carmélites
801 864 833 891 et
846 862 899 891 des
912 861 1011 891 Filles
1024 861 1063 890 de
1075 861 1107 891 la
1117 862 1248 893 Charité
1264 864 1302 893 de
1320 867 1442 901 Saintes;

400 899 433 926 et
459 897 476 925 à
500 898 531 927 la
554 899 782 928 communauté
807 898 861 929 des
886 898 1283 938 Nouvelles-Catholiques
1300 900 1338 930 de
1354 904 1423 931 Pons
1435 914 1443 932 :

402 934 668 965 dénombrement
693 936 748 964 des
773 936 864 966 biens
890 936 928 965 de
953 944 1004 964 ces
1030 936 1172 966 diverses
1189 940 1443 977 communautés,

401 970 530 1000 revêtus
547 971 602 999 des
618 971 805 1008 signatures
821 972 875 1002 des
891 972 1107 1010 supérieures.

360 1020 412 1053 49.
441 1021 697 1052 CHARLES
717 1022 810 1059 Ail,
829 1022 871 1054 roi
889 1022 927 1054 de
939 1022 1061 1055 France.

442 1069 476 1099 L.
504 1080 540 1106 s.,
567 1078 623 1099 sur
649 1070 769 1109 papier,
796 1079 835 1099 au
863 1071 1018 1100 trésorier
1034 1072 1071 1100 de
1088 1072 1265 1108 Toulouse;
1287 1074 1443 1113 Bourges,

404 1109 413 1135 1
418 1112 441 1125 er
452 1106 539 1144 juin,
559 1109 603 1143 1/2
620 1116 648 1144 p.
666 1109 730 1145 pet.
747 1107 822 1143 in-4,
839 1107 956 1146 fragm.
969 1107 1007 1137 de
1024 1108 1146 1138 cachet.
1163 1109 1287 1139 Tachée
1304 1109 1405 1141 d’eaii.

455 1153 531 1179 Ordre
546 1154 575 1178 de
590 1153 649 1179 faire
663 1156 742 1186 porter
757 1154 799 1179 des
814 1154 895 1180 lettres
906 1161 953 1180 aux
968 1155 1101 1181 sénéchaux
1117 1156 1145 1181 de
1161 1156 1301 1189 Languedoc
1311 1159 1333 1182 et
1346 1158 1375 1183 de
1391 1159 1443 1191 plu¬

423 1185 500 1210 sieurs
515 1185 580 1210 villes
596 1186 627 1210 du
643 1188 719 1211 même
734 1193 802 1218 pays.

359 1230 413 1262 50.
440 1230 678 1263 CHARTE.
705 1234 806 1263 Ordre
836 1235 878 1265 du
909 1236 958 1265 fils
989 1234 1077 1272 aîné,
1109 1238 1292 1268 lieutenant
1321 1239 1363 1268 du
1395 1242 1441 1270 roi

401 1270 542 1305 (Charles
559 1270 595 1305 V,
613 1270 664 1300 fils
680 1271 723 1300 du
739 1271 787 1300 roi
804 1271 905 1308 Jean),
922 1272 960 1301 de
978 1281 1077 1310 payer
1091 1277 1126 1303 58
1143 1274 1271 1305 deniers
1283 1275 1351 1305 d’or
1363 1284 1444 1315 pour

401 1305 517 1335 l’achat
543 1306 580 1335 de
606 1307 747 1337 certains
772 1309 883 1338 atours
909 1318 991 1347 pour
1015 1309 1149 1347 Jeanne,
1175 1320 1210 1341 sa
1235 1312 1312 1348 fille,
1339 1316 1373 1342 et
1396 1315 1444 1344 les

400 1343 534 1373 femmes
550 1343 588 1373 de
605 1352 662 1373 son
679 1344 817 1381 service;
833 1347 868 1375 23
884 1348 945 1375 oct.
964 1348 1043 1383 1357,
1061 1347 1125 1377 in-4
1141 1347 1216 1384 obi.,
1234 1351 1321 1378 trace
1338 1350 1376 1379 de
1394 1360 1443 1380 ca¬

400 1380 483 1410 chet.
502 1380 552 1410 Un
568 1390 629 1419 peu
646 1381 887 1420 endommagée.

359 1432 413 1464 54.
440 1432 781 1472 CHAUMETTE
804 1432 1031 1474 (Anaxagoras),
1060 1442 1220 1475 procureur
1244 1435 1281 1466 de
1306 1436 1333 1467 la
1351 1436 1442 1469 Com¬

399 1482 489 1505 mune
500 1473 537 1504 de
556 1473 648 1509 Paris,
669 1473 805 1515 décapité
821 1482 858 1503 en
876 1473 966 1504 4794.

438 1522 508 1551 Let.
526 1521 586 1559 sig.
605 1521 623 1549 à
638 1521 669 1550 la
685 1521 809 1550 section
826 1520 864 1552 de
883 1524 965 1559 1792;
979 1522 1083 1560 Paris,
1095 1525 1112 1552 6
1124 1523 1185 1553 fév.
1202 1527 1304 1562 1793,1
1321 1535 1349 1563 p.
1364 1526 1439 1562 in-4,

398 1558 466 1588 tête
483 1559 558 1596 imp.
576 1558 614 1586 de
631 1557 662 1587 la
678 1558 864 1588 Commune.

356 1609 410 1641 52.
438 1609 820 1640 CHRESTIENNE
839 1610 909 1640 RE
927 1610 1000 1640 FR
1003 1610 1039 1641 A
1043 1611 1154 1651 ACE,
1170 1611 1229 1645 fille
1237 1612 1274 1644 de
1282 1613 1376 1646 Henri
1388 1614 1438 1654 IV,

397 1649 541 1682 duchesse
556 1650 593 1682 de
606 1649 721 1682 Savoie.

437 1699 532 1729 Pièce
548 1699 621 1737 sig.;
639 1699 742 1729 Turin
757 1702 774 1728 9
790 1699 852 1729 fév.
873 1702 951 1735 1738,
971 1702 980 1728 1
1001 1709 1029 1739 p.
1048 1701 1131 1738 in-f.,
1148 1703 1270 1733 cachet.

451 1745 528 1771 Ordre
542 1745 570 1771 de
584 1746 691 1776 compter
705 1745 779 1773 4,593
791 1745 906 1770 ducalons
928 1752 957 1770 au
976 1750 1052 1772 comte
1068 1747 1208 1774 Baldcssare
1225 1749 1356 1781 Mcsscrati,
1379 1758 1440 1782 pour

419 1777 575 1811 l’acquisition
590 1778 619 1803 de
629 1784 671 1803 son
688 1777 729 1802 fief
741 1777 770 1802 de
785 1776 970 1809 Casalborgone.

355 1825 409 1858 53.
436 1810 689 1866 CLÉMENT
711 1822 847 1866 (Pierre),
874 1822 989 1856 célèbre
1018 1824 1153 1866 critique,
1189 1835 1361 1860 surnomme
1386 1838 1439 1871 par

396 1867 529 1899 Voltaire
545 1866 746 1898 l'inclément.

435 1916 471 1944 L.
489 1925 516 1945 a.
534 1925 570 1953 s,;
587 1919 605 1945 5
622 1916 726 1946 brum.
744 1924 784 1945 an
802 1917 845 1952 10,
865 1917 875 1944 1
890 1924 919 1953 p.
933 1915 1007 1944 in-4.
1020 1915 1141 1953 Piquée
1154 1915 1345 1946 d’humidité
1358 1918 1437 1948 dans

397 1961 459 1981 une
477 1961 598 1990 marge.

451 1999 609 2024 Intéressante
621 1999 689 2024 lettre
703 1998 800 2024 relative
811 1999 825 2023 U
838 2004 878 2024 ses
891 2005 1016 2030 ouvrages.

354 2044 403 2076 54.
428 2030 654 2074 CLERGÉ.
673 2045 691 2074 7
707 2043 816 2085 pièces.

434 2091 594 2120 Discision
612 2093 678 2121 aut.
697 2092 757 2129 sig.
771 2092 844 2121 d’un
858 2092 1044 2129 théologien
1056 2093 1097 2121 du
1110 2097 1177 2122 xvi”
1186 2093 1293 2130 siècle,
1307 2098 1433 2126 nommé

393 2127 565 2161 Ladvocat,
582 2136 639 2155 sur
654 2127 684 2156 le
701 2129 818 2163 baptême
832 2129 878 2157 des
893 2130 1047 2164 hérétiques,
1070 2131 1078 2157 1
1099 2138 1127 2166 p.
1146 2128 1266 2159 in-4.—
1281 2130 1433 2163 Relation

394 2164 432 2193 de
449 2172 483 2193 ce
501 2163 556 2201 qui
577 2163 651 2192 s’est
672 2163 761 2200 passé
778 2172 817 2192 au
835 2165 922 2201 sujet
938 2164 980 2192 du
996 2167 1069 2200 refus
1084 2166 1129 2193 des
1144 2170 1312 2200 sacrements,
1331 2177 1389 2206 par
1405 2171 1434 2201 le

395 2200 471 2230 curé
487 2200 525 2229 de
542 2198 966 2235 Saint-Etienne-du-Mont,
984 2201 1002 2228 à
1018 2210 1061 2230 un
1078 2201 1186 2239 prêtre
1201 2203 1240 2232 de
1255 2203 1432 2245 Marseille,

394 2246 479 2267 mars
498 2239 575 2272 1752,
594 2236 772 2266 manuscrit
788 2236 941 2275 original,
957 2239 993 2265 50
1009 2245 1037 2275 p.
1062 2238 1154 2268 in-12.
1184 2256 1219 2262 —
1248 2242 1434 2276 Assemblée

395 2274 437 2304 du
454 2273 562 2312 clergé
579 2273 617 2302 de
634 2273 756 2303 France
774 2282 813 2302 au
830 2273 917 2312 sujet
933 2268 973 2302 du
990 2277 1063 2310 refus
1087 2276 1132 2304 des
1153 2282 1326 2313 sacrements;
1344 2283 1434 2321 copie

395 2312 455 2349 sig.
474 2313 531 2350 par
546 2311 630 2340 l’abbé
643 2311 676 2340 de
692 2312 813 2344 Coriolis,
824 2313 859 2340 26
871 2320 899 2349 p.
912 2310 982 2340 in-f.
990 2327 1025 2332 —
1032 2311 1177 2342 Plaintes
1189 2312 1264 2344 d’un
1276 2325 1435 2353 anonyme

396 2358 435 2377 au
453 2349 541 2386 sujet
556 2349 598 2385 du
611 2349 680 2385 prix
697 2350 849 2378 exorbitant
866 2349 911 2378 des
927 2349 1028 2378 chuises
1038 2350 1107 2378 dans
1118 2351 1153 2379 les
1163 2351 1266 2386 églises,
1283 2356 1301 2384 3
1316 2364 1345 2392 p.
1361 2350 1434 2386 in-f.

395 2400 430 2405 —
444 2385 598 2414 Discours
607 2376 781 2422 (prononcé
803 2386 822 2414 à
846 2387 878 2415 la
902 2384 1135 2423 proclamation
1155 2386 1194 2419 de
1214 2391 1295 2419 Gobel
1313 2400 1436 2422 comme

394 2420 516 2457 évêque
543 2420 581 2449 de
606 2420 710 2457 Paris,
732 2430 789 2459 par
808 2421 851 2452 M.
868 2422 1037 2460 Beauvais,
1055 2424 1137 2462 près,
1155 2424 1193 2454 de
1210 2426 1300 2457 l’Ass.
1318 2428 1437 2459 électo-
