1856 2842
836 354 871 384 -

451 423 468 451 2
484 421 539 451 let.
558 422 624 451 aut.
642 421 703 459 sig.
721 421 739 449 à
753 420 867 450 Albert
882 420 1096 459 Montémont,
1115 425 1240 460 1844-46,
1257 426 1274 453 3
1288 432 1317 462 p.
1335 424 1410 453 in-8.

464 469 552 494 Toutes
565 468 626 495 deux
641 468 753 494 relatives
768 469 781 493 à
795 468 837 493 des
848 469 923 493 toasts
935 467 1015 498 portés
1034 474 1078 499 par
1093 469 1124 494 lui
1140 477 1168 495 en
1183 471 1306 497 l'honneur
1320 472 1351 497 du
1366 471 1451 503 dépar¬

431 503 520 527 tement
533 501 574 526 des
590 502 688 534 Vosges.

369 547 442 579 148.
471 547 754 589 PASQLIER
782 547 822 589 (le
848 546 933 588 duc),
965 544 1083 578 homme
1113 546 1228 586 d’Etat,
1260 549 1391 582 membre
1415 549 1452 582 de

411 588 523 620 l’Acad.
543 588 637 620 franc.

449 636 466 663 2
482 634 538 663 let.
555 635 622 663 aut.
639 634 712 671 sig.,
735 636 813 670 1831,
830 636 847 663 2
862 642 892 671 p.
910 633 985 661 in-8.

368 685 441 716 149.
470 683 713 725 PEIGNOT
728 684 881 726 (Gabriel),
898 681 1013 715 célèbre
1028 681 1234 723 bibliographe
1249 688 1278 715 et
1292 684 1390 717 érudit
1403 685 1453 717 di-

407 726 416 766 j
421 725 536 756 minais.

449 769 484 799 L.
501 777 529 798 a.
547 777 571 798 s.
588 769 607 797 à
620 769 722 798 Aman
725 771 780 798 ton
789 781 796 807 ;
813 769 920 807 Dijon,
936 769 970 797 27
987 766 1053 795 déc.
1073 768 1151 802 1832,
1168 768 1185 795 3
1200 775 1229 803 p.
1247 767 1325 798 in-4.

464 816 568 842 Relative
580 817 593 841 il
608 816 629 841 la
643 818 711 842 vente
722 817 751 842 de
765 817 788 842 la
803 816 960 847 bibliothèque
973 813 1126 842 d'Amnnton,
1142 815 1165 838 et
1180 814 1192 837 b
1209 820 1239 838 un
1256 820 1366 841 vacarme
1380 816 1419 847 qui
1436 824 1449 842 a

431 857 459 875 eu
482 850 527 875 lieu
550 849 608 874 dans
631 849 720 880 l’église
740 850 769 875 de
793 849 981 879 Saint-Bénigne,
1004 846 1033 871 de
1055 846 1135 877 Dijon,
1157 846 1261 877 pendant
1280 848 1301 872 la
1324 854 1401 873 messe
1421 849 1450 874 de

430 882 523 908 minuit.

367 929 440 962 150.
470 929 534 960 EE
558 917 722 962 MÊME.
747 935 764 962 3
779 932 800 961 1.
818 941 846 961 a.
864 941 888 962 s.
905 939 945 960 au
961 929 1079 967 même;
1092 928 1199 967 Dijon,
1215 931 1322 966 1831,3
1339 938 1367 967 p.
1388 933 1448 968 1/2,

407 971 476 1000 in-4
490 972 524 1000 et
539 972 557 998 6
573 978 602 1007 p.
621 969 695 998 in-8.

463 1017 580 1043 Relatives
595 1017 607 1040 il
623 1016 630 1040 l
632 1015 718 1047 'Eloge
732 1015 767 1039 du
787 1016 908 1046 marquis
923 1013 953 1038 de
968 1013 1145 1043 Courtivron,
1166 1012 1244 1043 rédigé
1261 1020 1298 1045 pai
1322 1015 1449 1041 Amanton.

364 1062 419 1093 151
432 1088 437 1094 .
467 1060 639 1101 PIRON
657 1058 791 1101 (Alexis),
807 1057 922 1090 célèbre
937 1058 1022 1097 poète
1039 1055 1079 1086 du
1094 1062 1178 1087 xv»t°
1192 1056 1291 1089 siècle.

448 1113 466 1141 2
481 1110 585 1148 pièces
601 1109 639 1138 de
654 1117 727 1137 vers
743 1111 822 1143 aut.,
843 1108 920 1141 1762,
937 1107 954 1134 2
969 1113 998 1142 p.
1018 1104 1092 1133 in-4.

464 1157 495 1181 La
509 1157 625 1189 première
644 1155 673 1180 de
686 1162 725 1179 ees
744 1154 804 1179 deux
821 1153 898 1185 pièces
911 1152 947 1177 est
962 1149 1007 1175 une
1030 1149 1137 1181 Enigme
1155 1157 1197 1176 sur
1217 1152 1239 1176 la
1264 1152 1393 1178 colonnade
1420 1154 1450 1179 du

431 1189 523 1214 Louvre
531 1198 537 1216 ;
551 1188 634 1213 l’autre
649 1194 661 1211 a
678 1193 738 1218 pour
753 1187 805 1211 titre
820 1185 826 1210 :
843 1185 880 1210 La
896 1183 994 1209 Chaîne
1010 1182 1054 1207 des
1071 1182 1242 1215 événements,
1255 1187 1335 1214 conte,
1352 1187 1374 1210 et
1386 1192 1452 1211 com¬

430 1227 511 1246 mence
524 1225 567 1252 par
578 1226 617 1245 ces
632 1219 689 1244 trois
703 1224 758 1242 vers
771 1227 776 1242 :

637 1260 719 1280 Comme
732 1261 816 1278 souvent
827 1261 868 1277 tout
879 1256 956 1277 s’enfile
971 1255 1055 1276 ici-bus'

639 1288 677 1308 Des
692 1286 814 1307 Bernardins
824 1286 937 1312 pâturaient
949 1291 973 1304 en
985 1284 1025 1305 lieu
1041 1291 1095 1310 gras.

637 1315 684 1336 Près
694 1315 719 1335 de
733 1315 777 1335 leur
791 1314 831 1335 clos
846 1314 934 1334 vivaient
947 1314 981 1333 des
994 1313 1135 1334 Bernardines.

366 1359 440 1392 152.
469 1359 533 1391 LE
555 1347 719 1392 MÊME.
743 1363 808 1392 Noël
835 1370 904 1398 pour
937 1361 1014 1396 1763,
1047 1359 1226 1389 manuscrit
1257 1361 1335 1396 aut.,
1364 1362 1394 1389 17
1420 1368 1449 1398 p.

404 1400 483 1429 in-8.

463 1442 543 1467 Revue
557 1441 670 1473 satirique
683 1441 712 1466 de
726 1440 871 1466 l’Académie
883 1438 1010 1470 française,
1023 1439 1061 1470 qui
1074 1446 1100 1464 se
1115 1438 1223 1470 présente
1237 1446 1265 1464 en
1279 1446 1350 1471 corps
1366 1439 1452 1466 devant

431 1475 451 1500 le
471 1474 570 1500 berceau
595 1474 624 1498 de
643 1474 720 1503 Jésus,
743 1480 803 1504 pour
821 1473 852 1498 lui
869 1473 953 1497 rendre
968 1471 1101 1503 hommage.
1121 1471 1229 1497 L’auteur
1244 1474 1291 1497 met
1306 1472 1451 1498 successive¬

431 1510 495 1532 ment
511 1512 538 1531 en
551 1506 622 1531 scène
633 1506 654 1530 le
668 1505 787 1530 maréchal
805 1504 833 1529 de
847 1503 975 1533 Richelieu,
988 1503 1065 1529 l'abbé
1079 1503 1189 1533 d'Olivel,
1205 1504 1281 1529 l'abbé
1292 1504 1320 1528 de
1335 1504 1367 1529 La
1383 1504 1451 1535 Ville,

430 1538 562 1568 Nivernois,
575 1538 661 1561 Villars
672 1537 718 1566 fils,
731 1536 822 1565 Remis,
833 1536 942 1568 Séguicr,
951 1536 1063 1565 Voltaire,
1074 1536 1224 1566 Marmontel,
1240 1536 1328 1565 Bubon,
1342 1537 1450 1565 <cesse!,

431 1570 561 1596 Moncrifel
572 1570 602 1594 Le
612 1570 686 1595 Franc
697 1569 725 1594 de
739 1568 892 1601 Pompignan.
904 1567 1000 1595 Chacun
1012 1575 1025 1593 a
1036 1575 1078 1594 sou
1089 1568 1191 1599 couplet,
1202 1575 1243 1593 sur
1258 1568 1310 1592 l'air
1320 1567 1326 1593 :
1342 1567 1449 1593 Laisses

431 1604 518 1636 paître
532 1609 578 1628 vos
592 1601 668 1628 bêles.
682 1601 746 1627 Voici
760 1602 818 1627 celui
833 1602 862 1627 de
876 1601 981 1626 Voltaire
993 1611 999 1625 :

678 1643 738 1663 Vient
748 1643 767 1663 le
778 1643 864 1666 Phénix,
877 1649 905 1662 un
920 1641 964 1668 qui,
980 1641 1054 1665 dit-on,

679 1671 722 1693 Est,
737 1670 765 1691 lui
775 1670 825 1693 seul,
838 1670 931 1693 Homère,
943 1669 1022 1693 Platon,

678 1698 785 1724 Sophocle,
797 1697 866 1717 Tacite
875 1702 894 1716 et
906 1697 998 1717 Newton.

679 1725 695 1745 Il
711 1732 731 1745 se
743 1725 780 1744 fait
794 1725 844 1744 faire
857 1724 920 1750 pince.

677 1752 738 1773 Salue
751 1753 761 1771 h
776 1752 836 1778 peine
846 1749 953 1773 l'Eternel,

678 1780 713 1803 Et,
724 1786 774 1807 pour
790 1783 843 1799 toute
856 1779 941 1805 préface,

679 1809 712 1829 Dit
724 1808 728 1829 :
739 1808 762 1829 Je
774 1814 805 1828 me
814 1812 893 1827 nomme
904 1805 933 1826 un
948 1805 992 1825 Tel.

366 1853 425 1886 153
468 1852 533 1884 LE
556 1839 719 1883 MÊME.
753 1853 887 1891 Epitaphe
919 1850 984 1879 d’un
1011 1849 1205 1885 grammairien
1229 1849 1262 1877 de
1286 1849 1449 1877 l’Académie

404 1896 547 1929 française,
566 1892 654 1930 pièce
671 1892 709 1921 de
724 1900 798 1920 vers
814 1891 894 1924 aut.,
912 1891 929 1918 2
945 1896 974 1925 p.
993 1886 1068 1915 in-4.

461 1936 613 1967 Epigramme
627 1937 708 1960 contre
721 1933 796 1959 l'abbé
808 1932 919 1958 d'Olivel.

365 1983 439 2015 154.
467 1983 532 2014 LE
555 1970 718 2015 MÊME.
745 1986 858 2015 Gustave
886 1984 975 2013 Wasa,
1003 1977 1149 2016 tragédie
1167 1985 1206 2005 en
1229 1979 1246 2005 5
1266 1979 1363 2013 actes,
1383 1987 1449 2007 ma¬

405 2023 532 2053 nuscrit
547 2023 631 2057 aut.,
650 2030 725 2051 avec
742 2022 780 2050 de
798 2019 1005 2049 nombreuses
1022 2013 1234 2049 corrections,
1254 2015 1304 2042 109
1320 2023 1349 2051 p.
1367 2014 1447 2051 in-4,

409 2062 418 2088 1
428 2062 459 2095 /2
474 2058 533 2088 rel.
551 2066 630 2087 mar.
648 2059 730 2087 vert.

367 2110 436 2142 155.
466 2103 1023 2143 PREAOST-PARAROL,
1057 2099 1226 2143 publiciste,
1257 2100 1388 2134 membre
1412 2102 1449 2134 de

406 2151 516 2184 l’Acad.
535 2150 626 2190 franç.

444 2195 626 2227 Manuscrit
641 2197 707 2224 aut.
726 2193 798 2230 sig.,
818 2194 849 2221 18
865 2200 894 2229 p.
912 2189 986 2220 in-f.

459 2239 535 2263 Elude
545 2244 587 2261 sur
602 2236 634 2261 M.
651 2235 751 2268 llright,
764 2237 860 2260 orateur
875 2236 898 2258 et
911 2230 1065 2260 économiste,
1079 2230 1137 2255 chef
1147 2230 1179 2255 du
1194 2231 1255 2262 parti
1272 2232 1449 2264 démocratique

428 2277 457 2296 en
467 2269 613 2302 Angleterre.

363 2317 438 2355 156.
466 2300 749 2355 QlJÉRARD,
767 2315 873 2345 savant
888 2307 1105 2349 bibliographe.

444 2363 461 2390 2
477 2361 498 2390 1.
515 2370 543 2390 a.
561 2369 585 2389 s.
603 2360 621 2388 à
636 2360 807 2394 Amanton,
828 2358 905 2392 1829,
921 2357 938 2385 3
955 2363 983 2392 p.
1001 2353 1079 2384 in-4.

459 2402 578 2427 Relatives
592 2402 606 2425 à
621 2401 647 2426 sa
663 2401 765 2426 France
779 2399 917 2425 littéraire.
