1829 2838
869 387 903 394 -
929 372 968 403 14
992 388 1027 393 -

480 443 497 470 4
513 441 618 479 pièces
638 440 711 478 sig.,
732 440 811 470 dont
831 448 894 469 une
915 449 991 469 avec
1010 442 1032 476 3.
1047 439 1105 477 lig.
1127 442 1206 477 aut.,
1233 442 1395 477 1653-1714,
1418 442 1435 469 6
1458 449 1487 479 p.

444 479 512 508 in-4
527 487 567 507 ou
585 478 667 514 in-f.,
686 477 823 506 cachets.

499 530 580 555 Pièces
591 529 701 555 d'intérêt
714 528 790 561 privé.
807 528 881 554 L’nne
894 529 985 558 d’elles,
1001 528 1029 553 de
1042 527 1112 559 1609,
1123 530 1190 559 porte
1200 529 1222 554 la
1233 528 1353 560 signature
1363 529 1392 554 de
1403 529 1489 561 Joseph

466 562 595 587 chevalier
608 561 638 586 de
654 561 782 593 Grignan,
798 562 918 587 maréchal
931 562 960 586 de
972 567 1050 592 camp.

400 616 454 647 94.
482 614 733 646 GRBGMAA
753 612 1149 655 (Françoise-Marguerite,
1174 617 1319 645 comtesse
1338 613 1396 654 de),
1429 613 1491 645 fille

443 655 479 686 de
495 655 524 687 M
528 661 559 674 rae
575 654 613 686 de
626 654 763 695 Sévigné,
781 655 830 695 qui
852 656 858 685 l
872 665 888 685 a
905 654 1018 685 rendue
1030 655 1046 684 à
1058 652 1165 694 jamais
1178 653 1295 684 célèbre
1310 663 1363 694 par
1378 663 1410 684 sa
1426 664 1492 685 cor¬

441 696 656 738 respondance.

478 750 665 788 Obligation
683 750 748 778 aut.
766 748 843 785 sig.;
861 748 932 784 Aix,
950 750 984 777 20
1000 756 1048 777 av.
1069 750 1146 784 1673,
1167 750 1175 777 1
1196 757 1225 786 p.
1244 748 1312 777 in-8
1328 748 1460 786 oblong.

497 802 547 826 Elle
560 800 672 832 s’engage
687 800 700 824 h
716 799 776 826 tenir
792 802 885 839 compte
901 807 929 825 au
945 802 1009 826 sieur
1024 800 1113 833 Mossy,
1127 800 1214 826 rentier
1228 800 1450 831 d’Entrecastcaux,
1462 799 1492 826 de

464 834 485 860 la
501 840 591 860 somme
606 834 634 859 de
651 833 723 864 1,500
740 833 780 858 liv.
796 833 851 865 qu’il
864 840 877 858 a
892 835 964 866 payée
979 840 1022 865 par
1036 840 1079 859 son
1095 834 1174 859 ordre.

399 889 451 921 92.
480 889 552 920 EA
589 876 752 919 MÊME.
781 894 807 920 1°
829 891 912 921 Note
935 892 1001 920 aut.
1024 899 1080 920 sur
1100 899 1156 919 son
1181 889 1377 927 argenterie,
1406 889 1491 926 (vers

443 931 517 967 1704)
522 953 529 965 ,
550 932 559 958 1
578 938 607 966 p.
628 930 671 963 1/4
688 929 765 957 in-8.
783 945 818 949 —
834 930 863 956 2°
879 928 961 956 Note
978 928 1044 955 aut.
1064 927 1101 955 de
1118 929 1134 954 8
1151 926 1269 963 petites
1285 926 1343 963 lig.

400 986 454 1018 93.
482 985 734 1017 GRIGUfAlir
757 983 874 1026 (Joseph
896 983 1094 1022 A'Adhèmar,
1118 982 1267 1016 chevalier
1279 982 1337 1027 de),
1357 983 1488 1018 maréch.

441 1027 478 1059 de
503 1037 599 1069 camp,
628 1027 725 1068 époux
747 1026 783 1058 de
803 1025 954 1057 Gahrielle
980 1025 1147 1060 d’Oraison,
1174 1025 1251 1058 frère
1274 1026 1313 1058 du
1337 1031 1433 1058 comte
1454 1026 1492 1057 de

443 1068 589 1109 Grignan,
616 1073 646 1099 et
674 1078 729 1099 son
754 1067 1017 1103 souffre-douleur,
1047 1067 1124 1099 ainsi
1151 1076 1209 1108 que
1231 1076 1306 1098 nous
1335 1066 1491 1108 l’apprend

441 1109 506 1141 M°"
524 1109 560 1140 de
581 1108 719 1149 Sévigné.

478 1163 513 1191 L.
532 1165 598 1192 aut.
616 1162 634 1191 à
649 1163 691 1191 M.
715 1162 752 1190 de
769 1162 815 1190 La
837 1162 1007 1199 Moignon;
1030 1161 1224 1198 (Marseille),
1254 1163 1285 1190 16
1303 1161 1379 1199 juil.
1407 1161 1489 1198 (vers

446 1200 521 1236 1705)
526 1221 532 1235 ,
550 1202 567 1228 3
583 1208 612 1236 p.
632 1200 674 1234 1/4
691 1199 768 1228 in-8.
785 1200 856 1227 Bcile
869 1200 953 1234 pièce.

497 1249 579 1282 Epitre
595 1250 772 1282 agréablement
787 1250 892 1275 tournée.
915 1263 946 1268 —
962 1250 992 1274 M.
1008 1249 1037 1274 de
1056 1250 1087 1274 La
1105 1248 1213 1280 Moignon
1229 1249 1325 1274 voulant
1337 1255 1362 1273 se
1378 1248 1463 1274 retirer
1478 1249 1491 1274 h

466 1283 487 1307 la
502 1289 642 1314 campagne,
664 1283 678 1307 il
694 1283 794 1307 cherche
810 1283 823 1306 à
843 1282 888 1307 l'rn
910 1281 1047 1307 détourner.
1068 1291 1078 1302 «
1096 1281 1122 1305 Je
1138 1287 1264 1312 comprens
1284 1282 1396 1312 pourtant
1412 1282 1492 1306 mieux

467 1321 512 1345 que
524 1320 649 1345 personne,
661 1315 730 1345 dit-il,
743 1315 764 1339 le
780 1316 848 1345 goust
863 1314 893 1339 de
903 1314 924 1337 la
935 1313 1044 1344 solitude,
1057 1314 1117 1338 mais
1127 1320 1154 1337 ce
1170 1314 1230 1337 n’est
1243 1314 1263 1338 le
1281 1314 1378 1344 partage
1394 1319 1439 1343 que
1450 1313 1492 1338 des

466 1353 524 1378 gens
538 1346 631 1371 inutiles
651 1352 741 1371 comme
758 1353 820 1376 »>oy.
842 1356 852 1367 »
872 1347 888 1370 Il
909 1345 938 1370 lui
958 1345 998 1370 fait
1014 1348 1067 1376 part
1081 1345 1171 1369 ensuite
1183 1345 1225 1370 des
1236 1345 1339 1370 alarmes
1361 1350 1406 1376 que
1420 1345 1460 1370 .lui
1478 1353 1491 1371 a

466 1378 564 1405 causées
577 1379 598 1403 la
611 1378 713 1404 maladie
726 1378 755 1404 du
773 1377 892 1403 maréchal
904 1378 933 1403 de
947 1378 1045 1409 Lorges,
1061 1377 1091 1402 lui
1105 1379 1271 1402 recommande
1282 1377 1302 1401 M
1307 1376 1322 1393 11
1326 1382 1335 1392 *
1345 1377 1374 1402 de
1386 1377 1493 1409 Grignan

466 1412 496 1436 du
512 1411 629 1444 faubourg
644 1411 796 1443 St-Jacques,
813 1413 834 1436 et
856 1411 930 1442 plaint
944 1409 1064 1442 beaucoup
1084 1412 1143 1435 celte
1161 1416 1250 1441 pauvre
1271 1412 1387 1435 comtesse
1409 1410 1494 1436 d'Har¬

466 1447 543 1475 court,
562 1444 680 1475 lymisée
695 1451 738 1477 par
754 1451 779 1468 sa
793 1443 920 1469 belle-tille.
937 1457 968 1461 —
985 1445 1002 1468 A
1017 1445 1075 1467 cette
1091 1443 1158 1467 lettre
1173 1449 1202 1467 on
1218 1449 1246 1467 en
1258 1448 1271 1467 a
1286 1442 1347 1474 joint
1361 1449 1405 1468 une
1421 1443 1493 1469 écrite

466 1479 489 1501 et
504 1477 584 1508 signée
599 1483 627 1501 en
645 1483 687 1501 son
702 1483 764 1505 nom,
778 1483 806 1502 au
818 1477 903 1507 même,
918 1476 985 1501 datée
1000 1476 1028 1500 de
1044 1474 1170 1502 Marseille,
1185 1475 1212 1500 16
1225 1474 1293 1507 janv.
1307 1476 1378 1500 1765.

401 1530 456 1562 94.
762 1528 885 1568 (famille
910 1528 967 1569 de),
996 1529 1014 1560 9
1040 1528 1143 1560 lettres
1175 1527 1327 1560 adressées
1350 1530 1368 1560 à
1390 1528 1491 1561 divers

444 1570 590 1602 membres
610 1570 647 1601 de
661 1574 739 1601 cette
755 1569 866 1600 famille
882 1578 936 1608 par
950 1570 991 1600 les
1004 1579 1204 1610 personnages
1219 1570 1355 1601 suivants
1373 1570 1378 1601 :
1396 1570 1491 1601 Cam-

440 1612 537 1650 pobas
559 1610 628 1650 (de),
647 1609 727 1650 (vers
746 1609 853 1649 1520),
874 1611 891 1640 2
917 1610 1029 1641 lettres.
1051 1627 1087 1632 —
1102 1610 1254 1648 Cubiêres,
1281 1611 1361 1649 (vers
1383 1611 1486 1651 1583).

444 1653 480 1682 —
510 1653 666 1691 Dunoyet,
694 1650 850 1691 vice-légat
878 1650 1060 1691 d’Avignon,
1085 1650 1177 1682 1621.
1210 1652 1239 1681 —
1274 1651 1424 1686 Duvilar;
1451 1651 1490 1683 La

443 1693 573 1731 Bastide,
592 1692 683 1724 1647.
708 1693 741 1723 —
763 1693 838 1733 Iroy
853 1690 962 1732 (comte
984 1691 1042 1732 de),
1062 1691 1152 1723 1612.
1171 1693 1206 1723 —
1228 1693 1327 1734 Fochy
1344 1692 1489 1742 (Bernard

442 1735 504 1778 de);
528 1735 621 1777 Lyon,
644 1744 710 1767 vers
731 1734 820 1766 1520.
840 1734 878 1764 —
896 1733 1042 1771 Barruel,
1056 1733 1135 1775 (yers
1153 1733 1253 1776 1650).
1279 1733 1314 1776 —
1333 1733 1489 1776 Çurniana

442 1778 480 1820 (le
496 1777 642 1810 maréchal
659 1776 716 1819 de),
739 1776 831 1808 1626.

478 1833 536 1863 Ces
560 1833 665 1871 pièces
689 1833 762 1862 sont
784 1831 937 1861 relatives
961 1839 1024 1860 aux
1047 1830 1175 1860 affaires
1197 1831 1234 1860 de
1256 1831 1287 1861 la
1310 1832 1433 1862 famille
1451 1832 1489 1861 de

443 1870 599 1907 Grignan.
615 1870 661 1898 La
676 1870 808 1907 plupart
823 1870 896 1899 sont
913 1868 1045 1906 piquées
1062 1867 1264 1898 d’humidité.

400 1928 453 1960 95.
481 1928 553 1958 LA
590 1928 753 1959 MEME.
785 1932 816 1968 17
832 1931 937 1968 pièces
954 1930 1107 1959 relatives
1125 1931 1142 1958 à
1157 1931 1241 1959 cette
1255 1930 1389 1965 famille,
1403 1931 1489 1959 actes

442 1967 596 2002 notariés,
627 1966 733 2003 pièces
763 1967 801 1995 de
831 1966 1019 2004 procédure,
1046 1968 1107 1996 etc.
1133 1966 1264 1996 Dossier
1293 1967 1490 1995 intéressant

442 2004 653 2041 comprenant
668 2002 803 2031 environ
823 2005 873 2032 ÎOO
889 2012 918 2040 p.
937 2003 1010 2031 in-f.

401 2061 455 2093 96.
483 2060 641 2091 GRISI
672 2058 849 2100 (Carlotla),
880 2068 938 2089 une
967 2058 1019 2089 des
1048 2059 1113 2099 plus
1149 2057 1281 2089 célèbres
1326 2057 1489 2090 danseuses

441 2102 481 2134 du
495 2111 547 2133 xix
549 2108 559 2121 e
575 2100 675 2133 siècle.

479 2157 513 2186 L.
531 2165 558 2186 a.
575 2165 600 2185 s.
618 2155 636 2184 à
651 2154 743 2183 Jules
758 2153 872 2190 Janirt;
891 2153 972 2190 (vers
991 2153 1078 2191 1812),
1095 2155 1113 2182 2
1129 2161 1157 2191 p.
1177 2152 1218 2191 pl.
1237 2152 1314 2183 in-8.

499 2208 583 2233 Ellelui
590 2214 695 2233 annonce
705 2213 746 2232 son
755 2208 911 2238 engagement
918 2206 931 2231 à
940 2205 1044 2239 l’Opéra,
1054 2206 1132 2232 oùelle
1140 2213 1166 2232 se
1174 2207 1257 2232 trouve
1264 2205 1348 2232 traitée
1356 2206 1434 2232 mieux
1443 2213 1490 2238 que

465 2242 530 2272 Fany
546 2241 620 2266 F.lsler
636 2244 656 2264 cl
672 2239 777 2271 Tagiioni
793 2247 822 2265 ne
836 2239 894 2265 l'ont
906 2239 993 2272 jamais
1008 2240 1053 2266 été.
1073 2249 1083 2261 «
1101 2239 1166 2265 C’est
1181 2240 1193 2265 il
1209 2242 1276 2264 votre
1291 2239 1421 2271 protection
1438 2241 1461 2264 et
1476 2240 1490 2264 à

465 2278 532 2298 votre
544 2274 628 2304 esprit,
640 2273 739 2302 dit-elle,
754 2279 799 2304 que
811 2273 836 2304 je
846 2273 896 2297 suis
912 2272 1035 2297 redevable
1048 2272 1077 2297 de
1087 2272 1108 2297 la
1120 2273 1221 2303 position
1236 2278 1282 2303 que
1294 2272 1334 2304 j'ai
1345 2272 1488 2303 conquise...

465 2305 482 2328 11
496 2306 544 2330 faut
558 2306 610 2330 bien
627 2312 672 2337 que
683 2306 707 2337 je
717 2311 831 2330 remercie
845 2306 879 2329 les
889 2304 966 2329 divins
979 2305 1112 2330 feuilletons
1121 2304 1237 2335 auxquels
1245 2305 1269 2336 je
1278 2304 1330 2328 dois
1342 2307 1400 2329 tout.
1419 2313 1429 2325 »

400 2355 455 2386 97.
482 2356 631 2387 GROS
646 2357 686 2397 (le
701 2356 818 2397 baron),
838 2355 931 2397 grand
948 2355 1065 2396 peintre
1077 2354 1244 2392 d’hisloire,
1259 2354 1297 2386 de
1308 2353 1465 2386 l’Institut.

477 2408 512 2437 L.
530 2417 557 2438 a.
574 2418 599 2438 s.
616 2418 656 2438 au
673 2411 828 2445 comte...;
849 2409 876 2446 11
892 2409 969 2446 juil.
990 2410 1067 2443 1827,
1088 2410 1098 2437 1
1118 2417 1148 2447 p.
1166 2409 1240 2440 in-8.
