1856 2851
842 373 1019 415 -15-
388 447 442 479 98.
469 444 769 486 GUILLOTIN
806 444 968 486 (Jos.-Ig.),
1003 444 1118 478 célèbre
1145 448 1281 480 médecin
1305 455 1334 482 et
1358 449 1471 482 consti¬

428 493 525 525 tuant,
542 488 747 520 introducteur
761 496 797 519 en
815 486 925 518 France
940 486 976 517 de
992 486 1196 521 l’instrument
1215 489 1251 522 de
1269 491 1402 533 supplice
1420 491 1470 534 qui

427 534 511 572 porte
524 539 577 562 son
595 539 675 561 nom.

464 579 559 608 Pièce
576 579 649 617 sig.,
666 582 683 608 9
699 580 761 609 fév.
782 581 859 615 1808,
876 580 892 607 3
908 586 937 615 p.
954 577 1031 606 in-4.

484 625 665 651 Procès-verbal
680 626 709 651 de
728 627 749 651 la
770 626 854 651 séance
868 625 897 649 de
917 631 943 649 ce
964 624 1019 654 jour
1039 624 1067 648 de
1086 623 1176 649 l’Acad.
1192 625 1221 649 de
1236 625 1364 657 médecine,
1385 628 1441 653 dont
1455 628 1471 653 il

450 657 506 682 était
523 658 650 690 président.
670 657 687 682 11
702 658 803 683 contient
821 656 992 694 l'approbation
1007 656 1097 680 donnée
1118 661 1161 687 par
1183 657 1202 680 le
1221 662 1406 686 gouvernement
1421 660 1433 684 it
1450 660 1471 684 la

450 690 554 715 création
569 691 598 715 rie
610 696 637 714 ce
649 696 728 721 corps.
746 704 775 708 —
789 692 824 715 On
842 697 854 714 a
870 689 929 720 joint
949 690 961 713 il
975 690 1034 712 celte
1054 688 1119 718 pièce
1140 689 1162 712 la
1184 688 1291 713 curieuse
1308 689 1425 715 brochure
1442 691 1471 715 de

450 722 482 746 M.
501 722 587 748 Dubois
603 722 706 747 intitulée
722 722 873 747 Recherches
893 728 941 745 sur
958 720 985 745 la
1000 718 1133 752 guillotine
1148 722 1170 743 el
1186 719 1280 744 détails
1294 727 1342 745 sur
1356 721 1468 747 Sanson.

387 767 440 799 99.
468 767 608 808 IIEIM
623 766 786 808 (Fr.-Jos.),
805 767 922 799 célèbre
934 766 1051 808 peintre
1065 763 1228 801 d’histoire,
1244 764 1280 797 de
1291 764 1446 799 l’Institut.

462 816 497 845 L.
515 825 542 845 a.
560 825 596 852 s.,
613 818 630 845 8
647 816 708 846 fév.
730 819 807 853 1831,
827 819 836 846 1
856 825 885 855 p.
903 818 966 855 pet.
985 815 1059 844 in-4.

482 864 587 890 Relative
603 870 616 888 a
630 871 673 889 son
689 864 781 890 tableau
802 861 966 896 représentant
985 861 1020 887 les
1043 860 1152 894 Députés
1172 864 1317 894 apportant
1339 862 1356 887 à
1378 863 1469 889 Louis-

452 896 571 929 Philippe
583 896 656 922 lacté
668 897 698 923 de
711 904 758 922 son
771 896 876 922 élection
892 899 906 921 il
923 895 949 921 la
963 901 1100 921 couronne.

386 945 460 977 100.
489 944 660 975 HENRI
683 944 753 980 IV,
774 943 817 975 roi
836 942 872 975 de
889 942 1011 975 France.

463 994 498 1023 L.
516 1002 544 1022 a.
562 1002 586 1022 s.
605 994 622 1022 à
638 993 680 1022 M.
698 992 828 1028 Servi»;
845 994 879 1022 24
896 992 982 1028 août,
1003 994 1045 1029 1/2
1060 1000 1088 1029 p.
1106 990 1180 1019 in-f.

483 1040 499 1064 Il
521 1040 553 1064 lui
574 1039 657 1064 mande
679 1039 708 1063 de
731 1038 789 1063 faire
805 1037 899 1063 vérifier
919 1044 975 1063 sans
992 1038 1070 1062 retard
1086 1038 1119 1062 les
1133 1036 1215 1061 lettres
1232 1036 1366 1062 d’abolition
1385 1037 1441 1068 qu'il
1456 1045 1469 1063 a

451 1072 587 1102 accordées,
600 1078 670 1102 pour
685 1069 812 1095 certaines
829 1069 1036 1093 considérations
1040 1088 1046 1097 ,
1062 1074 1107 1092 aux
1125 1067 1202 1092 sieurs
1218 1068 1361 1097 I.ccourtois,
1378 1070 1470 1094 Croisct

450 1108 473 1129 et
485 1104 621 1130 Rifardeau.
637 1102 833 1128 Non-seulement
847 1104 907 1125 cette
920 1100 1062 1125 vérification
1076 1100 1176 1131 importe
1186 1106 1216 1125 au
1229 1101 1329 1132 service,
1345 1101 1404 1126 mais
1418 1101 1432 1126 h
1442 1108 1469 1127 sa

452 1142 582 1167 promesse,
597 1136 652 1166 qu'il
664 1137 718 1160 veut
727 1133 777 1159 être
787 1131 935 1158 inviolable.

385 1182 458 1214 101.
488 1182 552 1212 LE
575 1181 738 1212 MEME.
763 1184 797 1212 L.
832 1191 856 1211 s.
890 1182 908 1211 à
939 1180 1161 1219 l’archevêque
1195 1181 1302 1219 d’Aix;
1336 1183 1468 1213 Fontai¬

426 1221 575 1256 nebleau,
592 1223 627 1250 26
643 1220 706 1249 mai
725 1222 802 1254 1605,
821 1221 864 1255 1/2
882 1227 910 1256 p.
929 1217 1003 1247 in-f.

482 1268 498 1292 Il
514 1268 603 1293 l’invite
618 1267 630 1291 à
648 1266 705 1291 faire
715 1266 813 1292 chanter
827 1266 856 1290 un
876 1266 907 1290 Te
924 1265 1002 1291 Deum
1015 1271 1043 1291 en
1057 1264 1181 1292 l'honneur
1194 1265 1223 1291 du
1238 1272 1298 1299 pape
1314 1266 1371 1291 Paul
1387 1267 1415 1298 V,
1432 1267 1469 1293 élu

449 1301 470 1325 le
484 1301 512 1325 IC
524 1301 553 1325 do
564 1306 591 1324 ce
607 1300 675 1324 mois.

385 1346 457 1379 102.
487 1346 707 1378 HEURES
731 1346 841 1377 SUR
864 1345 1037 1383 VELIN,
1070 1359 1109 1379 en
1135 1349 1235 1387 latin,
1262 1359 1337 1379 avec
1361 1351 1469 1380 calen¬

426 1388 514 1417 drier
537 1397 576 1416 en
599 1387 750 1427 français,
774 1388 953 1416 manuscrit
969 1387 1006 1415 de
1028 1387 1059 1416 la
1079 1387 1122 1415 lin
1140 1387 1182 1416 du
1199 1396 1240 1416 xv
1241 1392 1251 1405 e
1267 1387 1375 1424 siècle,
1393 1397 1469 1416 avec

426 1425 580 1462 capitales
602 1426 635 1453 et
661 1426 855 1461 entourages
881 1423 1064 1452 enluminés
1087 1426 1120 1451 et
1141 1423 1311 1453 rehaussés
1334 1424 1410 1460 d’or,
1437 1427 1469 1454 et

425 1463 441 1490 4
457 1461 665 1497 miniatures;
687 1463 695 1489 1
714 1461 777 1489 vol.
796 1460 891 1495 in-12,
909 1459 1065 1488 ancienne
1083 1459 1204 1488 reliure
1221 1469 1260 1489 on
1278 1469 1369 1490 veau.

385 1511 458 1543 103.
486 1510 719 1550 JEANNIN
736 1510 776 1550 (le
795 1509 947 1550 président
963 1509 1085 1551 Pierre),
1098 1509 1214 1543 illustre
1226 1510 1343 1543 homme
1356 1510 1466 1546 d’Etat,

426 1552 476 1593 qui
491 1551 629 1593 s’opposa
642 1555 907 1588 courageusement
927 1560 985 1582 aux
1008 1559 1173 1583 massacres
1189 1551 1228 1583 de.
1243 1552 1271 1583 la
1288 1550 1470 1582 St-Barthé-

425 1593 504 1635 lemy
517 1595 534 1625 à
549 1592 648 1634 Dijon,
666 1591 818 1624 embrassa
834 1592 951 1624 ensuite
966 1591 993 1624 le
1010 1592 1084 1638 parti
1099 1592 1136 1624 de
1152 1592 1179 1624 la
1197 1592 1300 1634 Ligue,
1321 1595 1387 1633 puis
1403 1601 1469 1624 ser¬

425 1634 467 1666 vit
483 1644 553 1666 avec
569 1633 646 1665 éclat
666 1633 693 1665 la
709 1633 856 1676 politique
871 1633 907 1666 de
925 1633 1017 1666 Henri
1038 1633 1089 1665 IV.

460 1684 494 1713 L.
512 1693 539 1713 a.
558 1693 581 1713 s.
600 1684 618 1713 à
633 1684 675 1714 M.
694 1684 732 1713 de
747 1684 793 1713 La
814 1683 947 1713 Chastre
970 1684 998 1722 (à
1018 1683 1176 1720 Orléans);
1198 1683 1324 1718 Rouen,
1350 1684 1382 1711 16
1404 1682 1467 1711 mai

424 1721 544 1759 (1589?),
554 1723 563 1750 1
582 1730 612 1759 p.
630 1722 673 1759 pl.
692 1722 778 1757 in-f.,
795 1721 933 1750 cachets.

480 1768 596 1800 Dépêche,
610 1769 681 1794 écrite
694 1775 739 1794 une
750 1768 824 1800 partie
837 1775 864 1794 en
880 1767 984 1797 chiffres,
1000 1767 1125 1792 contenant
1139 1765 1180 1790 des
1191 1764 1274 1790 détails
1289 1765 1319 1789 du
1332 1764 1384 1796 plus
1395 1765 1468 1796 grand

447 1801 532 1827 intérêt
549 1809 591 1827 sur
605 1802 639 1827 les
655 1802 749 1827 affaires
766 1802 794 1827 de
810 1802 830 1826 la
847 1802 854 1826 l
865 1801 926 1832 igue,
943 1800 1002 1825 dans
1017 1798 1139 1828 lesquelles
1155 1798 1175 1822 le
1190 1797 1312 1829 président
1329 1792 1339 1822 1
1343 1797 1427 1822 carmin
1443 1804 1469 1822 sc

448 1834 552 1859 trouvait
569 1835 631 1859 alors
646 1834 743 1866 engagé.
760 1834 776 1858 Il
786 1833 879 1864 supplie
894 1833 925 1856 M.
942 1832 971 1856 de
989 1831 1020 1855 La
1036 1831 1132 1858 Châtre,
1146 1836 1175 1853 au
1186 1835 1240 1853 nom
1259 1829 1288 1854 de
1305 1830 1470 1860 Monseigneur

448 1867 480 1896 (le
492 1867 537 1891 duc
553 1867 582 1892 de
598 1868 720 1897 Mayenne,
736 1872 792 1890 sans
811 1864 891 1892 doute)
909 1863 1055 1893 d’employer
1072 1864 1134 1886 toute
1151 1867 1193 1885 son
1209 1861 1310 1886 autorité
1327 1868 1388 1891 pour
1405 1863 1468 1887 réta¬

447 1899 492 1923 blir
511 1900 533 1923 la
552 1899 628 1924 bonne
642 1899 711 1923 union
730 1899 796 1922 entre
812 1897 847 1921 les
861 1895 981 1920 habitants
994 1892 1127 1920 d'Orléans,
1146 1896 1168 1917 et
1183 1894 1309 1924 empêcher
1323 1893 1344 1918 le
1363 1895 1470 1919 mauvais

447 1930 500 1954 effet
514 1930 543 1954 de
560 1930 580 1954 la
603 1929 688 1960 plainte
707 1929 735 1952 de
755 1928 809 1952 MM.
828 1928 856 1951 de
877 1927 908 1950 La
924 1924 1049 1956 Gaignerie
1063 1926 1086 1948 et
1100 1924 1218 1954 Montigny
1240 1927 1321 1949 contre
1343 1925 1373 1949 M.
1396 1926 1469 1950 D’Er-

446 1961 565 1987 monville.
586 1961 619 1985 En
636 1961 772 1989 terminant,
789 1960 805 1983 il
820 1963 923 1983 annonce
943 1957 963 1980 la
981 1956 1088 1986 surprise
1106 1956 1137 1980 du
1156 1958 1232 1980 comte
1247 1957 1275 1981 de
1291 1956 1402 1982 Soissons
1419 1958 1471 1988 (fait

448 1993 580 2025 prisonnier
591 1999 619 2018 en
634 1998 660 2017 se
677 1992 776 2017 rendant
791 1998 803 2016 a
819 1991 912 2016 Rennes
928 1994 988 2020 pour
1004 1988 1105 2019 prendre
1121 1988 1256 2019 possession
1269 1988 1298 2013 de
1309 1995 1352 2013 son
1367 1995 1470 2020 gouver¬

446 2028 540 2051 nement
555 2026 583 2051 de
600 2024 733 2056 Bretagne).

383 2071 456 2103 104.
486 2069 741 2111 IIUVGENS
757 2066 969 2111 (Constantin),
994 2069 1098 2097 secret,
1121 2064 1172 2096 des
1194 2064 1470 2098 commandements

423 2113 461 2144 du
479 2112 582 2155 prince
602 2112 762 2152 d’Orange,
780 2109 896 2142 célèbre
914 2110 998 2150 poète
1015 2106 1101 2143 latin,
1121 2107 1190 2146 père
1209 2106 1245 2137 de
1267 2107 1466 2139 l'astronome.

460 2162 495 2192 L.
508 2171 544 2198 s.,
563 2171 602 2191 en
620 2161 770 2196 français,
788 2169 863 2189 avec
880 2159 911 2188 la
927 2156 1097 2193 souscript.
1114 2157 1181 2185 aut.
1192 2166 1199 2192 ;
1216 2156 1350 2192 Anvers,
1368 2159 1385 2187 2
1400 2156 1468 2187 déc.

426 2201 503 2235 1635,
524 2201 533 2227 1
553 2208 581 2236 p.
600 2193 670 2227 in-f.

480 2246 557 2270 Lettre
579 2244 688 2270 adressée
710 2244 723 2268 à
747 2249 777 2268 un
798 2242 927 2268 littérateur
950 2240 989 2271 qui
1014 2247 1027 2265 a
1052 2239 1142 2271 envoyé
1162 2246 1192 2265 un
1213 2246 1317 2271 ouvrage
1336 2247 1365 2265 au
1391 2242 1471 2273 prince

446 2277 572 2309 d’Orange.

383 2324 457 2356 108.
484 2319 962 2361 LACIIAMREAURIE
987 2318 1127 2361 (Pierre),
1158 2318 1186 2350 le
1209 2317 1348 2352 fabuliste
1375 2331 1469 2363 popu¬

425 2365 507 2396 laire.

460 2413 495 2442 L.
513 2422 541 2442 a.
558 2422 582 2443 s.
600 2415 699 2451 (1848),
720 2416 761 2449 1/2
777 2423 806 2451 p.
825 2414 902 2442 in-8.
919 2413 1054 2441 Curieuse.
