1892 2838
891 345 927 376 -
953 345 988 376 12
1012 362 1047 368 -

467 414 592 441 sèment
608 411 800 449 d'Etarnpes,
818 421 894 443 avec
911 414 942 443 la
958 413 1164 451 désignation
1184 415 1222 444 de
1239 416 1327 445 leurs
1340 416 1512 450 fonctions,

468 448 500 477 la
523 448 596 478 date
623 448 661 477 de
688 449 760 478 leur
782 448 971 480 institution
990 458 1046 487 par
1062 450 1205 488 l’évèque
1221 451 1259 481 de
1276 452 1463 488 Versailles,
1480 454 1514 481 et

468 486 575 514 toutes
600 485 689 515 leurs
712 485 914 523 signatures;
939 496 979 516 an
1004 488 1046 522 10,
1069 489 1101 515 10
1117 495 1146 524 p.
1169 488 1239 518 in-f.
1258 489 1400 518 Curieux
1418 489 1513 519 docu¬

467 523 565 551 ment.

425 573 477 605 75.
507 574 538 604 F
540 573 617 604 AV
619 572 737 615 ART
754 572 900 616 (Ch.-S.),
920 575 1037 607 célèbre
1055 579 1162 606 auteur
1176 574 1376 617 dramatique.

509 624 534 650 1°
551 622 638 661 Reçu
657 625 723 652 aut.
741 624 813 665 sig.,
834 626 912 659 1777,
936 625 1010 653 in-8.
1030 640 1065 646 —
1085 626 1114 653 2°
1131 625 1276 660 llippolytc
1291 628 1315 653 et
1332 626 1435 658 Aride,
1457 634 1511 662 pa¬

465 658 556 687 rodie
572 660 651 693 aut.,
673 661 704 689 15
719 668 747 697 p.
767 660 836 690 în-f.
856 660 906 689 Un
923 670 985 697 peu
1002 660 1139 697 fatigué.

424 708 475 739 76.
505 709 612 749 FAIT
644 709 822 750 (Léontine),
853 709 939 741 dame
969 710 1092 752 Volnys,
1134 710 1297 743 excellente
1327 710 1437 743 actrice
1469 711 1510 743 du

462 747 757 789 Théâtre-Français.

498 800 516 826 2
533 798 552 826 I.
571 807 598 827 a.
616 807 640 827 s.
659 798 677 827 à
692 798 791 828 Klein
806 801 840 829 et
855 799 874 830 à
887 799 1046 838 Leménil,
1067 803 1144 837 1843,
1162 804 1180 831 2
1196 810 1224 840 p.
1243 802 1318 831 in-8.

421 849 475 882 77.
505 850 726 882 FERUES
747 852 1034 884 PEINTRES.
1052 854 1071 883 3
1087 853 1199 884 lettres.

498 899 632 937 Lebrun
649 900 690 937 (M
694 907 712 919 m
715 903 725 930 °
746 901 860 938 Vigcc-),
878 902 933 931 let.
950 903 1030 935 aut.,
1048 902 1109 936 sig.
1127 902 1145 930 à
1160 902 1192 931 la
1203 904 1231 930 3°
1243 911 1337 941 pers.,
1351 910 1391 930 au
1405 904 1508 931 comte

462 936 500 964 de
517 936 649 971 Forbin,
676 940 685 966 1
712 945 741 975 p.
766 937 840 965 in-8.
865 937 1021 967 Portrait.
1039 940 1074 968 —
1089 940 1218 977 Mirbel
1237 942 1281 977 (L.
1304 939 1362 976 de),
1382 940 1391 967 1
1412 947 1440 981 p.
1462 941 1509 975 1/4

463 971 540 1002 in-8.
557 972 591 1001 —
608 972 966 1011 Houdkbourg-Lescot
982 974 1105 1013 (Hort,.),
1124 978 1141 1006 3
1157 985 1185 1015 p.
1204 975 1281 1007 in-8.
1299 977 1455 1006 Portrait.

420 1023 472 1056 78.
502 1025 723 1056 FERMES
745 1026 968 1058 POETES.
995 1026 1014 1057 6
1031 1026 1081 1058 let.
1101 1032 1163 1059 aut.
1180 1027 1238 1070 sig.

501 1072 681 1110 Dufrénoy
698 1075 743 1110 (M
747 1081 777 1092 mc
780 1075 799 1111 ),
818 1075 901 1112 petit
918 1075 1022 1104 billet.
1040 1076 1074 1104 —
1092 1076 1252 1112 Valmorf,
1269 1077 1474 1113 (Marceline)
1491 1078 1509 1106 à

461 1107 598 1144 Jacques
617 1109 734 1147 Arago,
754 1112 859 1144 1832,3
876 1119 904 1147 p.
924 1111 998 1138 in-8.
1018 1111 1166 1152 Frippée.
1180 1111 1214 1139 —
1224 1111 1330 1148 Tastu
1343 1113 1506 1149 (Amable),

460 1144 477 1171 2
488 1143 609 1172 billets.
622 1145 656 1172 —
667 1145 818 1181 Ancelot
830 1145 1010 1183 (Virginie),
1022 1149 1104 1183 petit
1116 1146 1221 1175 billet.
1229 1164 1264 1168 —
1273 1148 1399 1185 Beij.oc
1410 1149 1452 1186 (M
1455 1155 1481 1167 m<
1481 1152 1506 1185 '),

463 1180 471 1207 1
493 1188 521 1216 p.
540 1179 614 1208 in-8.

420 1229 473 1261 79.
502 1230 674 1261 FETES
695 1232 765 1262 RE
789 1231 1039 1267 L’EGEISE.
1065 1237 1269 1268 Recherches
1289 1247 1347 1268 sur
1362 1238 1408 1268 les
1424 1240 1506 1269 fêtes

461 1270 499 1298 de
516 1270 658 1307 l’Eglise,
675 1274 708 1300 et
724 1280 763 1300 en
782 1272 975 1313 particulier
989 1282 1046 1302 sur
1062 1274 1159 1303 celles
1176 1275 1217 1303 du
1236 1275 1362 1304 diocèse
1384 1275 1421 1305 de
1448 1277 1507 1305 Pa¬

461 1305 517 1340 ris,
544 1307 723 1337 manuscrit
747 1308 889 1345 original
915 1309 998 1338 écrit
1022 1319 1062 1339 au
1088 1311 1201 1340 milieu
1222 1311 1264 1340 du
1288 1318 1380 1342 xvni°
1396 1313 1505 1347 siècle,

460 1342 607 1380 composé
634 1341 672 1372 de
697 1344 823 1373 cahiers
846 1347 879 1374 et
903 1345 940 1374 de
962 1347 1054 1376 notes
1075 1347 1217 1376 formant
1233 1348 1264 1377 la
1280 1349 1414 1378 matière
1431 1349 1505 1379 d’un

461 1378 526 1408 fort
543 1379 671 1409 volume
689 1380 830 1411 in-folio.

418 1430 469 1462 80.
499 1431 776 1474 FRANÇOIS
799 1434 818 1464 I
821 1439 843 1453 er
848 1444 854 1471 ,
878 1434 920 1466 roi
940 1434 976 1466 de
992 1433 1112 1466 France.

495 1480 530 1510 L.
548 1489 571 1509 s.
591 1481 608 1509 à
622 1481 665 1510 M.
683 1482 868 1518 Duchillou,
893 1484 1113 1521 vice-amiral;
1134 1484 1257 1520 Autun,
1278 1487 1310 1515 12
1330 1485 1417 1522 août,
1441 1488 1449 1515 1
1475 1496 1503 1524 p.

460 1515 530 1546 in-f.
548 1518 620 1546 Belle
630 1519 713 1553 pièce.

517 1563 533 1586 Il
546 1566 581 1588 esl
594 1562 643 1587 très
656 1565 705 1588 aise
723 1564 779 1595 qu'il
800 1563 832 1588 ail
846 1563 887 1589 fait
902 1567 996 1591 rentrer
1011 1566 1033 1590 la
1049 1567 1090 1592 nef
1104 1567 1184 1599 Loysi
1198 1574 1227 1593 au
1245 1568 1333 1597 Havre,
1354 1570 1376 1593 et
1395 1574 1441 1599 que
1460 1568 1506 1594 l’on

484 1594 517 1618 ait
528 1594 570 1619 fait
584 1594 659 1618 sortir
670 1595 712 1620 (1rs
724 1595 820 1620 navires
834 1595 864 1621 de
881 1597 994 1622 Honneur
1006 1599 1030 1622 et
1051 1599 1081 1624 de
1099 1600 1188 1631 Dieppe
1210 1606 1272 1631 pour
1291 1601 1378 1631 garder
1394 1601 1427 1626 les
1442 1602 1507 1626 côtes

484 1628 565 1650 contre
581 1626 614 1651 les
631 1626 746 1652 ennemis.
764 1627 780 1651 Il
796 1627 883 1658 charge
898 1629 972 1653 Jehan
988 1630 1122 1659 Gombault,
1139 1632 1263 1657 conseiller
1285 1639 1313 1657 au
1330 1633 1467 1664 parlement,
1484 1638 1508 1658 et

483 1658 605 1689 Conflans,
620 1665 662 1683 son
680 1660 782 1691 premier
794 1659 905 1690 huissier,
921 1661 950 1686 de
967 1661 1048 1687 visiter
1062 1663 1096 1688 les
1110 1664 1176 1688 côtes
1189 1665 1218 1688 de
1234 1665 1387 1695 Notmandic,
1403 1665 1433 1692 de
1449 1666 1506 1691 Ure-

484 1693 553 1723 tagne
575 1694 597 1716 cl
616 1691 645 1717 de
668 1692 783 1723 Guicnnc,
800 1699 860 1724 pour
877 1693 929 1718 voir
949 1693 978 1718 de
999 1695 1066 1725 quels
1085 1696 1210 1721 vaisseaux
1226 1699 1249 1722 et
1263 1697 1292 1722 de
1312 1698 1379 1728 quels
1397 1704 1455 1730 gens
1475 1705 1505 1723 on

483 1725 589 1756 pourrait
606 1732 632 1750 se
649 1726 727 1751 servir
742 1732 771 1750 au
791 1724 880 1751 besoin.
903 1726 920 1751 11
935 1727 1101 1753 recommande
1116 1734 1161 1759 que
1180 1728 1226 1754 l'on
1246 1735 1274 1754 ne
1293 1735 1365 1754 coure
1386 1731 1450 1761 point
1465 1737 1505 1756 sus

483 1764 528 1782 aux
542 1764 600 1789 gens
611 1759 652 1784 des
665 1759 714 1784 rois
728 1758 891 1790 d’Angleterre
905 1761 927 1785 et
941 1759 971 1785 de
987 1759 1106 1792 Portugal,
1122 1767 1161 1786 ses
1175 1761 1251 1787 alliés.

417 1802 451 1835 81
464 1827 469 1833 .
498 1803 563 1835 EE
599 1793 763 1838 MÊME.
796 1809 831 1839 L.
849 1817 886 1846 s.,
908 1811 1045 1840 contres.
1066 1811 1186 1848 Bayard,
1210 1811 1228 1841 à
1246 1812 1288 1842 M.
1310 1813 1503 1857 Thesnaige,

457 1852 513 1873 son
537 1844 766 1875 ambassadeur
789 1847 904 1885 auprès
928 1846 965 1875 de
992 1847 1254 1887 Charles-Quint;
1278 1851 1503 1888 Romorentin,

457 1882 490 1909 27
508 1890 556 1910 av.
577 1883 654 1917 1545,
674 1885 683 1911 1
692 1884 724 1919 /2
739 1892 768 1920 p.
787 1883 860 1913 in-f.

515 1928 531 1953 Il
547 1928 578 1952 lui
595 1928 671 1953 donne
683 1929 725 1954 des
738 1929 890 1956 instructions
904 1937 946 1955 sur
965 1930 987 1956 le
1006 1931 1106 1964 langage
1121 1939 1166 1964 que
1184 1932 1206 1958 le
1221 1932 1302 1965 prince
1320 1934 1350 1959 de
1368 1934 1401 1959 La
1417 1935 1507 1960 lloche-

480 1960 587 1985 sur-Yon
597 1960 648 1985 doit
658 1961 720 1986 tenir
734 1962 748 1986 h
762 1962 920 1993 l'Empereur.

415 2004 468 2036 82.
498 1992 731 2048 GÉRARD
771 2007 957 2049 (François),
985 2009 1080 2049 grand
1113 2010 1230 2050 peintre
1265 2009 1436 2048 d’histoire,
1468 2011 1505 2043 de

456 2044 610 2077 l’Institut.

493 2094 528 2123 L.
546 2103 573 2123 a.
591 2103 615 2123 s.
634 2094 651 2122 à
668 2104 730 2124 une
748 2104 905 2132 personne
922 2096 976 2133 qui
994 2097 1072 2126 veut
1092 2096 1139 2125 lui
1162 2097 1243 2127 faire
1266 2097 1346 2128 faire
1368 2107 1411 2129 un
1433 2100 1503 2131 des¬

456 2130 522 2168 sin;
539 2134 571 2161 21
585 2130 664 2169 juil.
684 2133 762 2167 1827,
778 2134 796 2160 2
810 2140 840 2169 p.
859 2132 933 2161 in-8.
949 2134 1017 2161 Jolie
1028 2135 1111 2171 pièce.

414 2180 468 2213 83.
496 2169 781 2225 GRÉGOIRE
804 2182 930 2225 (Henri),
953 2184 1069 2218 célèbre
1098 2184 1282 2220 constituant
1312 2191 1340 2219 et
1371 2197 1502 2220 conven¬

455 2223 579 2256 tionnel.

488 2273 524 2301 L.
541 2282 569 2303 a.
586 2283 610 2304 s.
628 2274 646 2303 à
661 2274 704 2304 M.
722 2275 865 2314 Masson;
883 2276 991 2313 Paris,
1013 2279 1048 2307 28
1064 2277 1155 2316 juill.
1179 2280 1258 2315 1810,
1277 2281 1288 2309 1
1308 2288 1338 2318 p.
1358 2281 1400 2315 1/4
1420 2280 1499 2309 in-4.

508 2318 666 2347 Intéressante
690 2322 760 2347 lettre
784 2322 881 2348 relative
907 2323 921 2347 à
946 2323 968 2347 la
991 2323 1133 2349 découverte
1153 2324 1245 2350 récente
1268 2325 1297 2350 de
1320 2324 1448 2363 l’épitaphe
1473 2326 1501 2352 de

474 2348 570 2380 Racine,
587 2358 647 2383 pour
662 2355 683 2379 la
698 2354 863 2380 conservation
878 2355 907 2380 de
921 2355 1022 2385 laquelle
1036 2356 1051 2380 il
1066 2361 1155 2386 engage
1176 2357 1206 2380 M.
1229 2358 1322 2383 Masson
1338 2357 1352 2382 à
1376 2349 1435 2384 faire
1457 2359 1499 2385 des

471 2380 609 2409 démarches
626 2385 713 2417 auprès
730 2386 762 2410 du
782 2385 889 2412 ministre
901 2387 931 2411 de
947 2386 1076 2413 l’intérieur
1089 2390 1112 2413 et
1130 2388 1161 2413 du
1177 2388 1253 2420 préfet
1269 2390 1299 2416 de
1315 2390 1499 2422 Seine-et-Oise,
