1424 2299
627 113 662 117 —
682 97 715 125 13
734 110 768 118 —

115 171 166 199 116
186 173 345 208 Marrast
361 171 530 208 (Armand),
551 172 718 201 rédacteur
739 181 777 200 en
802 172 876 200 chef
897 173 938 202 du
966 175 1100 205 National,
1118 173 1280 210 président

187 208 224 235 de
248 207 451 236 l’Assemblée
467 208 683 237 constituante
708 217 747 236 en
772 209 849 236 1848.
864 224 891 228 —
924 208 959 237 L.
986 217 1013 237 a.
1039 217 1063 238 s.
1089 210 1106 237 à
1133 209 1280 237 l’éditeur

186 243 354 278 Ladvocat;
367 243 636 280 Sainte-Pélagie,
649 246 657 271 1
663 250 686 265 er
697 244 757 273 fév.
771 244 876 278 1832,2
889 252 916 279 p.
930 244 1003 273 in-8.
1017 245 1181 273 Curieuse.
1211 245 1227 272 8
1265 255 1279 269 »

115 279 165 307 117
185 280 406 307 Maximilien
434 281 449 308 I
452 285 481 300 er
484 288 491 314 ,
521 288 689 317 empereur
717 280 984 316 d’Allemagne.—
1015 281 1107 308 Pièce
1136 281 1159 309 si
1166 289 1195 317 g.
1226 288 1281 308 sur

186 315 288 350 vélin;
318 315 492 350 Cœnelens,
523 316 556 343 16
585 316 666 344 avril
696 318 706 343 1
722 316 774 350 >09,
804 318 815 343 1
847 324 875 352 p.
906 316 1013 345 in-fol.
1043 316 1107 345 obi.
1139 316 1184 345 Un
1220 324 1279 351 peu

187 351 300 385 fripée.
1195 352 1228 379 22
1266 362 1280 377 »

222 385 307 411 Ordre
323 387 355 410 de
370 393 452 417 payer
467 394 504 411 un
520 387 659 412 trimestre
674 387 706 412 de
722 394 765 412 ses
780 394 864 419 gages
884 388 899 411 à
919 394 970 412 son
985 388 1139 417 secrétaire,
1162 387 1281 414 Antoine

187 418 220 443 de
239 418 430 449 Waudripont.

116 450 167 477 118
187 451 553 485 Maximilien-Joseph
567 451 625 484 I«r,
638 450 684 478 roi
698 450 734 477 de
746 450 926 478 Bavière.—
946 451 980 479 L.
993 460 1020 479 a.
1033 460 1069 485 s.,
1081 460 1119 479 en
1132 451 1280 490 français,

188 494 227 513 au
250 486 389 522 marquis
405 486 442 514 de
459 486 623 521 Cubières;
646 486 929 522 Nymphenbourg,
954 487 988 514 22
1009 487 1082 523 juin
1109 487 1187 522 1821,
1209 481 1224 514 “l
1252 495 1281 523 p.

189 522 251 557 pet.
269 522 345 555 in-4,
363 522 472 550 cachet
488 522 504 549 à
519 530 568 550 ses
584 530 697 550 armes.
713 521 795 550 Jolie
812 522 919 550 lettre.
1201 523 1229 550 12
1267 533 1281 548 »

117 558 168 585 119
188 558 350 593 Mazarin
365 557 404 593 (le
419 557 582 591 cardinal),
598 558 747 586 l’illustre
764 558 887 585 homme
903 557 1016 586 d’Etat.
1029 574 1060 579 —
1080 557 1115 586 L.
1137 567 1164 586 a.
1186 566 1222 591 s.,
1244 567 1282 586 en

188 593 313 626 italien,
330 593 348 620 à
365 602 404 621 un
421 593 539 629 prélat;
556 593 658 628 Paris,
675 594 691 621 8
707 593 787 621 avril
804 593 881 628 1640,
899 593 915 620 2
931 602 958 629 p.
976 594 1053 622 in-4.
1198 594 1231 621 40
1269 604 1282 619 »

224 629 267 652 Au
281 628 352 659 sujet
365 629 397 654 de
410 629 435 653 la
448 629 564 653 mission
577 629 643 654 dont
660 629 679 653 il
696 632 737 653 est
755 630 881 660 question
898 630 931 654 de
948 630 973 654 le
994 630 1108 660 charger
1119 637 1154 654 au
1169 631 1284 661 congrès

188 660 221 684 de
237 661 354 691 Cologne
369 668 438 691 pour
452 661 479 684 la
493 661 652 685 conclusion
667 660 700 685 de
717 661 742 685 la
758 661 831 691 paix.

116 692 168 719 120
188 692 366 727 Méhègan
384 692 526 727 (J.-A.-T.
544 692 591 728 de)
608 692 776 727 ,maréchal
799 692 836 720 de
860 700 959 728 camp,
980 692 1099 720 officier
1120 692 1283 728 distingué

189 727 243 764 qui
261 736 292 755 se
308 728 433 763 signala
448 736 504 763 par
519 736 552 756 sa
570 728 724 755 bravoure
740 727 857 756 durant
872 728 903 756 la
919 736 1034 763 guerre
1058 727 1095 755 de
1118 729 1194 765 Sept
1209 730 1282 762 Ans,

189 765 272 791 mort
288 771 326 791 en
341 763 456 791 1792.—
470 763 505 791 L.
520 772 546 791 a.
564 772 588 792 s.
605 772 645 791 au
661 764 772 799 duc...;
790 763 903 798 Gotha,
921 764 953 791 16
969 765 1029 791 mai
1047 763 1126 798 1762,
1142 763 1157 791 3
1174 772 1201 800 p.
1222 765 1282 799 pet.

188 800 266 826 in-4.
284 799 371 827 Belle
390 799 497 827 lettre.
1199 800 1232 827 15
1269 809 1282 824 »

118 834 165 862 121
188 835 418 869 Melanchton
433 834 613 871 (Philippe),
636 835 784 863 l’illustre
805 835 1027 863 réformateur.
1042 851 1076 855 —
1101 835 1193 863 Pièce
1219 837 1284 863 aut.

190 871 263 904 si{?.,
280 879 318 898 en
335 870 426 903 latin,
443 871 454 897 1
476 879 503 906 p.
521 870 628 899 in-fol.
1200 870 1233 898 20
1270 882 1284 896 »

118 906 169 934 122
189 907 358 941 Mélissus
375 906 486 941 (Paul),
506 915 547 934 un
563 907 617 934 des
633 906 703 942 plus
719 906 858 934 célèbres
874 906 980 942 poètes
999 906 1096 934 latins
1112 906 1286 934 allemands

189 943 230 970 du
247 949 312 970 xvi“
329 942 435 976 siècle,
453 943 514 969 ami
531 942 568 969 de
585 942 704 970 Ramus
721 944 752 969 et
767 941 896 970 d’Henri
920 941 1082 974 Estienne,
1106 942 1285 970 surnommé

190 978 219 1006 le
238 979 353 1005 Vindare
365 979 396 1005 de
409 979 582 1013 l’Allemagne
585 999 591 1012 ,
610 978 647 1005 né
663 986 702 1006 en
719 977 796 1011 1539,
814 981 897 1006 mort
912 986 951 1005 en
968 977 1084 1004 1602.—
1099 977 1133 1006 L.
1151 987 1177 1005 a.
1195 986 1231 1011 s.,
1248 986 1286 1005 en

190 1014 283 1047 latin,
296 1014 312 1041 à
322 1013 412 1042 Juste
424 1013 527 1050 Lipse;
540 1013 643 1048 Paris,
656 1015 671 1040 4
683 1022 764 1041 mars
777 1014 855 1045 1585,
869 1015 878 1040 1
894 1022 922 1049 p.
935 1014 1011 1041 in-4.
1024 1016 1101 1041 Rare.
1200 1014 1234 1041 25
1272 1024 1285 1038 »

225 1050 248 1074 Il
261 1057 295 1074 ne
312 1050 415 1074 voulait
427 1056 477 1080 pas
493 1050 531 1074 lui
548 1050 642 1078 écrire,
661 1050 699 1074 lui
717 1052 799 1080 ayant
816 1049 875 1080 déjà
893 1050 1004 1074 adressé
1021 1050 1092 1073 deux
1110 1050 1204 1074 lettres
1221 1056 1286 1074 avec

188 1081 212 1105 le
227 1081 324 1112 poème
337 1082 371 1105 de
386 1081 419 1105 de
431 1081 508 1105 Thou
520 1081 739 1112 (probablement
752 1080 777 1105 le
787 1080 821 1105 de
832 1088 864 1105 re
874 1081 1092 1112 accepitraria).
1108 1081 1130 1105 Il
1141 1081 1287 1111 s'inquiète

191 1114 224 1136 de
249 1119 278 1137 sa
304 1112 418 1136 maladie
443 1115 469 1137 et
492 1113 530 1136 lui
554 1113 643 1137 donne
668 1113 716 1136 des
740 1112 857 1137 conseils
879 1119 948 1143 pour
972 1119 1002 1136 sa
1027 1112 1113 1136 santé.
1140 1113 1232 1137 Douza
1255 1119 1286 1135 va

193 1143 298 1168 bientôt
313 1151 377 1168 sans
392 1143 474 1168 doute
486 1144 526 1168 les
538 1143 662 1168 accabler
674 1144 707 1168 de
721 1151 764 1168 ses
777 1150 838 1168 vers
851 1146 877 1168 et
890 1144 922 1168 de
937 1151 980 1168 ses
993 1144 1096 1168 lettres.

124 1175 174 1203 123
194 1175 322 1210 Mengs
337 1175 598 1211 (Ant.-Raphaël),
615 1183 657 1202 un
674 1175 727 1203 des
743 1175 813 1211 plus
828 1175 967 1203 célèbres
984 1175 1125 1211 peintres
1136 1174 1173 1202 de
1186 1174 1289 1202 l’Alle¬

195 1219 320 1247 magne,
333 1210 370 1238 né
383 1219 420 1238 en
433 1210 568 1238 Bohême
580 1219 618 1238 en
631 1211 709 1245 1728,
721 1213 803 1239 mort
812 1219 850 1238 en
865 1211 978 1239 1779.—
988 1211 1021 1239 L.
1032 1219 1059 1238 a.
1070 1219 1106 1245 s.,
1117 1219 1155 1238 en
1165 1210 1288 1245 italien;

196 1247 229 1274 13
245 1247 410 1274 décembre
427 1246 506 1281 1768,
522 1247 573 1282 3/4
589 1246 626 1274 de
642 1255 671 1283 p.
689 1247 765 1274 in-8.
1204 1245 1237 1273 30
1275 1257 1288 1270 ->

124 1282 175 1310 124
195 1283 410 1316 Metternich
426 1282 464 1316 (le
482 1283 589 1318 prince
606 1282 663 1317 de),
682 1283 710 1310 le
728 1282 849 1310 célèbre
866 1282 1037 1318 diplomate
1054 1282 1291 1309 autrichien.—

195 1318 229 1346 L.
248 1327 274 1346 a.
292 1327 327 1351 s.,
344 1318 582 1354 Kœnigsmark,
596 1318 612 1345 3
627 1318 755 1346 octobre
772 1318 850 1351 1855,
867 1317 882 1344 2
898 1326 925 1354 p.
942 1317 994 1352 3/4
1010 1318 1087 1346 in-8.
1206 1318 1238 1344 15
1275 1328 1289 1342 »

231 1354 299 1378 Très
313 1354 438 1378 curieuse
445 1351 534 1378 lettre
551 1354 619 1378 dans
636 1354 753 1385 laquelle
769 1354 788 1377 il
806 1354 845 1378 dit
862 1361 915 1385 que
932 1354 1043 1383 n'ayant
1060 1355 1122 1385 plus
1139 1354 1154 1378 à
1174 1360 1290 1384 gouver¬

196 1393 245 1410 ner
259 1387 299 1411 les
314 1385 448 1412 hommes,
465 1385 483 1409 il
498 1392 583 1416 songe
598 1386 613 1409 à
629 1386 714 1410 écrire
730 1386 778 1410 des
792 1385 949 1410 mémoires,
966 1379 987 1409 il
1005 1392 1132 1415 compare
1149 1385 1175 1410 la
1194 1391 1291 1415 guerre

197 1419 274 1442 entre
289 1418 315 1441 la
330 1418 431 1441 France
447 1419 473 1441 et
488 1417 513 1441 la
528 1417 627 1441 Russie
642 1417 658 1441 à
673 1424 711 1441 un
725 1416 890 1447 cataclysme
905 1416 1115 1444 ante-diluvien,
1132 1418 1184 1440 etc.

126 1448 178 1476 125
196 1449 364 1481 Mignard
393 1448 534 1481 (Pierre),
564 1448 592 1476 le
623 1447 722 1481 grand
752 1448 925 1481 peintre.—
949 1448 1119 1479 Quittance
1149 1448 1207 1481 sig.
1238 1455 1293 1475 sur

198 1485 294 1517 vélin;
316 1483 392 1518 1693,
408 1484 485 1511 in-8.
1207 1482 1240 1510 20
1277 1494 1291 1508 »

126 1524 177 1552 126
197 1525 383 1559 Mirabeau
399 1524 577 1559 (H.-G.-R.,
594 1526 695 1552 comte
713 1523 779 1559 de),
797 1524 947 1552 l’illustre
964 1525 1105 1551 orateur.
1121 1539 1147 1543 —
1160 1523 1194 1551 L.
1211 1532 1238 1551 a.
1256 1532 1292 1556 s.;

198 1560 348 1596 (château
366 1560 403 1587 de
419 1559 618 1594 Vincennes),
636 1560 667 1586 17
684 1559 759 1587 août
778 1560 852 1593 1778,
870 1561 881 1586 1
904 1567 930 1595 p.
948 1559 1025 1587 in-8.
1206 1558 1239 1586 30
1276 1570 1290 1584 »

236 1596 306 1621 Jolie
319 1597 397 1621 lettre
412 1596 494 1620 écrite
506 1596 539 1620 de
554 1596 657 1627 prison,
672 1595 740 1620 dans
755 1596 870 1627 laquelle
885 1595 904 1619 il
917 1597 959 1619 est
969 1595 1098 1626 question
1108 1595 1141 1619 de
1152 1601 1202 1619 son
1215 1595 1294 1619 amie

200 1627 315 1658 (Sophie
332 1627 480 1658 Monnior).

129 1663 179 1691 127
199 1664 292 1698 Molé
307 1663 352 1698 (le
368 1664 469 1691 comte
486 1662 658 1697 Mathieu),
676 1661 799 1690 célèbre
816 1663 939 1690 homme
956 1662 1076 1696 d’Etat,
1094 1662 1239 1690 ministre
1256 1662 1293 1689 de

199 1698 467 1734 Louis-Philippe,
480 1698 516 1726 de
528 1698 715 1726 l’Académie
728 1698 938 1726 française.—
950 1698 982 1726 L.
993 1707 1021 1726 a.
1033 1707 1057 1726 s.
1076 1707 1114 1726 au
1133 1698 1293 1732 baron...;

199 1735 301 1768 Paris,
317 1734 350 1762 23
365 1735 426 1762 mai
439 1735 516 1768 1844,
534 1736 544 1761 1
564 1742 592 1770 p.
609 1734 686 1762 in-8.
1211 1733 1242 1761 10
1279 1744 1294 1758 »

238 1771 310 1795 Belle
326 1771 405 1795 lettre
419 1771 452 1795 de
466 1771 718 1795 recommandation
733 1777 766 1794 en
784 1771 877 1795 faveur
890 1769 1010 1794 d’Alfred
1026 1770 1059 1794 de
1078 1769 1176 1800 Vigny.

129 1806 180 1833 128
200 1807 331 1841 Monck
349 1806 538 1842 (Georges),
560 1806 620 1833 duc
637 1806 856 1840 d’Albemarle,
873 1805 997 1833 célèbre
1015 1805 1143 1841 général
1160 1805 1294 1841 anglais,

200 1842 229 1869 le
245 1844 466 1870 restaurateur
490 1842 526 1869 de
549 1841 678 1870 Charles
702 1842 739 1870 II.
755 1858 790 1861 —
804 1842 871 1870 Let.
893 1841 952 1877 sig.
970 1850 1008 1869 au
1026 1841 1150 1869 colonel
1175 1841 1295 1869 Robert

199 1877 338 1910 Bennet;
356 1878 388 1905 12
404 1886 485 1906 mars
504 1877 580 1911 1659,
597 1877 648 1912 1/2
664 1886 692 1914 p.
710 1877 783 1906 in-f.
1210 1877 1243 1904 15
1280 1887 1294 1902 »

129 1917 180 1944 129
200 1919 414 1954 Montalivet
429 1918 685 1954 (Marc-Camille,
701 1921 801 1945 comte
818 1917 880 1953 de),
897 1917 1043 1945 ministre
1062 1917 1103 1944 du
1120 1917 1167 1944 roi
1184 1916 1295 1944 Louis-

200 1953 360 1990 Philippe.
378 1970 409 1974 —
426 1958 493 1982 Let.
510 1953 569 1989 sig.
587 1962 626 1981 au
643 1953 740 1981 baron
760 1953 797 1981 de
819 1953 1021 1989 Perregaux;
1045 1952 1147 1986 Paris,
1171 1952 1204 1980 23
1227 1960 1295 1988 sep¬

200 1989 324 2017 tembre
341 1989 418 2024 1830,
436 1990 447 2025 1
467 1998 494 2025 p.
512 1989 584 2017 in-f.
1212 1988 1244 2015 10
1281 1998 1295 2014 »

240 2025 262 2048 Il
275 2028 393 2054 regrette
411 2026 443 2050 de
456 2032 490 2049 ne
505 2032 554 2056 pas
566 2025 682 2056 pouvoir
694 2025 806 2049 accéder
821 2031 856 2049 au
868 2024 941 2048 désir
956 2025 992 2048 du
1008 2023 1144 2048 maréchal
1161 2024 1297 2048 Marmont

203 2057 248 2087 qui
259 2056 387 2086 réclame,
397 2064 445 2087 par
456 2063 505 2081 son
521 2056 735 2084 intermédiaire,
745 2063 798 2080 une
806 2056 912 2080 voiture
926 2056 962 2080 lui
978 2058 1158 2086 appartenant
1172 2057 1198 2079 et
1210 2054 1257 2086 qui
1267 2061 1295 2079 se

202 2089 296 2111 trouve
312 2088 428 2118 déposée
438 2088 506 2112 dans
521 2088 561 2112 les
574 2087 688 2112 remises
700 2088 748 2112 des
763 2087 908 2115 Tuileries;
925 2087 943 2111 il
959 2086 1092 2111 l’informe
1104 2093 1155 2118 que
1169 2087 1193 2111 le
1206 2087 1296 2111 maré-
