1424 2299
109 193 222 221 XVIII
224 199 236 213 8
250 193 374 222 année.

586 193 634 220 N»
652 192 707 221 80.
900 192 1055 221 Ootobre
1068 191 1169 225 1893.

455 302 825 355 REVUE

616 381 671 405 DflS

67 436 1231 588 AUTOGRAPHES
210 631 274 676 DE|
285 624 480 670 CURIOSITÉS
498 633 536 669 DE
553 632 729 669 L’HISTOIRE
747 634 773 670 &
789 633 827 670 DE
843 633 877 669 LA
895 633 1084 669 BIOGRAPHIE

330 697 438 726 Fondée
453 706 491 727 en
506 698 576 726 1866
592 706 644 733 par
660 698 775 727 Gabriel
789 698 974 726 CHARAVAT

86 748 373 781 Ï^RjfLlSSXlkT
388 756 564 782 CHAQUE
582 756 696 781 MOIS,
708 756 817 779 SOUS
834 756 893 779 LA
906 755 1141 779 DIRECTION
1156 756 1212 778 DE

380 804 559 839 EUGÈNE
588 811 834 839 CHARAVAY
854 810 926 838 Fils

234 905 274 933 IX
293 904 337 932 DE
357 905 631 933 L’ABONNEUENT
647 914 652 933 :
677 906 753 933 Pour
766 913 807 933 un
821 913 859 933 an
874 905 921 941 (12
936 904 1088 941 numéros)
1105 913 1111 933 :

70 955 179 983 France,
191 954 240 985 31.;
250 954 392 985 Etranger,
402 954 416 978 4
427 953 520 980 k.—On
529 953 658 980 s’abonne
666 955 682 979 à
691 955 777 982 Paris,
787 954 896 979 chezM.
906 953 1018 985 Eugène
1026 954 1234 982 CHARAVAY,

377 991 400 1019 8,
420 990 484 1022 quai
501 991 538 1015 du
555 991 707 1016 Louvre.—
715 990 748 1014 Et
757 991 773 1015 à
781 991 920 1015 Londres:

162 1026 270 1051 chezM.
280 1027 374 1051 A.-W.
386 1027 591 1055 Thibaudkau,
601 1026 637 1055 18,
654 1026 743 1052 Green
760 1028 853 1055 Street,
870 1026 1036 1051 St-Martin’s
1051 1026 1142 1051 Place.

158 1140 582 1192 AUTOGRAPHES
624 1144 655 1191 A
697 1141 835 1192 PRIX
884 1141 1154 1195 MARQUES

246 1223 291 1251 En
306 1224 400 1252 vente
417 1223 490 1251 chez
506 1224 650 1259 Eugène
670 1224 926 1258 CHARAVAY,
943 1225 1065 1259 expert,

416 1279 441 1310 8.
463 1279 523 1310 QUAI
545 1279 577 1305 DU
600 1279 710 1310 LOUVRE,
733 1280 757 1310 8,
778 1280 793 1306 A
814 1280 888 1306 PARIS

70 1367 256 1395 Abréviations
275 1376 282 1393 :
310 1368 336 1394 L.
359 1375 385 1395 a.
408 1368 443 1401 s.,
467 1368 542 1394 lettre
562 1368 722 1402 autographe
743 1371 767 1395 et
787 1368 891 1402 signée;
915 1368 999 1397 Acad,
1024 1369 1073 1402 fr.,
1097 1368 1240 1395 Académie

198 1404 344 1436 française;
366 1404 429 1431 Sous
431 1411 464 1434 c,,
481 1404 647 1439 compliment
661 1405 807 1431 terminant
820 1405 847 1430 la
861 1405 952 1437 lettre;
972 1405 1016 1438 P.,
1030 1412 1107 1439 page.

108 1537 119 1563 1
142 1538 351 1571 Aguesseau
370 1536 489 1571 (H.-Pr.
506 1536 555 1572 d’),
577 1536 705 1565 illustre
726 1537 908 1565 chancelier
928 1537 965 1565 de
988 1537 1120 1571 France,
1141 1538 1179 1565 né
1200 1545 1238 1565 en

144 1572 223 1605 1668,
241 1575 324 1601 mort
339 1581 378 1601 en
394 1573 472 1601 1751.
487 1589 523 1592 —
536 1572 571 1600 L.
589 1581 617 1600 a.
634 1581 657 1600 s.
676 1573 704 1608 (à
719 1572 914 1609 Maurepas);
931 1573 1115 1608 Versailles,
1136 1573 1170 1600 20
1185 1573 1240 1601 dé¬

144 1608 269 1636 cembre
286 1608 365 1642 1734,
379 1610 389 1636 1
410 1617 438 1645 p.
456 1608 506 1643 1/2
521 1608 603 1644 petit
618 1608 692 1636 in-4.
709 1608 874 1637 Curieuse.
1171 1609 1187 1636 8
1225 1620 1238 1634 »

108 1648 124 1676 2
143 1650 350 1684 Aguesseau
379 1648 504 1684 (H.-Pr.
529 1648 581 1681 d’).
608 1665 642 1668 —
672 1648 740 1677 Let.
766 1649 825 1685 sig.
853 1649 929 1685 (aux
956 1649 1112 1677 membres
1142 1649 1179 1676 de
1210 1649 1241 1677 la

144 1684 298 1712 Chambre
318 1685 372 1713 des
388 1685 533 1720 Comptes
554 1684 591 1712 de
612 1684 845 1720 Montpellier);
871 1684 1059 1719 Versailles,
1079 1684 1096 1711 2
1120 1684 1241 1713 lévrier

147 1719 223 1747 1742.
239 1720 255 1747 5
270 1729 299 1758 p.
316 1720 422 1750 in-fol.
1172 1721 1186 1748 7
1225 1731 1239 1746 »

180 1756 302 1780 Relative
320 1763 355 1781 au
371 1756 504 1781 différend
520 1756 566 1788 qui
585 1757 670 1780 existe
684 1758 759 1781 entre
774 1763 826 1781 eux
842 1759 868 1780 et
882 1756 1003 1784 l’évèque
1019 1757 1052 1781 de
1069 1756 1240 1787 Montpellier

144 1787 159 1811 à
180 1794 280 1818 propos
298 1788 331 1812 de
353 1789 379 1812 la
395 1788 534 1818 réception
554 1787 586 1812 de
604 1787 709 1812 l’infant
728 1788 781 1812 don
802 1787 934 1819 Philippe,
954 1780 1007 1812 duc
1027 1788 1060 1813 de
1073 1788 1179 1817 Parme;
1192 1787 1240 1812 l’é¬

144 1819 231 1849 vêque
246 1819 400 1849 prétendait
414 1820 569 1849 haranguer
584 1819 607 1843 le
622 1819 715 1850 prince
732 1821 813 1843 avant
831 1819 858 1843 la
873 1819 1017 1843 Chambre.

109 1853 125 1882 3
144 1855 233 1889 Albe
249 1854 438 1889 (Ferdinand
456 1855 493 1882 de
516 1855 606 1883 Tolède
609 1875 616 1889 ,
633 1854 694 1882 duc
714 1854 762 1890 d’),
783 1854 849 1882 l’un
864 1855 918 1882 des
934 1854 1005 1890 plus
1022 1854 1138 1890 grands
1156 1854 1240 1890 capi¬

144 1890 248 1917 taines
268 1890 305 1917 de
326 1890 503 1931 l’Espagne.
519 1906 554 1910 —
570 1890 638 1918 Let.
658 1889 731 1926 sig.,
752 1898 791 1917 en
812 1889 966 1929 français,
988 1891 1005 1917 à
1025 1890 1142 1918 Michel
1163 1890 1240 1924 Bar,

145 1925 278 1953 docteur
293 1934 331 1953 en
348 1925 509 1961 théologie
526 1926 544 1953 à
558 1926 717 1961 Louvain;
735 1925 912 1960 Bruxelles,
932 1926 962 1952 19
978 1925 1143 1954 décembre
1160 1925 1241 1961 1571,

146 1961 196 1996 1/2
211 1969 240 1997 p.
257 1961 491 1994 in-fol.,.traces
506 1961 544 1989 de
560 1961 683 1989 cachet.
1153 1961 1188 1988 20
1225 1972 1239 1987 »

110 2003 126 2031 4
145 2003 256 2031 Allier
270 2002 504 2036 d’Auteroche
519 2001 647 2037 (Louis),
664 2000 787 2029 célèbre
803 2001 995 2029 numismate
1012 2004 1044 2030 et
1059 2001 1244 2038 antiquaire

147 2037 295 2075 français,
308 2037 346 2065 né
363 2037 380 2064 à
394 2036 482 2077 L^on
498 2045 537 2064 en
555 2037 633 2071 1766,
646 2038 730 2065 mort
741 2045 779 2064 en
792 2036 873 2064 1827.
886 2053 922 2057 —
933 2037 966 2065 L.
978 2046 1006 2065 a.
1016 2046 1040 2065 s.
1054 2038 1123 2066 àM.
1135 2036 1242 2065 d’Her-

147 2067 255 2106 manâ;
273 2072 546 2109 Constantinople,
563 2072 595 2099 18
612 2073 674 2100 mai
691 2072 769 2106 1805,
786 2073 802 2099 4
818 2081 845 2108 p.
863 2073 906 2109 pl.
923 2072 1003 2100 in-4.
1174 2073 1191 2100 5
1228 2083 1242 2097 »

184 2110 368 2135 Intéressante
396 2109 474 2132 lettre
503 2107 586 2132 écrite
613 2115 721 2133 comme
749 2109 1023 2133 sous-commissaire
1043 2109 1090 2133 des
1112 2108 1243 2134 relations

147 2140 352 2166 commerciales
369 2141 382 2164 à
399 2139 537 2168 Héraclée,
551 2146 599 2163 sur
614 2140 662 2164 des
675 2139 816 2164 médailles
831 2140 897 2169 qu’il
914 2140 989 2164 vient
1004 2141 1037 2164 de
1054 2140 1206 2164 découvrir.
1221 2139 1242 2163 Il

146 2173 236 2198 donne
253 2172 329 2198 aussi
344 2172 393 2196 des
407 2171 505 2196 détails
520 2177 567 2195 sur
582 2171 608 2195 la
622 2177 720 2201 guerre
736 2173 812 2196 entre
827 2171 853 2196 la
866 2170 966 2196 Russie
983 2173 1009 2196 et
1021 2172 1047 2196 la
1062 2171 1182 2203 Turquie
1189 2190 1194 2196 .
