<?xml version="1.0" encoding="UTF-8" standalone="yes"?>
<PcGts xmlns="http://schema.primaresearch.org/PAGE/gts/pagecontent/2013-07-15" xmlns:xsi="http://www.w3.org/2001/XMLSchema-instance" xsi:schemaLocation="http://schema.primaresearch.org/PAGE/gts/pagecontent/2013-07-15 http://schema.primaresearch.org/PAGE/gts/pagecontent/2013-07-15/pagecontent.xsd">
    <Metadata>
        <Creator></Creator>
        <Created>2018-11-13T17:28:02.944+01:00</Created>
        <LastChange>2018-11-13T21:55:17.051+01:00</LastChange>
        <Comments>
                Measurement unit: pixel
                PrimaryLanguage: English
                Language: FrenchStandard
                Producer: ABBYY FineReader Engine 11</Comments>
        <TranskribusMetadata docId="164157" pageId="6045942" pageNr="16" tsid="10278038" status="DONE" userId="10612" imgUrl="https://files.transkribus.eu/Get?id=TTVLSXZIZJGBEPZHFOJPZMGX&amp;fileType=view" xmlUrl="https://files.transkribus.eu/Get?id=MCQLVFWVLAZBELODVVIGPGPN" imageId="2078997"/>
    </Metadata>
    <Page imageFilename="1883_10_RDA_N080-16.png" imageWidth="1432" imageHeight="2245">
        <PrintSpace>
            <Coords points="104,76 1293,76 1293,2106 104,2106"/>
        </PrintSpace>
        <ReadingOrder>
            <OrderedGroup id="ro_1604139724531" caption="Regions reading order">
                <RegionRefIndexed index="0" regionRef="r_1_1"/>
                <RegionRefIndexed index="1" regionRef="r_2_1"/>
                <RegionRefIndexed index="2" regionRef="r_2_2"/>
                <RegionRefIndexed index="3" regionRef="r_2_3"/>
                <RegionRefIndexed index="4" regionRef="r_2_4"/>
                <RegionRefIndexed index="5" regionRef="r_2_5"/>
                <RegionRefIndexed index="6" regionRef="r_2_6"/>
                <RegionRefIndexed index="7" regionRef="r_2_7"/>
                <RegionRefIndexed index="8" regionRef="r_2_8"/>
                <RegionRefIndexed index="9" regionRef="r_2_9"/>
                <RegionRefIndexed index="10" regionRef="r_2_10"/>
                <RegionRefIndexed index="11" regionRef="r_2_11"/>
                <RegionRefIndexed index="12" regionRef="r_2_12"/>
                <RegionRefIndexed index="13" regionRef="r_2_13"/>
                <RegionRefIndexed index="14" regionRef="r_2_14"/>
                <RegionRefIndexed index="15" regionRef="r_2_15"/>
                <RegionRefIndexed index="16" regionRef="r_2_16"/>
                <RegionRefIndexed index="17" regionRef="r_2_17"/>
                <RegionRefIndexed index="18" regionRef="r_2_18"/>
                <RegionRefIndexed index="19" regionRef="r_2_19"/>
                <RegionRefIndexed index="20" regionRef="r_2_20"/>
                <RegionRefIndexed index="21" regionRef="r_2_21"/>
                <RegionRefIndexed index="22" regionRef="r_2_22"/>
                <RegionRefIndexed index="23" regionRef="r_2_23"/>
                <RegionRefIndexed index="24" regionRef="r_2_24"/>
                <RegionRefIndexed index="25" regionRef="r_2_25"/>
                <RegionRefIndexed index="26" regionRef="r_2_26"/>
                <RegionRefIndexed index="27" regionRef="region_1542140128332_2727"/>
                <RegionRefIndexed index="30" regionRef="region_1542140180545_2740"/>
            </OrderedGroup>
        </ReadingOrder>
        <TextRegion type="paragraph" id="r_1_1" custom="readingOrder {index:0;}">
            <Coords points="612,70 754,70 754,99 612,99"/>
            <TextLine id="tl_1" primaryLanguage="English" custom="readingOrder {index:0;}">
                <Coords points="613,71 753,71 753,98 613,98"/>
                <Baseline points="613,92 647,92 680,98 753,92"/>
                <Word id="w_w2aab1b1b2b1b1ab1" language="English" custom="readingOrder {index:0;}">
                    <Coords points="613,73 647,73 647,98 613,98"/>
                    <TextEquiv>
                        <Unicode>—</Unicode>
                    </TextEquiv>
                    <TextStyle fontFamily="Times New Roman" fontSize="4.0"/>
                </Word>
                <Word id="w_w2aab1b1b2b1b1b1b1" language="English" custom="readingOrder {index:1;}">
                    <Coords points="668,71 701,71 701,98 668,98"/>
                    <TextEquiv>
                        <Unicode>16</Unicode>
                    </TextEquiv>
                    <TextStyle fontFamily="Times New Roman" fontSize="9.0" bold="true"/>
                </Word>
                <Word id="w_w2aab1b1b2b1b1b2b3" language="English" custom="readingOrder {index:2;}">
                    <Coords points="721,87 753,87 753,92 721,92"/>
                    <TextEquiv>
                        <Unicode>—</Unicode>
                    </TextEquiv>
                    <TextStyle fontFamily="Times New Roman" fontSize="4.0"/>
                </Word>
                <TextEquiv>
                    <Unicode>- 16 -</Unicode>
                </TextEquiv>
            </TextLine>
            <TextEquiv>
                <Unicode>- 16 -</Unicode>
            </TextEquiv>
        </TextRegion>
        <TextRegion type="paragraph" id="r_2_1" custom="readingOrder {index:1;}">
            <Coords points="104,145 1268,145 1268,260 104,260"/>
            <TextLine id="tl_2" primaryLanguage="English" custom="readingOrder {index:0;}">
                <Coords points="105,146 1267,146 1267,187 105,187"/>
                <Baseline points="105,174 114,174 203,175 650,181 823,174 876,174 945,175 1089,175 1202,176 1267,176"/>
                <Word id="w_w2aab1b3b2b1b1ab1" language="English" custom="readingOrder {index:0;}">
                    <Coords points="105,147 152,147 152,175 105,175"/>
                    <TextEquiv>
                        <Unicode>157</Unicode>
                    </TextEquiv>
                    <TextStyle fontFamily="Times New Roman" fontSize="10.5"/>
                </Word>
                <Word id="w_w2aab1b3b2b1b1b1b1" language="English" custom="readingOrder {index:1;}">
                    <Coords points="173,147 299,147 299,182 173,182"/>
                    <TextEquiv>
                        <Unicode>Rossel</Unicode>
                    </TextEquiv>
                    <TextStyle fontFamily="Times New Roman" fontSize="9.5" bold="true"/>
                </Word>
                <Word id="w_w2aab1b3b2b1b1b2b1" language="English" custom="readingOrder {index:2;}">
                    <Coords points="334,146 650,146 650,182 334,182"/>
                    <TextEquiv>
                        <Unicode>(LouisrNathaniel),</Unicode>
                    </TextEquiv>
                    <TextStyle fontFamily="Times New Roman" fontSize="10.5"/>
                </Word>
                <Word id="w_w2aab1b3b2b1b1b2c39" language="English" custom="readingOrder {index:3;}">
                    <Coords points="689,146 823,146 823,187 689,187"/>
                    <TextEquiv>
                        <Unicode>délégué</Unicode>
                    </TextEquiv>
                    <TextStyle fontFamily="Times New Roman" fontSize="10.5"/>
                </Word>
                <Word id="w_w2aab1b3b2b1b1b2c55" language="English" custom="readingOrder {index:4;}">
                    <Coords points="860,147 876,147 876,174 860,174"/>
                    <TextEquiv>
                        <Unicode>à</Unicode>
                    </TextEquiv>
                    <TextStyle fontFamily="Times New Roman" fontSize="10.5"/>
                </Word>
                <Word id="w_w2aab1b3b2b1b1b2c59" language="English" custom="readingOrder {index:5;}">
                    <Coords points="914,147 945,147 945,175 914,175"/>
                    <TextEquiv>
                        <Unicode>la</Unicode>
                    </TextEquiv>
                    <TextStyle fontFamily="Times New Roman" fontSize="10.5"/>
                </Word>
                <Word id="w_w2aab1b3b2b1b1b2c65" language="English" custom="readingOrder {index:6;}">
                    <Coords points="973,155 1089,155 1089,183 973,183"/>
                    <TextEquiv>
                        <Unicode>guerre</Unicode>
                    </TextEquiv>
                    <TextStyle fontFamily="Times New Roman" fontSize="10.5"/>
                </Word>
                <Word id="w_w2aab1b3b2b1b1b2c79" language="English" custom="readingOrder {index:7;}">
                    <Coords points="1130,155 1202,155 1202,176 1130,176"/>
                    <TextEquiv>
                        <Unicode>sous</Unicode>
                    </TextEquiv>
                    <TextStyle fontFamily="Times New Roman" fontSize="10.5"/>
                </Word>
                <Word id="w_w2aab1b3b2b1b1b2c89" language="English" custom="readingOrder {index:8;}">
                    <Coords points="1236,148 1267,148 1267,176 1236,176"/>
                    <TextEquiv>
                        <Unicode>la</Unicode>
                    </TextEquiv>
                    <TextStyle fontFamily="Times New Roman" fontSize="10.5"/>
                </Word>
                <TextEquiv>
                    <Unicode>157 Rossel (Louis-Nathaniel), délégué à la guerre sous la</Unicode>
                </TextEquiv>
            </TextLine>
            <TextLine id="tl_3" primaryLanguage="English" custom="readingOrder {index:1;}">
                <Coords points="174,182 1262,182 1262,220 174,220"/>
                <Baseline points="174,210 358,212 411,210 445,210 697,217 822,210 863,214 1010,211 1066,204 1182,211 1262,212"/>
                <Word id="w_w2aab1b3b2b1b3ab1" language="English" custom="readingOrder {index:0;}">
                    <Coords points="174,183 358,183 358,212 174,212"/>
                    <TextEquiv>
                        <Unicode>Commune,</Unicode>
                    </TextEquiv>
                    <TextStyle fontFamily="Times New Roman" fontSize="10.5"/>
                </Word>
                <Word id="w_w2aab1b3b2b1b3ac19" language="English" custom="readingOrder {index:1;}">
                    <Coords points="374,184 411,184 411,210 374,210"/>
                    <TextEquiv>
                        <Unicode>né</Unicode>
                    </TextEquiv>
                    <TextStyle fontFamily="Times New Roman" fontSize="10.5"/>
                </Word>
                <Word id="w_w2aab1b3b2b1b3ac25" language="English" custom="readingOrder {index:2;}">
                    <Coords points="427,183 445,183 445,210 427,210"/>
                    <TextEquiv>
                        <Unicode>à</Unicode>
                    </TextEquiv>
                    <TextStyle fontFamily="Times New Roman" fontSize="10.5"/>
                </Word>
                <Word id="w_w2aab1b3b2b1b3ac29" language="English" custom="readingOrder {index:3;}">
                    <Coords points="461,182 697,182 697,217 461,217"/>
                    <TextEquiv>
                        <Unicode>Saint-Brieuc,</Unicode>
                    </TextEquiv>
                    <TextStyle fontFamily="Times New Roman" fontSize="10.5"/>
                </Word>
                <Word id="w_w2aab1b3b2b1b3ac57" language="English" custom="readingOrder {index:4;}">
                    <Coords points="713,182 822,182 822,211 713,211"/>
                    <TextEquiv>
                        <Unicode>fusillé</Unicode>
                    </TextEquiv>
                    <TextStyle fontFamily="Times New Roman" fontSize="10.5"/>
                </Word>
                <Word id="w_w2aab1b3b2b1b3ac73" language="English" custom="readingOrder {index:5;}">
                    <Coords points="845,183 863,183 863,214 845,214"/>
                    <TextEquiv>
                        <Unicode>à</Unicode>
                    </TextEquiv>
                    <TextStyle fontFamily="Times New Roman" fontSize="10.5"/>
                </Word>
                <Word id="w_w2aab1b3b2b1b3ac77" language="English" custom="readingOrder {index:6;}">
                    <Coords points="883,183 1010,183 1010,219 883,219"/>
                    <TextEquiv>
                        <Unicode>Satory.</Unicode>
                    </TextEquiv>
                    <TextStyle fontFamily="Times New Roman" fontSize="10.5"/>
                </Word>
                <Word id="w_w2aab1b3b2b1b3ac93" language="English" custom="readingOrder {index:7;}">
                    <Coords points="1035,199 1066,199 1066,204 1035,204"/>
                    <TextEquiv>
                        <Unicode>—</Unicode>
                    </TextEquiv>
                    <TextStyle fontFamily="Times New Roman" fontSize="10.5"/>
                </Word>
                <Word id="w_w2aab1b3b2b1b3ac97" language="English" custom="readingOrder {index:8;}">
                    <Coords points="1090,183 1182,183 1182,211 1090,211"/>
                    <TextEquiv>
                        <Unicode>Pièce</Unicode>
                    </TextEquiv>
                    <TextStyle fontFamily="Times New Roman" fontSize="10.5"/>
                </Word>
                <Word id="w_w2aab1b3b2b1b3ad109" language="English" custom="readingOrder {index:9;}">
                    <Coords points="1199,184 1262,184 1262,220 1199,220"/>
                    <TextEquiv>
                        <Unicode>sig.</Unicode>
                    </TextEquiv>
                    <TextStyle fontFamily="Times New Roman" fontSize="10.5"/>
                </Word>
                <TextEquiv>
                    <Unicode>Commune, né à Saint-Brieuc, fusillé à Satory. — Pièce sig.</Unicode>
                </TextEquiv>
                <TextStyle fontFamily="Times New Roman" fontSize="10.5"/>
            </TextLine>
            <TextLine id="tl_4" primaryLanguage="English" custom="readingOrder {index:2;}">
                <Coords points="175,215 1264,215 1264,259 175,259"/>
                <Baseline points="175,245 213,246 357,246 493,252 611,252 640,245 657,239 746,246 841,252 871,246 921,246 951,246 1053,247 1213,246 1264,244"/>
                <Word id="w_w2aab1b3b2b1b5ab1" language="English" custom="readingOrder {index:0;}">
                    <Coords points="175,227 213,227 213,246 175,246"/>
                    <TextEquiv>
                        <Unicode>au</Unicode>
                    </TextEquiv>
                    <TextStyle fontFamily="Times New Roman" fontSize="10.5"/>
                </Word>
                <Word id="w_w2aab1b3b2b1b5ab7" language="English" custom="readingOrder {index:1;}">
                    <Coords points="230,218 357,218 357,259 230,259"/>
                    <TextEquiv>
                        <Unicode>général</Unicode>
                    </TextEquiv>
                    <TextStyle fontFamily="Times New Roman" fontSize="10.5"/>
                </Word>
                <Word id="w_w2aab1b3b2b1b5ac23" language="English" custom="readingOrder {index:2;}">
                    <Coords points="375,217 493,217 493,252 375,252"/>
                    <TextEquiv>
                        <Unicode>Eudes;</Unicode>
                    </TextEquiv>
                    <TextStyle fontFamily="Times New Roman" fontSize="10.5"/>
                </Word>
                <Word id="w_w2aab1b3b2b1b5ac37" language="English" custom="readingOrder {index:3;}">
                    <Coords points="510,218 611,218 611,252 510,252"/>
                    <TextEquiv>
                        <Unicode>Paris,</Unicode>
                    </TextEquiv>
                    <TextStyle fontFamily="Times New Roman" fontSize="10.5"/>
                </Word>
                <Word id="w_w2aab1b3b2b1b5ac51" language="English" custom="readingOrder {index:4;}">
                    <Coords points="630,219 640,219 640,245 630,245"/>
                    <TextEquiv>
                        <Unicode>1</Unicode>
                    </TextEquiv>
                    <TextStyle fontFamily="Times New Roman" fontSize="10.5"/>
                </Word>
                <Word id="w_w2aab1b3b2b1b5b1b1" language="English" custom="readingOrder {index:5;}">
                    <Coords points="646,223 669,223 669,239 646,239"/>
                    <TextEquiv>
                        <Unicode>er</Unicode>
                    </TextEquiv>
                    <TextStyle fontFamily="Times New Roman" fontSize="10.5" superscript="true"/>
                </Word>
                <Word id="w_w2aab1b3b2b1b5b2b3" language="English" custom="readingOrder {index:6;}">
                    <Coords points="684,219 746,219 746,246 684,246"/>
                    <TextEquiv>
                        <Unicode>mai</Unicode>
                    </TextEquiv>
                    <TextStyle fontFamily="Times New Roman" fontSize="10.5"/>
                </Word>
                <Word id="w_w2aab1b3b2b1b5b2c11" language="English" custom="readingOrder {index:7;}">
                    <Coords points="763,218 841,218 841,252 763,252"/>
                    <TextEquiv>
                        <Unicode>1871,</Unicode>
                    </TextEquiv>
                    <TextStyle fontFamily="Times New Roman" fontSize="10.5"/>
                </Word>
                <Word id="w_w2aab1b3b2b1b5b2c23" language="English" custom="readingOrder {index:8;}">
                    <Coords points="859,215 871,215 871,246 859,246"/>
                    <TextEquiv>
                        <Unicode>1</Unicode>
                    </TextEquiv>
                    <TextStyle fontFamily="Times New Roman" fontSize="10.5"/>
                </Word>
                <Word id="w_w2aab1b3b2b1b5b2c27" language="English" custom="readingOrder {index:9;}">
                    <Coords points="890,227 921,227 921,258 890,258"/>
                    <TextEquiv>
                        <Unicode>p.</Unicode>
                    </TextEquiv>
                    <TextStyle fontFamily="Times New Roman" fontSize="10.5"/>
                </Word>
                <Word id="w_w2aab1b3b2b1b5b2c33" language="English" custom="readingOrder {index:10;}">
                    <Coords points="942,218 1015,218 1015,247 942,247"/>
                    <TextEquiv>
                        <Unicode>in-4.</Unicode>
                    </TextEquiv>
                    <TextStyle fontFamily="Times New Roman" fontSize="10.5"/>
                </Word>
                <Word id="w_w2aab1b3b2b1b5b3b1" language="English" custom="readingOrder {index:11;}">
                    <Coords points="1032,222 1109,222 1109,247 1032,247"/>
                    <TextEquiv>
                        <Unicode>Rare.</Unicode>
                    </TextEquiv>
                    <TextStyle fontFamily="Times New Roman" fontSize="10.0" italic="true"/>
                </Word>
                <Word id="w_w2aab1b3b2b1b5b4b3" language="English" custom="readingOrder {index:12;}">
                    <Coords points="1180,219 1213,219 1213,246 1180,246"/>
                    <TextEquiv>
                        <Unicode>18</Unicode>
                    </TextEquiv>
                    <TextStyle fontFamily="Times New Roman" fontSize="10.5"/>
                </Word>
                <Word id="w_w2aab1b3b2b1b5b4b9" language="English" custom="readingOrder {index:13;}">
                    <Coords points="1250,230 1264,230 1264,244 1250,244"/>
                    <TextEquiv>
                        <Unicode>«</Unicode>
                    </TextEquiv>
                    <TextStyle fontFamily="Times New Roman" fontSize="10.5"/>
                </Word>
                <TextEquiv>
                    <Unicode>au général Eudes; Paris, 1er mai 1871, 1 p. in-4. Rare. 18 »</Unicode>
                </TextEquiv>
            </TextLine>
            <TextEquiv>
                <Unicode>157 Rossel (Louis-Nathaniel), délégué à la guerre sous la
Commune, né à Saint-Brieuc, fusillé à Satory. — Pièce sig.
au général Eudes; Paris, 1er mai 1871, 1 p. in-4. Rare. 18 »</Unicode>
            </TextEquiv>
        </TextRegion>
        <TextRegion type="paragraph" id="r_2_2" custom="readingOrder {index:2;}">
            <Coords points="174,252 1267,252 1267,318 174,318"/>
            <TextLine id="tl_5" primaryLanguage="English" custom="readingOrder {index:0;}">
                <Coords points="212,253 1266,253 1266,286 212,286"/>
                <Baseline points="212,278 291,279 435,278 489,278 534,278 700,278 823,279 988,279 1035,279 1152,280 1220,279 1266,279"/>
                <Word id="w_w2aab1b3b2b3b1ab1" language="English" custom="readingOrder {index:0;}">
                    <Coords points="212,254 291,254 291,279 212,279"/>
                    <TextEquiv>
                        <Unicode>Pièce</Unicode>
                    </TextEquiv>
                    <TextStyle fontFamily="Times New Roman" fontSize="9.0"/>
                </Word>
                <Word id="w_w2aab1b3b2b3b1ac13" language="English" custom="readingOrder {index:1;}">
                    <Coords points="312,253 435,253 435,279 312,279"/>
                    <TextEquiv>
                        <Unicode>officielle</Unicode>
                    </TextEquiv>
                    <TextStyle fontFamily="Times New Roman" fontSize="9.0"/>
                </Word>
                <Word id="w_w2aab1b3b2b3b1ac35" language="English" custom="readingOrder {index:2;}">
                    <Coords points="456,254 489,254 489,278 456,278"/>
                    <TextEquiv>
                        <Unicode>de</Unicode>
                    </TextEquiv>
                    <TextStyle fontFamily="Times New Roman" fontSize="9.0"/>
                </Word>
                <Word id="w_w2aab1b3b2b3b1ac41" language="English" custom="readingOrder {index:3;}">
                    <Coords points="509,254 534,254 534,278 509,278"/>
                    <TextEquiv>
                        <Unicode>la</Unicode>
                    </TextEquiv>
                    <TextStyle fontFamily="Times New Roman" fontSize="9.0"/>
                </Word>
                <Word id="w_w2aab1b3b2b3b1ac47" language="English" custom="readingOrder {index:4;}">
                    <Coords points="549,254 700,254 700,279 549,279"/>
                    <TextEquiv>
                        <Unicode>Commune</Unicode>
                    </TextEquiv>
                    <TextStyle fontFamily="Times New Roman" fontSize="9.0"/>
                </Word>
                <Word id="w_w2aab1b3b2b3b1ac63" language="English" custom="readingOrder {index:5;}">
                    <Coords points="718,261 823,261 823,279 718,279"/>
                    <TextEquiv>
                        <Unicode>comme</Unicode>
                    </TextEquiv>
                    <TextStyle fontFamily="Times New Roman" fontSize="9.0"/>
                </Word>
                <Word id="w_w2aab1b3b2b3b1ac75" language="English" custom="readingOrder {index:6;}">
                    <Coords points="839,254 988,254 988,285 839,285"/>
                    <TextEquiv>
                        <Unicode>délégué.à</Unicode>
                    </TextEquiv>
                    <TextStyle fontFamily="Times New Roman" fontSize="9.0"/>
                </Word>
                <Word id="w_w2aab1b3b2b3b1ac95" language="English" custom="readingOrder {index:7;}">
                    <Coords points="1009,255 1035,255 1035,279 1009,279"/>
                    <TextEquiv>
                        <Unicode>la</Unicode>
                    </TextEquiv>
                    <TextStyle fontFamily="Times New Roman" fontSize="9.0"/>
                </Word>
                <Word id="w_w2aab1b3b2b3b1ad101" language="English" custom="readingOrder {index:8;}">
                    <Coords points="1056,262 1152,262 1152,286 1056,286"/>
                    <TextEquiv>
                        <Unicode>guerre</Unicode>
                    </TextEquiv>
                    <TextStyle fontFamily="Times New Roman" fontSize="9.0"/>
                </Word>
                <Word id="w_w2aab1b3b2b3b1ad115" language="English" custom="readingOrder {index:9;}">
                    <Coords points="1172,262 1220,262 1220,279 1172,279"/>
                    <TextEquiv>
                        <Unicode>sur</Unicode>
                    </TextEquiv>
                    <TextStyle fontFamily="Times New Roman" fontSize="9.0"/>
                </Word>
                <Word id="w_w2aab1b3b2b3b1ad123" language="English" custom="readingOrder {index:10;}">
                    <Coords points="1242,256 1266,256 1266,279 1242,279"/>
                    <TextEquiv>
                        <Unicode>la</Unicode>
                    </TextEquiv>
                    <TextStyle fontFamily="Times New Roman" fontSize="9.0"/>
                </Word>
                <TextEquiv>
                    <Unicode>Pièce officielle de la Commune comme délégué à la guerre sur la</Unicode>
                </TextEquiv>
                <TextStyle fontFamily="Times New Roman" fontSize="9.0"/>
            </TextLine>
            <TextLine id="tl_6" primaryLanguage="English" custom="readingOrder {index:1;}">
                <Coords points="175,285 814,285 814,317 175,317"/>
                <Baseline points="175,309 334,309 400,309 505,309 591,310 641,310 814,310"/>
                <Word id="w_w2aab1b3b2b3b3ab1" language="English" custom="readingOrder {index:0;}">
                    <Coords points="175,286 334,286 334,317 175,317"/>
                    <TextEquiv>
                        <Unicode>répartition</Unicode>
                    </TextEquiv>
                    <TextStyle fontFamily="Times New Roman" fontSize="9.0"/>
                </Word>
                <Word id="w_w2aab1b3b2b3b3ac25" language="English" custom="readingOrder {index:1;}">
                    <Coords points="351,285 400,285 400,310 351,310"/>
                    <TextEquiv>
                        <Unicode>des</Unicode>
                    </TextEquiv>
                    <TextStyle fontFamily="Times New Roman" fontSize="9.0"/>
                </Word>
                <Word id="w_w2aab1b3b2b3b3ac33" language="English" custom="readingOrder {index:2;}">
                    <Coords points="414,292 505,292 505,309 414,309"/>
                    <TextEquiv>
                        <Unicode>armes</Unicode>
                    </TextEquiv>
                    <TextStyle fontFamily="Times New Roman" fontSize="9.0"/>
                </Word>
                <Word id="w_w2aab1b3b2b3b3ac45" language="English" custom="readingOrder {index:3;}">
                    <Coords points="523,285 591,285 591,310 523,310"/>
                    <TextEquiv>
                        <Unicode>dans</Unicode>
                    </TextEquiv>
                    <TextStyle fontFamily="Times New Roman" fontSize="9.0"/>
                </Word>
                <Word id="w_w2aab1b3b2b3b3ac55" language="English" custom="readingOrder {index:4;}">
                    <Coords points="602,286 641,286 641,310 602,310"/>
                    <TextEquiv>
                        <Unicode>les</Unicode>
                    </TextEquiv>
                    <TextStyle fontFamily="Times New Roman" fontSize="9.0"/>
                </Word>
                <Word id="w_w2aab1b3b2b3b3ac63" language="English" custom="readingOrder {index:5;}">
                    <Coords points="654,286 814,286 814,316 654,316"/>
                    <TextEquiv>
                        <Unicode>régiments.</Unicode>
                    </TextEquiv>
                    <TextStyle fontFamily="Times New Roman" fontSize="9.0"/>
                </Word>
                <TextEquiv>
                    <Unicode>répartition des armes dans les régiments.</Unicode>
                </TextEquiv>
                <TextStyle fontFamily="Times New Roman" fontSize="9.0"/>
            </TextLine>
            <TextEquiv>
                <Unicode>Pièce officielle de la Commune comme délégué à la guerre sur la
répartition des armes dans les régiments.</Unicode>
            </TextEquiv>
        </TextRegion>
        <TextRegion type="paragraph" id="r_2_3" custom="readingOrder {index:3;}">
            <Coords points="103,315 1267,315 1267,355 103,355"/>
            <TextLine id="tl_7" primaryLanguage="English" custom="readingOrder {index:0;}">
                <Coords points="104,316 1266,316 1266,354 104,354"/>
                <Baseline points="104,345 116,345 203,345 491,349 657,344 825,345 908,345 956,345 1002,345 1040,345 1097,346 1266,353"/>
                <Word id="w_w2aab1b3b2b5b1ab1" language="English" custom="readingOrder {index:0;}">
                    <Coords points="104,317 154,317 154,345 104,345"/>
                    <TextEquiv>
                        <Unicode>158</Unicode>
                    </TextEquiv>
                    <TextStyle fontFamily="Times New Roman" fontSize="10.5"/>
                </Word>
                <Word id="w_w2aab1b3b2b5b1b1b1" language="English" custom="readingOrder {index:1;}">
                    <Coords points="174,319 358,319 358,351 174,351"/>
                    <TextEquiv>
                        <Unicode>Rousseau</Unicode>
                    </TextEquiv>
                    <TextStyle fontFamily="Times New Roman" fontSize="9.5" bold="true"/>
                </Word>
                <Word id="w_w2aab1b3b2b5b1b2b1" language="English" custom="readingOrder {index:2;}">
                    <Coords points="373,316 491,316 491,351 373,351"/>
                    <TextEquiv>
                        <Unicode>(J.-J.),</Unicode>
                    </TextEquiv>
                    <TextStyle fontFamily="Times New Roman" fontSize="10.5"/>
                </Word>
                <Word id="w_w2aab1b3b2b5b1b2c19" language="English" custom="readingOrder {index:3;}">
                    <Coords points="509,316 657,316 657,345 509,345"/>
                    <TextEquiv>
                        <Unicode>l’illustre</Unicode>
                    </TextEquiv>
                    <TextStyle fontFamily="Times New Roman" fontSize="10.5"/>
                </Word>
                <Word id="w_w2aab1b3b2b5b1b2c41" language="English" custom="readingOrder {index:4;}">
                    <Coords points="673,317 825,317 825,345 673,345"/>
                    <TextEquiv>
                        <Unicode>écrivain.</Unicode>
                    </TextEquiv>
                    <TextStyle fontFamily="Times New Roman" fontSize="10.5"/>
                </Word>
                <Word id="w_w2aab1b3b2b5b1b2c61" language="English" custom="readingOrder {index:5;}">
                    <Coords points="834,316 908,316 908,345 834,345"/>
                    <TextEquiv>
                        <Unicode>—L.</Unicode>
                    </TextEquiv>
                    <TextStyle fontFamily="Times New Roman" fontSize="10.5"/>
                </Word>
                <Word id="w_w2aab1b3b2b5b1b2c69" language="English" custom="readingOrder {index:6;}">
                    <Coords points="925,326 956,326 956,345 925,345"/>
                    <TextEquiv>
                        <Unicode>a.</Unicode>
                    </TextEquiv>
                    <TextStyle fontFamily="Times New Roman" fontSize="10.5"/>
                </Word>
                <Word id="w_w2aab1b3b2b5b1b2c75" language="English" custom="readingOrder {index:7;}">
                    <Coords points="975,325 1002,325 1002,346 975,346"/>
                    <TextEquiv>
                        <Unicode>s.</Unicode>
                    </TextEquiv>
                    <TextStyle fontFamily="Times New Roman" fontSize="10.5"/>
                </Word>
                <Word id="w_w2aab1b3b2b5b1b2c81" language="English" custom="readingOrder {index:8;}">
                    <Coords points="1023,318 1040,318 1040,345 1023,345"/>
                    <TextEquiv>
                        <Unicode>à</Unicode>
                    </TextEquiv>
                    <TextStyle fontFamily="Times New Roman" fontSize="10.5"/>
                </Word>
                <Word id="w_w2aab1b3b2b5b1b2c85" language="English" custom="readingOrder {index:9;}">
                    <Coords points="1054,317 1097,317 1097,346 1054,346"/>
                    <TextEquiv>
                        <Unicode>M.</Unicode>
                    </TextEquiv>
                    <TextStyle fontFamily="Times New Roman" fontSize="10.5"/>
                </Word>
                <Word id="w_w2aab1b3b2b5b1b2c91" language="English" custom="readingOrder {index:10;}">
                    <Coords points="1113,317 1266,317 1266,354 1113,354"/>
                    <TextEquiv>
                        <Unicode>Lenieps;</Unicode>
                    </TextEquiv>
                    <TextStyle fontFamily="Times New Roman" fontSize="10.5"/>
                </Word>
                <TextEquiv>
                    <Unicode>158 Rousseau (J.-J.), l’illustre écrivain. — L. a. s. à M. Lenieps;</Unicode>
                </TextEquiv>
            </TextLine>
            <TextEquiv>
                <Unicode>158 Rousseau (J.-J.), l’illustre écrivain. — L. a. s. à M. Lenieps;</Unicode>
            </TextEquiv>
        </TextRegion>
        <TextRegion type="paragraph" id="r_2_4" custom="readingOrder {index:4;}">
            <Coords points="175,350 1267,350 1267,390 175,390"/>
            <TextLine id="tl_8" primaryLanguage="English" custom="readingOrder {index:0;}">
                <Coords points="176,351 1266,351 1266,389 176,389"/>
                <Baseline points="176,389 438,386 488,379 573,380 678,387 706,380 757,380 855,380 1213,380 1266,378"/>
                <Word id="w_w2aab1b3b2b7b1ab1" language="English" custom="readingOrder {index:0;}">
                    <Coords points="176,353 438,353 438,389 176,389"/>
                    <TextEquiv>
                        <Unicode>(Montmorency,</Unicode>
                    </TextEquiv>
                    <TextStyle fontFamily="Times New Roman" fontSize="10.5"/>
                </Word>
                <Word id="w_w2aab1b3b2b7b1ac29" language="English" custom="readingOrder {index:1;}">
                    <Coords points="457,353 488,353 488,379 457,379"/>
                    <TextEquiv>
                        <Unicode>18</Unicode>
                    </TextEquiv>
                    <TextStyle fontFamily="Times New Roman" fontSize="10.5"/>
                </Word>
                <Word id="w_w2aab1b3b2b7b1ac35" language="English" custom="readingOrder {index:2;}">
                    <Coords points="500,351 573,351 573,388 500,388"/>
                    <TextEquiv>
                        <Unicode>juin</Unicode>
                    </TextEquiv>
                    <TextStyle fontFamily="Times New Roman" fontSize="10.5"/>
                </Word>
                <Word id="w_w2aab1b3b2b7b1ac45" language="English" custom="readingOrder {index:3;}">
                    <Coords points="590,353 678,353 678,388 590,388"/>
                    <TextEquiv>
                        <Unicode>1761),</Unicode>
                    </TextEquiv>
                    <TextStyle fontFamily="Times New Roman" fontSize="10.5"/>
                </Word>
                <Word id="w_w2aab1b3b2b7b1ac59" language="English" custom="readingOrder {index:4;}">
                    <Coords points="695,354 706,354 706,380 695,380"/>
                    <TextEquiv>
                        <Unicode>1</Unicode>
                    </TextEquiv>
                    <TextStyle fontFamily="Times New Roman" fontSize="10.5"/>
                </Word>
                <Word id="w_w2aab1b3b2b7b1ac63" language="English" custom="readingOrder {index:5;}">
                    <Coords points="727,361 757,361 757,388 727,388"/>
                    <TextEquiv>
                        <Unicode>p.</Unicode>
                    </TextEquiv>
                    <TextStyle fontFamily="Times New Roman" fontSize="10.5"/>
                </Word>
                <Word id="w_w2aab1b3b2b7b1ac69" language="English" custom="readingOrder {index:6;}">
                    <Coords points="778,353 855,353 855,381 778,381"/>
                    <TextEquiv>
                        <Unicode>in-8.</Unicode>
                    </TextEquiv>
                    <TextStyle fontFamily="Times New Roman" fontSize="10.5"/>
                </Word>
                <Word id="w_w2aab1b3b2b7b1ac81" language="English" custom="readingOrder {index:7;}">
                    <Coords points="1180,353 1213,353 1213,380 1180,380"/>
                    <TextEquiv>
                        <Unicode>60</Unicode>
                    </TextEquiv>
                    <TextStyle fontFamily="Times New Roman" fontSize="10.5"/>
                </Word>
                <Word id="w_w2aab1b3b2b7b1ac87" language="English" custom="readingOrder {index:8;}">
                    <Coords points="1252,364 1266,364 1266,378 1252,378"/>
                    <TextEquiv>
                        <Unicode>»</Unicode>
                    </TextEquiv>
                    <TextStyle fontFamily="Times New Roman" fontSize="10.5"/>
                </Word>
                <TextEquiv>
                    <Unicode>(Montmorency, 18 juin 1761), 1 p. in-8. 60 »</Unicode>
                </TextEquiv>
                <TextStyle fontFamily="Times New Roman" fontSize="10.5"/>
            </TextLine>
            <TextEquiv>
                <Unicode>(Montmorency, 18 juin 1761), 1 p. in-8. 60 »</Unicode>
            </TextEquiv>
        </TextRegion>
        <TextRegion type="paragraph" id="r_2_5" custom="readingOrder {index:5;}">
            <Coords points="174,387 1269,387 1269,483 174,483"/>
            <TextLine id="tl_9" primaryLanguage="English" custom="readingOrder {index:0;}">
                <Coords points="213,388 1268,388 1268,420 213,420"/>
                <Baseline points="213,413 284,412 376,413 430,413 460,412 564,413 625,413 738,412 803,412 848,412 950,413 980,412 1062,413 1142,412 1222,418 1268,414"/>
                <Word id="w_w2aab1b3b2b9b1ab1" language="English" custom="readingOrder {index:0;}">
                    <Coords points="213,389 284,389 284,413 213,413"/>
                    <TextEquiv>
                        <Unicode>Jolie</Unicode>
                    </TextEquiv>
                    <TextStyle fontFamily="Times New Roman" fontSize="9.0"/>
                </Word>
                <Word id="w_w2aab1b3b2b9b1ac13" language="English" custom="readingOrder {index:1;}">
                    <Coords points="299,389 376,389 376,413 299,413"/>
                    <TextEquiv>
                        <Unicode>lettre</Unicode>
                    </TextEquiv>
                    <TextStyle fontFamily="Times New Roman" fontSize="9.0"/>
                </Word>
                <Word id="w_w2aab1b3b2b9b1ac27" language="English" custom="readingOrder {index:2;}">
                    <Coords points="394,389 430,389 430,413 394,413"/>
                    <TextEquiv>
                        <Unicode>où</Unicode>
                    </TextEquiv>
                    <TextStyle fontFamily="Times New Roman" fontSize="9.0"/>
                </Word>
                <Word id="w_w2aab1b3b2b9b1ac33" language="English" custom="readingOrder {index:3;}">
                    <Coords points="441,388 460,388 460,412 441,412"/>
                    <TextEquiv>
                        <Unicode>il</Unicode>
                    </TextEquiv>
                    <TextStyle fontFamily="Times New Roman" fontSize="9.0"/>
                </Word>
                <Word id="w_w2aab1b3b2b9b1ac39" language="English" custom="readingOrder {index:4;}">
                    <Coords points="475,388 564,388 564,413 475,413"/>
                    <TextEquiv>
                        <Unicode>donne</Unicode>
                    </TextEquiv>
                    <TextStyle fontFamily="Times New Roman" fontSize="9.0"/>
                </Word>
                <Word id="w_w2aab1b3b2b9b1ac51" language="English" custom="readingOrder {index:5;}">
                    <Coords points="578,389 625,389 625,413 578,413"/>
                    <TextEquiv>
                        <Unicode>des</Unicode>
                    </TextEquiv>
                    <TextStyle fontFamily="Times New Roman" fontSize="9.0"/>
                </Word>
                <Word id="w_w2aab1b3b2b9b1ac59" language="English" custom="readingOrder {index:6;}">
                    <Coords points="640,388 738,388 738,413 640,413"/>
                    <TextEquiv>
                        <Unicode>détails</Unicode>
                    </TextEquiv>
                    <TextStyle fontFamily="Times New Roman" fontSize="9.0"/>
                </Word>
                <Word id="w_w2aab1b3b2b9b1ac75" language="English" custom="readingOrder {index:7;}">
                    <Coords points="756,395 803,395 803,413 756,413"/>
                    <TextEquiv>
                        <Unicode>sur</Unicode>
                    </TextEquiv>
                    <TextStyle fontFamily="Times New Roman" fontSize="9.0"/>
                </Word>
                <Word id="w_w2aab1b3b2b9b1ac83" language="English" custom="readingOrder {index:8;}">
                    <Coords points="818,395 848,395 848,413 818,413"/>
                    <TextEquiv>
                        <Unicode>sa</Unicode>
                    </TextEquiv>
                    <TextStyle fontFamily="Times New Roman" fontSize="9.0"/>
                </Word>
                <Word id="w_w2aab1b3b2b9b1ac89" language="English" custom="readingOrder {index:9;}">
                    <Coords points="862,389 950,389 950,413 862,413"/>
                    <TextEquiv>
                        <Unicode>santé.</Unicode>
                    </TextEquiv>
                    <TextStyle fontFamily="Times New Roman" fontSize="9.0"/>
                </Word>
                <Word id="w_w2aab1b3b2b9b1ad103" language="English" custom="readingOrder {index:10;}">
                    <Coords points="969,396 980,396 980,412 969,412"/>
                    <TextEquiv>
                        <Unicode>«</Unicode>
                    </TextEquiv>
                    <TextStyle fontFamily="Times New Roman" fontSize="9.0"/>
                </Word>
                <Word id="w_w2aab1b3b2b9b1ad107" language="English" custom="readingOrder {index:11;}">
                    <Coords points="999,388 1062,388 1062,413 999,413"/>
                    <TextEquiv>
                        <Unicode>Mon</Unicode>
                    </TextEquiv>
                    <TextStyle fontFamily="Times New Roman" fontSize="9.0"/>
                </Word>
                <Word id="w_w2aab1b3b2b9b1ad115" language="English" custom="readingOrder {index:12;}">
                    <Coords points="1078,389 1142,389 1142,413 1078,413"/>
                    <TextEquiv>
                        <Unicode>cher</Unicode>
                    </TextEquiv>
                    <TextStyle fontFamily="Times New Roman" fontSize="9.0"/>
                </Word>
                <Word id="w_w2aab1b3b2b9b1ad125" language="English" custom="readingOrder {index:13;}">
                    <Coords points="1159,389 1222,389 1222,418 1159,418"/>
                    <TextEquiv>
                        <Unicode>ami,</Unicode>
                    </TextEquiv>
                    <TextStyle fontFamily="Times New Roman" fontSize="9.0"/>
                </Word>
                <Word id="w_w2aab1b3b2b9b1ad135" language="English" custom="readingOrder {index:14;}">
                    <Coords points="1242,389 1268,389 1268,420 1242,420"/>
                    <TextEquiv>
                        <Unicode>je</Unicode>
                    </TextEquiv>
                    <TextStyle fontFamily="Times New Roman" fontSize="9.0"/>
                </Word>
                <TextEquiv>
                    <Unicode>Jolie lettre où il donne des détails sur sa santé. « Mon cher ami, je</Unicode>
                </TextEquiv>
                <TextStyle fontFamily="Times New Roman" fontSize="9.0"/>
            </TextLine>
            <TextLine id="tl_10" primaryLanguage="English" custom="readingOrder {index:1;}">
                <Coords points="175,419 1268,419 1268,451 175,451"/>
                <Baseline points="175,443 253,444 355,444 465,444 552,443 593,444 729,444 796,444 879,444 918,444 996,444 1097,445 1186,450 1232,444 1268,445"/>
                <Word id="w_w2aab1b3b2b9b3ab1" language="English" custom="readingOrder {index:0;}">
                    <Coords points="175,420 253,420 253,444 175,444"/>
                    <TextEquiv>
                        <Unicode>viens</Unicode>
                    </TextEquiv>
                    <TextStyle fontFamily="Times New Roman" fontSize="9.0"/>
                </Word>
                <Word id="w_w2aab1b3b2b9b3ac13" language="English" custom="readingOrder {index:1;}">
                    <Coords points="270,420 355,420 355,444 270,444"/>
                    <TextEquiv>
                        <Unicode>d’ètré</Unicode>
                    </TextEquiv>
                    <TextStyle fontFamily="Times New Roman" fontSize="9.0"/>
                </Word>
                <Word id="w_w2aab1b3b2b9b3ac27" language="English" custom="readingOrder {index:2;}">
                    <Coords points="379,419 465,419 465,444 379,444"/>
                    <TextEquiv>
                        <Unicode>sondé</Unicode>
                    </TextEquiv>
                    <TextStyle fontFamily="Times New Roman" fontSize="9.0"/>
                </Word>
                <Word id="w_w2aab1b3b2b9b3ac39" language="English" custom="readingOrder {index:3;}">
                    <Coords points="483,426 552,426 552,451 483,451"/>
                    <TextEquiv>
                        <Unicode>pour</Unicode>
                    </TextEquiv>
                    <TextStyle fontFamily="Times New Roman" fontSize="9.0"/>
                </Word>
                <Word id="w_w2aab1b3b2b9b3ac49" language="English" custom="readingOrder {index:4;}">
                    <Coords points="568,420 593,420 593,444 568,444"/>
                    <TextEquiv>
                        <Unicode>la</Unicode>
                    </TextEquiv>
                    <TextStyle fontFamily="Times New Roman" fontSize="9.0"/>
                </Word>
                <Word id="w_w2aab1b3b2b9b3ac55" language="English" custom="readingOrder {index:5;}">
                    <Coords points="613,420 729,420 729,445 613,445"/>
                    <TextEquiv>
                        <Unicode>seconde</Unicode>
                    </TextEquiv>
                    <TextStyle fontFamily="Times New Roman" fontSize="9.0"/>
                </Word>
                <Word id="w_w2aab1b3b2b9b3ac71" language="English" custom="readingOrder {index:6;}">
                    <Coords points="744,420 796,420 796,444 744,444"/>
                    <TextEquiv>
                        <Unicode>fois</Unicode>
                    </TextEquiv>
                    <TextStyle fontFamily="Times New Roman" fontSize="9.0"/>
                </Word>
                <Word id="w_w2aab1b3b2b9b3ac81" language="English" custom="readingOrder {index:7;}">
                    <Coords points="813,426 879,426 879,444 813,444"/>
                    <TextEquiv>
                        <Unicode>avec</Unicode>
                    </TextEquiv>
                    <TextStyle fontFamily="Times New Roman" fontSize="9.0"/>
                </Word>
                <Word id="w_w2aab1b3b2b9b3ac91" language="English" custom="readingOrder {index:8;}">
                    <Coords points="893,420 918,420 918,444 893,444"/>
                    <TextEquiv>
                        <Unicode>le</Unicode>
                    </TextEquiv>
                    <TextStyle fontFamily="Times New Roman" fontSize="9.0"/>
                </Word>
                <Word id="w_w2aab1b3b2b9b3ac97" language="English" custom="readingOrder {index:9;}">
                    <Coords points="935,420 996,420 996,451 935,451"/>
                    <TextEquiv>
                        <Unicode>plus</Unicode>
                    </TextEquiv>
                    <TextStyle fontFamily="Times New Roman" fontSize="9.0"/>
                </Word>
                <Word id="w_w2aab1b3b2b9b3ad107" language="English" custom="readingOrder {index:10;}">
                    <Coords points="1011,420 1097,420 1097,450 1011,450"/>
                    <TextEquiv>
                        <Unicode>grand</Unicode>
                    </TextEquiv>
                    <TextStyle fontFamily="Times New Roman" fontSize="9.0"/>
                </Word>
                <Word id="w_w2aab1b3b2b9b3ad119" language="English" custom="readingOrder {index:11;}">
                    <Coords points="1117,421 1186,421 1186,450 1117,450"/>
                    <TextEquiv>
                        <Unicode>soin,</Unicode>
                    </TextEquiv>
                    <TextStyle fontFamily="Times New Roman" fontSize="9.0"/>
                </Word>
                <Word id="w_w2aab1b3b2b9b3ad131" language="English" custom="readingOrder {index:12;}">
                    <Coords points="1205,423 1232,423 1232,445 1205,445"/>
                    <TextEquiv>
                        <Unicode>et</Unicode>
                    </TextEquiv>
                    <TextStyle fontFamily="Times New Roman" fontSize="9.0"/>
                </Word>
                <Word id="w_w2aab1b3b2b9b3ad137" language="English" custom="readingOrder {index:13;}">
                    <Coords points="1249,421 1268,421 1268,445 1249,445"/>
                    <TextEquiv>
                        <Unicode>il</Unicode>
                    </TextEquiv>
                    <TextStyle fontFamily="Times New Roman" fontSize="9.0"/>
                </Word>
                <TextEquiv>
                    <Unicode>viens d’êtré sondé pour la seconde fois avec le plus grand soin, et il</Unicode>
                </TextEquiv>
                <TextStyle fontFamily="Times New Roman" fontSize="9.0"/>
            </TextLine>
            <TextLine id="tl_11" primaryLanguage="English" custom="readingOrder {index:2;}">
                <Coords points="175,451 1028,451 1028,482 175,482"/>
                <Baseline points="175,475 216,475 354,475 424,475 462,476 530,474 619,475 665,475 766,475 850,475 888,475 1003,475 1028,474"/>
                <Word id="w_w2aab1b3b2b9b5ab1" language="English" custom="readingOrder {index:0;}">
                    <Coords points="175,454 216,454 216,475 175,475"/>
                    <TextEquiv>
                        <Unicode>est</Unicode>
                    </TextEquiv>
                    <TextStyle fontFamily="Times New Roman" fontSize="9.0"/>
                </Word>
                <Word id="w_w2aab1b3b2b9b5ab9" language="English" custom="readingOrder {index:1;}">
                    <Coords points="232,452 354,452 354,476 232,476"/>
                    <TextEquiv>
                        <Unicode>constaté</Unicode>
                    </TextEquiv>
                    <TextStyle fontFamily="Times New Roman" fontSize="9.0"/>
                </Word>
                <Word id="w_w2aab1b3b2b9b5ac27" language="English" custom="readingOrder {index:2;}">
                    <Coords points="372,458 424,458 424,482 372,482"/>
                    <TextEquiv>
                        <Unicode>que</Unicode>
                    </TextEquiv>
                    <TextStyle fontFamily="Times New Roman" fontSize="9.0"/>
                </Word>
                <Word id="w_w2aab1b3b2b9b5ac35" language="English" custom="readingOrder {index:3;}">
                    <Coords points="436,452 462,452 462,482 436,482"/>
                    <TextEquiv>
                        <Unicode>je</Unicode>
                    </TextEquiv>
                    <TextStyle fontFamily="Times New Roman" fontSize="9.0"/>
                </Word>
                <Word id="w_w2aab1b3b2b9b5ac41" language="English" custom="readingOrder {index:4;}">
                    <Coords points="477,451 530,451 530,475 477,475"/>
                    <TextEquiv>
                        <Unicode>n'ai</Unicode>
                    </TextEquiv>
                    <TextStyle fontFamily="Times New Roman" fontSize="9.0"/>
                </Word>
                <Word id="w_w2aab1b3b2b9b5ac51" language="English" custom="readingOrder {index:5;}">
                    <Coords points="543,451 619,451 619,481 543,481"/>
                    <TextEquiv>
                        <Unicode>point</Unicode>
                    </TextEquiv>
                    <TextStyle fontFamily="Times New Roman" fontSize="9.0"/>
                </Word>
                <Word id="w_w2aab1b3b2b9b5ac63" language="English" custom="readingOrder {index:6;}">
                    <Coords points="632,451 665,451 665,475 632,475"/>
                    <TextEquiv>
                        <Unicode>de</Unicode>
                    </TextEquiv>
                    <TextStyle fontFamily="Times New Roman" fontSize="9.0"/>
                </Word>
                <Word id="w_w2aab1b3b2b9b5ac69" language="English" custom="readingOrder {index:7;}">
                    <Coords points="679,452 766,452 766,482 679,482"/>
                    <TextEquiv>
                        <Unicode>pierre</Unicode>
                    </TextEquiv>
                    <TextStyle fontFamily="Times New Roman" fontSize="9.0"/>
                </Word>
                <Word id="w_w2aab1b3b2b9b5ac83" language="English" custom="readingOrder {index:8;}">
                    <Coords points="781,451 850,451 850,475 781,475"/>
                    <TextEquiv>
                        <Unicode>dans</Unicode>
                    </TextEquiv>
                    <TextStyle fontFamily="Times New Roman" fontSize="9.0"/>
                </Word>
                <Word id="w_w2aab1b3b2b9b5ac93" language="English" custom="readingOrder {index:9;}">
                    <Coords points="865,452 888,452 888,476 865,476"/>
                    <TextEquiv>
                        <Unicode>la</Unicode>
                    </TextEquiv>
                    <TextStyle fontFamily="Times New Roman" fontSize="9.0"/>
                </Word>
                <Word id="w_w2aab1b3b2b9b5ac99" language="English" custom="readingOrder {index:10;}">
                    <Coords points="905,451 1003,451 1003,476 905,476"/>
                    <TextEquiv>
                        <Unicode>vessie.</Unicode>
                    </TextEquiv>
                    <TextStyle fontFamily="Times New Roman" fontSize="9.0"/>
                </Word>
                <Word id="w_w2aab1b3b2b9b5ad115" language="English" custom="readingOrder {index:11;}">
                    <Coords points="1018,460 1028,460 1028,474 1018,474"/>
                    <TextEquiv>
                        <Unicode>»</Unicode>
                    </TextEquiv>
                    <TextStyle fontFamily="Times New Roman" fontSize="9.0"/>
                </Word>
                <TextEquiv>
                    <Unicode>est constaté que je n'ai point de pierre dans la vessie. »</Unicode>
                </TextEquiv>
                <TextStyle fontFamily="Times New Roman" fontSize="9.0"/>
            </TextLine>
            <TextEquiv>
                <Unicode>Jolie lettre où il donne des détails sur sa santé. « Mon cher ami, je
viens d’êtré sondé pour la seconde fois avec le plus grand soin, et il
est constaté que je n'ai point de pierre dans la vessie. »</Unicode>
            </TextEquiv>
        </TextRegion>
        <TextRegion type="paragraph" id="r_2_6" custom="readingOrder {index:6;}">
            <Coords points="105,481 1268,481 1268,524 105,524"/>
            <TextLine id="tl_12" primaryLanguage="English" custom="readingOrder {index:0;}">
                <Coords points="106,482 1267,482 1267,523 106,523"/>
                <Baseline points="106,511 115,511 198,510 482,516 626,510 782,510 849,510 895,510 940,502 1071,517 1267,510"/>
                <Word id="w_w2aab1b3b2c11b1ab1" language="English" custom="readingOrder {index:0;}">
                    <Coords points="106,483 155,483 155,511 106,511"/>
                    <TextEquiv>
                        <Unicode>159</Unicode>
                    </TextEquiv>
                    <TextStyle fontFamily="Times New Roman" fontSize="10.5"/>
                </Word>
                <Word id="w_w2aab1b3b2c11b1b1b1" language="English" custom="readingOrder {index:1;}">
                    <Coords points="175,483 321,483 321,517 175,517"/>
                    <TextEquiv>
                        <Unicode>Sadolet</Unicode>
                    </TextEquiv>
                    <TextStyle fontFamily="Times New Roman" fontSize="9.5" bold="true"/>
                </Word>
                <Word id="w_w2aab1b3b2c11b1b2b1" language="English" custom="readingOrder {index:2;}">
                    <Coords points="336,482 482,482 482,523 336,523"/>
                    <TextEquiv>
                        <Unicode>(Jacopo),</Unicode>
                    </TextEquiv>
                    <TextStyle fontFamily="Times New Roman" fontSize="10.5"/>
                </Word>
                <Word id="w_w2aab1b3b2c11b1b2c21" language="English" custom="readingOrder {index:3;}">
                    <Coords points="500,482 626,482 626,510 500,510"/>
                    <TextEquiv>
                        <Unicode>illustre</Unicode>
                    </TextEquiv>
                    <TextStyle fontFamily="Times New Roman" fontSize="10.5"/>
                </Word>
                <Word id="w_w2aab1b3b2c11b1b2c39" language="English" custom="readingOrder {index:4;}">
                    <Coords points="642,482 782,482 782,510 642,510"/>
                    <TextEquiv>
                        <Unicode>écrivain</Unicode>
                    </TextEquiv>
                    <TextStyle fontFamily="Times New Roman" fontSize="10.5"/>
                </Word>
                <Word id="w_w2aab1b3b2c11b1b2c57" language="English" custom="readingOrder {index:5;}">
                    <Coords points="808,482 849,482 849,510 808,510"/>
                    <TextEquiv>
                        <Unicode>du</Unicode>
                    </TextEquiv>
                    <TextStyle fontFamily="Times New Roman" fontSize="10.5"/>
                </Word>
                <Word id="w_w2aab1b3b2c11b1b2c63" language="English" custom="readingOrder {index:6;}">
                    <Coords points="874,490 927,490 927,510 874,510"/>
                    <TextEquiv>
                        <Unicode>xvi</Unicode>
                    </TextEquiv>
                    <TextStyle fontFamily="Times New Roman" fontSize="10.5"/>
                </Word>
                <Word id="w_w2aab1b3b2c11b1b3b1" language="English" custom="readingOrder {index:7;}">
                    <Coords points="929,489 940,489 940,502 929,502"/>
                    <TextEquiv>
                        <Unicode>e</Unicode>
                    </TextEquiv>
                    <TextStyle fontFamily="Times New Roman" fontSize="10.5" superscript="true"/>
                </Word>
                <Word id="w_w2aab1b3b2c11b1b4b3" language="English" custom="readingOrder {index:8;}">
                    <Coords points="964,482 1071,482 1071,517 964,517"/>
                    <TextEquiv>
                        <Unicode>siècle,</Unicode>
                    </TextEquiv>
                    <TextStyle fontFamily="Times New Roman" fontSize="10.5"/>
                </Word>
                <Word id="w_w2aab1b3b2c11b1b4c19" language="English" custom="readingOrder {index:9;}">
                    <Coords points="1097,482 1267,482 1267,511 1097,511"/>
                    <TextEquiv>
                        <Unicode>secrétaire</Unicode>
                    </TextEquiv>
                    <TextStyle fontFamily="Times New Roman" fontSize="10.5"/>
                </Word>
                <TextEquiv>
                    <Unicode>159 Sadolet (Jacopo), illustre écrivain du XVIe siècle, secrétaire</Unicode>
                </TextEquiv>
            </TextLine>
            <TextEquiv>
                <Unicode>159 Sadolet (Jacopo), illustre écrivain du XVIe siècle, secrétaire</Unicode>
            </TextEquiv>
        </TextRegion>
        <TextRegion type="paragraph" id="r_2_7" custom="readingOrder {index:7;}">
            <Coords points="174,516 1268,516 1268,627 174,627"/>
            <TextLine id="tl_13" primaryLanguage="English" custom="readingOrder {index:0;}">
                <Coords points="176,517 1267,517 1267,554 176,554"/>
                <Baseline points="176,546 212,546 312,546 367,552 501,545 554,545 773,546 827,539 912,546 1009,551 1102,546 1157,546 1267,538"/>
                <Word id="w_w2aab1b3b2c13b1ab1" language="English" custom="readingOrder {index:0;}">
                    <Coords points="176,518 212,518 212,546 176,546"/>
                    <TextEquiv>
                        <Unicode>de</Unicode>
                    </TextEquiv>
                    <TextStyle fontFamily="Times New Roman" fontSize="10.5"/>
                </Word>
                <Word id="w_w2aab1b3b2c13b1ab7" language="English" custom="readingOrder {index:1;}">
                    <Coords points="228,519 312,519 312,546 228,546"/>
                    <TextEquiv>
                        <Unicode>Léon</Unicode>
                    </TextEquiv>
                    <TextStyle fontFamily="Times New Roman" fontSize="10.5"/>
                </Word>
                <Word id="w_w2aab1b3b2c13b1ac17" language="English" custom="readingOrder {index:2;}">
                    <Coords points="327,517 367,517 367,552 327,552"/>
                    <TextEquiv>
                        <Unicode>X,</Unicode>
                    </TextEquiv>
                    <TextStyle fontFamily="Times New Roman" fontSize="10.5"/>
                </Word>
                <Word id="w_w2aab1b3b2c13b1ac23" language="English" custom="readingOrder {index:3;}">
                    <Coords points="383,518 501,518 501,554 383,554"/>
                    <TextEquiv>
                        <Unicode>éveque</Unicode>
                    </TextEquiv>
                    <TextStyle fontFamily="Times New Roman" fontSize="10.5"/>
                </Word>
                <Word id="w_w2aab1b3b2c13b1ac37" language="English" custom="readingOrder {index:4;}">
                    <Coords points="518,517 554,517 554,546 518,546"/>
                    <TextEquiv>
                        <Unicode>de</Unicode>
                    </TextEquiv>
                    <TextStyle fontFamily="Times New Roman" fontSize="10.5"/>
                </Word>
                <Word id="w_w2aab1b3b2c13b1ac43" language="English" custom="readingOrder {index:5;}">
                    <Coords points="571,519 773,519 773,554 571,554"/>
                    <TextEquiv>
                        <Unicode>Carpentras.</Unicode>
                    </TextEquiv>
                    <TextStyle fontFamily="Times New Roman" fontSize="10.5"/>
                </Word>
                <Word id="w_w2aab1b3b2c13b1ac67" language="English" custom="readingOrder {index:6;}">
                    <Coords points="793,535 827,535 827,539 793,539"/>
                    <TextEquiv>
                        <Unicode>—</Unicode>
                    </TextEquiv>
                    <TextStyle fontFamily="Times New Roman" fontSize="10.5"/>
                </Word>
                <Word id="w_w2aab1b3b2c13b1ac71" language="English" custom="readingOrder {index:7;}">
                    <Coords points="842,518 912,518 912,546 842,546"/>
                    <TextEquiv>
                        <Unicode>Let.</Unicode>
                    </TextEquiv>
                    <TextStyle fontFamily="Times New Roman" fontSize="10.5"/>
                </Word>
                <Word id="w_w2aab1b3b2c13b1ac81" language="English" custom="readingOrder {index:8;}">
                    <Coords points="932,518 1009,518 1009,554 932,554"/>
                    <TextEquiv>
                        <Unicode>sig.,</Unicode>
                    </TextEquiv>
                    <TextStyle fontFamily="Times New Roman" fontSize="10.5"/>
                </Word>
                <Word id="w_w2aab1b3b2c13b1ac93" language="English" custom="readingOrder {index:9;}">
                    <Coords points="1027,526 1102,526 1102,546 1027,546"/>
                    <TextEquiv>
                        <Unicode>avec</Unicode>
                    </TextEquiv>
                    <TextStyle fontFamily="Times New Roman" fontSize="10.5"/>
                </Word>
                <Word id="w_w2aab1b3b2c13b1ad103" language="English" custom="readingOrder {index:10;}">
                    <Coords points="1126,518 1157,518 1157,546 1126,546"/>
                    <TextEquiv>
                        <Unicode>la</Unicode>
                    </TextEquiv>
                    <TextStyle fontFamily="Times New Roman" fontSize="10.5"/>
                </Word>
                <Word id="w_w2aab1b3b2c13b1ad109" language="English" custom="readingOrder {index:11;}">
                    <Coords points="1178,526 1267,526 1267,546 1178,546"/>
                    <TextEquiv>
                        <Unicode>sous¬</Unicode>
                    </TextEquiv>
                    <TextStyle fontFamily="Times New Roman" fontSize="10.5"/>
                </Word>
                <TextEquiv>
                    <Unicode>de Léon X, évêque de Carpentras. — Let. sig., avec la sous¬</Unicode>
                </TextEquiv>
                <TextStyle fontFamily="Times New Roman" fontSize="10.5"/>
            </TextLine>
            <TextLine id="tl_14" primaryLanguage="English" custom="readingOrder {index:1;}">
                <Coords points="175,553 1265,553 1265,591 175,591"/>
                <Baseline points="175,581 313,581 413,587 469,581 629,582 791,589 841,581 965,582 1058,589 1086,581 1139,582 1265,582"/>
                <Word id="w_w2aab1b3b2c13b3ab1" language="English" custom="readingOrder {index:0;}">
                    <Coords points="175,554 313,554 313,590 175,590"/>
                    <TextEquiv>
                        <Unicode>cription</Unicode>
                    </TextEquiv>
                    <TextStyle fontFamily="Times New Roman" fontSize="10.5"/>
                </Word>
                <Word id="w_w2aab1b3b2c13b3ac19" language="English" custom="readingOrder {index:1;}">
                    <Coords points="330,556 413,556 413,587 330,587"/>
                    <TextEquiv>
                        <Unicode>aut.,</Unicode>
                    </TextEquiv>
                    <TextStyle fontFamily="Times New Roman" fontSize="10.5"/>
                </Word>
                <Word id="w_w2aab1b3b2c13b3ac31" language="English" custom="readingOrder {index:2;}">
                    <Coords points="431,562 469,562 469,582 431,582"/>
                    <TextEquiv>
                        <Unicode>au</Unicode>
                    </TextEquiv>
                    <TextStyle fontFamily="Times New Roman" fontSize="10.5"/>
                </Word>
                <Word id="w_w2aab1b3b2c13b3ac37" language="English" custom="readingOrder {index:3;}">
                    <Coords points="487,553 629,553 629,582 487,582"/>
                    <TextEquiv>
                        <Unicode>cardinal</Unicode>
                    </TextEquiv>
                    <TextStyle fontFamily="Times New Roman" fontSize="10.5"/>
                </Word>
                <Word id="w_w2aab1b3b2c13b3ac55" language="English" custom="readingOrder {index:4;}">
                    <Coords points="645,554 791,554 791,589 645,589"/>
                    <TextEquiv>
                        <Unicode>Morone;</Unicode>
                    </TextEquiv>
                    <TextStyle fontFamily="Times New Roman" fontSize="10.5"/>
                </Word>
                <Word id="w_w2aab1b3b2c13b3ac71" language="English" custom="readingOrder {index:5;}">
                    <Coords points="808,554 841,554 841,581 808,581"/>
                    <TextEquiv>
                        <Unicode>10</Unicode>
                    </TextEquiv>
                    <TextStyle fontFamily="Times New Roman" fontSize="10.5"/>
                </Word>
                <Word id="w_w2aab1b3b2c13b3ac77" language="English" custom="readingOrder {index:6;}">
                    <Coords points="852,553 965,553 965,591 852,591"/>
                    <TextEquiv>
                        <Unicode>juillet</Unicode>
                    </TextEquiv>
                    <TextStyle fontFamily="Times New Roman" fontSize="10.5"/>
                </Word>
                <Word id="w_w2aab1b3b2c13b3ac93" language="English" custom="readingOrder {index:7;}">
                    <Coords points="981,554 1058,554 1058,589 981,589"/>
                    <TextEquiv>
                        <Unicode>1544,</Unicode>
                    </TextEquiv>
                    <TextStyle fontFamily="Times New Roman" fontSize="10.5"/>
                </Word>
                <Word id="w_w2aab1b3b2c13b3ad105" language="English" custom="readingOrder {index:8;}">
                    <Coords points="1075,555 1086,555 1086,581 1075,581"/>
                    <TextEquiv>
                        <Unicode>1</Unicode>
                    </TextEquiv>
                    <TextStyle fontFamily="Times New Roman" fontSize="10.5"/>
                </Word>
                <Word id="w_w2aab1b3b2c13b3ad109" language="English" custom="readingOrder {index:9;}">
                    <Coords points="1110,562 1139,562 1139,590 1110,590"/>
                    <TextEquiv>
                        <Unicode>p.</Unicode>
                    </TextEquiv>
                    <TextStyle fontFamily="Times New Roman" fontSize="10.5"/>
                </Word>
                <Word id="w_w2aab1b3b2c13b3ad115" language="English" custom="readingOrder {index:10;}">
                    <Coords points="1155,553 1265,553 1265,583 1155,583"/>
                    <TextEquiv>
                        <Unicode>in-fol.</Unicode>
                    </TextEquiv>
                    <TextStyle fontFamily="Times New Roman" fontSize="10.5"/>
                </Word>
                <TextEquiv>
                    <Unicode>cription aut., au cardinal Morone; 10 juillet 1544, 1 p. in-fol.</Unicode>
                </TextEquiv>
                <TextStyle fontFamily="Times New Roman" fontSize="10.5"/>
            </TextLine>
            <TextLine id="tl_15" primaryLanguage="English" custom="readingOrder {index:2;}">
                <Coords points="178,590 1267,590 1267,626 178,626"/>
                <Baseline points="178,618 225,618 300,617 441,617 1216,617 1267,615"/>
                <Word id="w_w2aab1b3b2c13b5ab1" language="English" custom="readingOrder {index:0;}">
                    <Coords points="178,590 225,590 225,618 178,618"/>
                    <TextEquiv>
                        <Unicode>Un</Unicode>
                    </TextEquiv>
                    <TextStyle fontFamily="Times New Roman" fontSize="10.5"/>
                </Word>
                <Word id="w_w2aab1b3b2c13b5ab7" language="English" custom="readingOrder {index:1;}">
                    <Coords points="244,598 300,598 300,626 244,626"/>
                    <TextEquiv>
                        <Unicode>peu</Unicode>
                    </TextEquiv>
                    <TextStyle fontFamily="Times New Roman" fontSize="10.5"/>
                </Word>
                <Word id="w_w2aab1b3b2c13b5ac15" language="English" custom="readingOrder {index:2;}">
                    <Coords points="319,590 441,590 441,626 319,626"/>
                    <TextEquiv>
                        <Unicode>piquée.</Unicode>
                    </TextEquiv>
                    <TextStyle fontFamily="Times New Roman" fontSize="10.5"/>
                </Word>
                <Word id="w_w2aab1b3b2c13b5ac31" language="English" custom="readingOrder {index:3;}">
                    <Coords points="1184,590 1216,590 1216,617 1184,617"/>
                    <TextEquiv>
                        <Unicode>15</Unicode>
                    </TextEquiv>
                    <TextStyle fontFamily="Times New Roman" fontSize="10.5"/>
                </Word>
                <Word id="w_w2aab1b3b2c13b5ac37" language="English" custom="readingOrder {index:4;}">
                    <Coords points="1255,600 1267,600 1267,615 1255,615"/>
                    <TextEquiv>
                        <Unicode>»</Unicode>
                    </TextEquiv>
                    <TextStyle fontFamily="Times New Roman" fontSize="10.5"/>
                </Word>
                <TextEquiv>
                    <Unicode>Un peu piquée. 15 »</Unicode>
                </TextEquiv>
                <TextStyle fontFamily="Times New Roman" fontSize="10.5"/>
            </TextLine>
            <TextEquiv>
                <Unicode>de Léon X, évêque de Carpentras. — Let. sig., avec la sous¬
cription aut., au cardinal Morone; 10 juillet 1544, 1 p. in-fol.
Un peu piquée. 15 »</Unicode>
            </TextEquiv>
        </TextRegion>
        <TextRegion type="paragraph" id="r_2_8" custom="readingOrder {index:8;}">
            <Coords points="104,624 1269,624 1269,662 104,662"/>
            <TextLine id="tl_16" primaryLanguage="English" custom="readingOrder {index:0;}">
                <Coords points="105,625 1268,625 1268,661 105,661"/>
                <Baseline points="105,654 117,654 198,653 597,659 755,653 830,660 1032,653 1089,653 1268,652"/>
                <Word id="w_w2aab1b3b2c15b1ab1" language="English" custom="readingOrder {index:0;}">
                    <Coords points="105,626 156,626 156,654 105,654"/>
                    <TextEquiv>
                        <Unicode>160</Unicode>
                    </TextEquiv>
                    <TextStyle fontFamily="Times New Roman" fontSize="10.5"/>
                </Word>
                <Word id="w_w2aab1b3b2c15b1b1b1" language="English" custom="readingOrder {index:1;}">
                    <Coords points="175,626 413,626 413,660 175,660"/>
                    <TextEquiv>
                        <Unicode>Saint-Simon</Unicode>
                    </TextEquiv>
                    <TextStyle fontFamily="Times New Roman" fontSize="9.5" bold="true"/>
                </Word>
                <Word id="w_w2aab1b3b2c15b1b2b1" language="English" custom="readingOrder {index:2;}">
                    <Coords points="428,625 597,625 597,660 428,660"/>
                    <TextEquiv>
                        <Unicode>(Max.-H.,</Unicode>
                    </TextEquiv>
                    <TextStyle fontFamily="Times New Roman" fontSize="10.5"/>
                </Word>
                <Word id="w_w2aab1b3b2c15b1b2c21" language="English" custom="readingOrder {index:3;}">
                    <Coords points="615,625 755,625 755,661 615,661"/>
                    <TextEquiv>
                        <Unicode>marquis</Unicode>
                    </TextEquiv>
                    <TextStyle fontFamily="Times New Roman" fontSize="10.5"/>
                </Word>
                <Word id="w_w2aab1b3b2c15b1b2c37" language="English" custom="readingOrder {index:4;}">
                    <Coords points="771,625 830,625 830,661 771,661"/>
                    <TextEquiv>
                        <Unicode>de),</Unicode>
                    </TextEquiv>
                    <TextStyle fontFamily="Times New Roman" fontSize="10.5"/>
                </Word>
                <Word id="w_w2aab1b3b2c15b1b2c47" language="English" custom="readingOrder {index:5;}">
                    <Coords points="847,625 1032,625 1032,654 847,654"/>
                    <TextEquiv>
                        <Unicode>littérateur</Unicode>
                    </TextEquiv>
                    <TextStyle fontFamily="Times New Roman" fontSize="10.5"/>
                </Word>
                <Word id="w_w2aab1b3b2c15b1b2c71" language="English" custom="readingOrder {index:6;}">
                    <Coords points="1056,634 1089,634 1089,653 1056,653"/>
                    <TextEquiv>
                        <Unicode>et,</Unicode>
                    </TextEquiv>
                    <TextStyle fontFamily="Times New Roman" fontSize="10.5"/>
                </Word>
                <Word id="w_w2aab1b3b2c15b1b2c79" language="English" custom="readingOrder {index:7;}">
                    <Coords points="1109,625 1268,625 1268,654 1109,654"/>
                    <TextEquiv>
                        <Unicode>botaniste</Unicode>
                    </TextEquiv>
                    <TextStyle fontFamily="Times New Roman" fontSize="10.5"/>
                </Word>
                <TextEquiv>
                    <Unicode>160 Saint-Simon (Max.-H., marquis de), littérateur et botaniste</Unicode>
                </TextEquiv>
            </TextLine>
            <TextEquiv>
                <Unicode>160 Saint-Simon (Max.-H., marquis de), littérateur et botaniste</Unicode>
            </TextEquiv>
        </TextRegion>
        <TextRegion type="paragraph" id="r_2_9" custom="readingOrder {index:9;}">
            <Coords points="174,659 1271,659 1271,769 174,769"/>
            <TextLine id="tl_17" primaryLanguage="English" custom="readingOrder {index:0;}">
                <Coords points="175,660 1269,660 1269,697 175,697"/>
                <Baseline points="175,689 350,695 483,688 571,689 668,688 819,689 890,688 950,689 1134,695 1214,689 1269,688"/>
                <Word id="w_w2aab1b3b2c17b1ab1" language="English" custom="readingOrder {index:0;}">
                    <Coords points="175,660 350,660 350,697 175,697"/>
                    <TextEquiv>
                        <Unicode>distingué,</Unicode>
                    </TextEquiv>
                    <TextStyle fontFamily="Times New Roman" fontSize="10.5"/>
                </Word>
                <Word id="w_w2aab1b3b2c17b1ac23" language="English" custom="readingOrder {index:1;}">
                    <Coords points="367,663 483,663 483,689 367,689"/>
                    <TextEquiv>
                        <Unicode>auteur</Unicode>
                    </TextEquiv>
                    <TextStyle fontFamily="Times New Roman" fontSize="10.5"/>
                </Word>
                <Word id="w_w2aab1b3b2c17b1ac37" language="English" custom="readingOrder {index:2;}">
                    <Coords points="498,661 571,661 571,689 498,689"/>
                    <TextEquiv>
                        <Unicode>d’un</Unicode>
                    </TextEquiv>
                    <TextStyle fontFamily="Times New Roman" fontSize="10.5"/>
                </Word>
                <Word id="w_w2aab1b3b2c17b1ac47" language="English" custom="readingOrder {index:3;}">
                    <Coords points="588,661 668,661 668,689 588,689"/>
                    <TextEquiv>
                        <Unicode>livre</Unicode>
                    </TextEquiv>
                    <TextStyle fontFamily="Times New Roman" fontSize="10.5"/>
                </Word>
                <Word id="w_w2aab1b3b2c17b1ac59" language="English" custom="readingOrder {index:4;}">
                    <Coords points="685,661 819,661 819,689 685,689"/>
                    <TextEquiv>
                        <Unicode>curieux</Unicode>
                    </TextEquiv>
                    <TextStyle fontFamily="Times New Roman" fontSize="10.5"/>
                </Word>
                <Word id="w_w2aab1b3b2c17b1ac75" language="English" custom="readingOrder {index:5;}">
                    <Coords points="834,669 890,669 890,689 834,689"/>
                    <TextEquiv>
                        <Unicode>sur</Unicode>
                    </TextEquiv>
                    <TextStyle fontFamily="Times New Roman" fontSize="10.5"/>
                </Word>
                <Word id="w_w2aab1b3b2c17b1ac83" language="English" custom="readingOrder {index:6;}">
                    <Coords points="905,661 950,661 950,689 905,689"/>
                    <TextEquiv>
                        <Unicode>les</Unicode>
                    </TextEquiv>
                    <TextStyle fontFamily="Times New Roman" fontSize="10.5"/>
                </Word>
                <Word id="w_w2aab1b3b2c17b1ac91" language="English" custom="readingOrder {index:7;}">
                    <Coords points="962,661 1134,661 1134,697 962,697"/>
                    <TextEquiv>
                        <Unicode>jacinthes,</Unicode>
                    </TextEquiv>
                    <TextStyle fontFamily="Times New Roman" fontSize="10.5"/>
                </Word>
                <Word id="w_w2aab1b3b2c17b1ad113" language="English" custom="readingOrder {index:8;}">
                    <Coords points="1153,661 1214,661 1214,689 1153,689"/>
                    <TextEquiv>
                        <Unicode>fixé</Unicode>
                    </TextEquiv>
                    <TextStyle fontFamily="Times New Roman" fontSize="10.5"/>
                </Word>
                <Word id="w_w2aab1b3b2c17b1ad123" language="English" custom="readingOrder {index:9;}">
                    <Coords points="1231,669 1269,669 1269,688 1231,688"/>
                    <TextEquiv>
                        <Unicode>en</Unicode>
                    </TextEquiv>
                    <TextStyle fontFamily="Times New Roman" fontSize="10.5"/>
                </Word>
                <TextEquiv>
                    <Unicode>distingué, auteur d’un livre curieux sur les jacinthes, fixé en</Unicode>
                </TextEquiv>
                <TextStyle fontFamily="Times New Roman" fontSize="10.5"/>
            </TextLine>
            <TextLine id="tl_18" primaryLanguage="English" custom="readingOrder {index:1;}">
                <Coords points="175,697 1270,697 1270,730 175,730"/>
                <Baseline points="175,725 331,724 395,724 445,724 516,725 623,725 686,724 790,725 846,717 938,724 1041,729 1270,730"/>
                <Word id="w_w2aab1b3b2c17b3ab1" language="English" custom="readingOrder {index:0;}">
                    <Coords points="175,697 331,697 331,725 175,725"/>
                    <TextEquiv>
                        <Unicode>Hollande</Unicode>
                    </TextEquiv>
                    <TextStyle fontFamily="Times New Roman" fontSize="10.5"/>
                </Word>
                <Word id="w_w2aab1b3b2c17b3ac19" language="English" custom="readingOrder {index:1;}">
                    <Coords points="356,698 395,698 395,724 356,724"/>
                    <TextEquiv>
                        <Unicode>où</Unicode>
                    </TextEquiv>
                    <TextStyle fontFamily="Times New Roman" fontSize="10.5"/>
                </Word>
                <Word id="w_w2aab1b3b2c17b3ac25" language="English" custom="readingOrder {index:2;}">
                    <Coords points="422,697 445,697 445,724 422,724"/>
                    <TextEquiv>
                        <Unicode>il</Unicode>
                    </TextEquiv>
                    <TextStyle fontFamily="Times New Roman" fontSize="10.5"/>
                </Word>
                <Word id="w_w2aab1b3b2c17b3ac31" language="English" custom="readingOrder {index:3;}">
                    <Coords points="468,700 516,700 516,725 468,725"/>
                    <TextEquiv>
                        <Unicode>est</Unicode>
                    </TextEquiv>
                    <TextStyle fontFamily="Times New Roman" fontSize="10.5"/>
                </Word>
                <Word id="w_w2aab1b3b2c17b3ac39" language="English" custom="readingOrder {index:4;}">
                    <Coords points="540,699 623,699 623,725 540,725"/>
                    <TextEquiv>
                        <Unicode>mort</Unicode>
                    </TextEquiv>
                    <TextStyle fontFamily="Times New Roman" fontSize="10.5"/>
                </Word>
                <Word id="w_w2aab1b3b2c17b3ac49" language="English" custom="readingOrder {index:5;}">
                    <Coords points="647,705 686,705 686,724 647,724"/>
                    <TextEquiv>
                        <Unicode>en</Unicode>
                    </TextEquiv>
                    <TextStyle fontFamily="Times New Roman" fontSize="10.5"/>
                </Word>
                <Word id="w_w2aab1b3b2c17b3ac55" language="English" custom="readingOrder {index:6;}">
                    <Coords points="712,697 790,697 790,725 712,725"/>
                    <TextEquiv>
                        <Unicode>1799.</Unicode>
                    </TextEquiv>
                    <TextStyle fontFamily="Times New Roman" fontSize="10.5"/>
                </Word>
                <Word id="w_w2aab1b3b2c17b3ac67" language="English" custom="readingOrder {index:7;}">
                    <Coords points="813,712 846,712 846,717 813,717"/>
                    <TextEquiv>
                        <Unicode>—</Unicode>
                    </TextEquiv>
                    <TextStyle fontFamily="Times New Roman" fontSize="10.5"/>
                </Word>
                <Word id="w_w2aab1b3b2c17b3ac71" language="English" custom="readingOrder {index:8;}">
                    <Coords points="866,697 938,697 938,725 866,725"/>
                    <TextEquiv>
                        <Unicode>Let.</Unicode>
                    </TextEquiv>
                    <TextStyle fontFamily="Times New Roman" fontSize="10.5"/>
                </Word>
                <Word id="w_w2aab1b3b2c17b3ac81" language="English" custom="readingOrder {index:9;}">
                    <Coords points="958,700 1041,700 1041,729 958,729"/>
                    <TextEquiv>
                        <Unicode>aut.;</Unicode>
                    </TextEquiv>
                    <TextStyle fontFamily="Times New Roman" fontSize="10.5"/>
                </Word>
                <Word id="w_w2aab1b3b2c17b3ac93" language="English" custom="readingOrder {index:10;}">
                    <Coords points="1058,697 1270,697 1270,730 1058,730"/>
                    <TextEquiv>
                        <Unicode>Amsterdam,</Unicode>
                    </TextEquiv>
                    <TextStyle fontFamily="Times New Roman" fontSize="10.5"/>
                </Word>
                <TextEquiv>
                    <Unicode>Hollande où il est mort en 1799. — Let. aut.; Amsterdam,</Unicode>
                </TextEquiv>
                <TextStyle fontFamily="Times New Roman" fontSize="10.5"/>
            </TextLine>
            <TextLine id="tl_19" primaryLanguage="English" custom="readingOrder {index:2;}">
                <Coords points="177,732 1269,732 1269,768 177,768"/>
                <Baseline points="177,760 186,760 202,750 314,761 408,766 440,759 487,760 587,760 775,760 1218,759 1269,758"/>
                <Word id="w_w2aab1b3b2c17b5ab1" language="English" custom="readingOrder {index:0;}">
                    <Coords points="177,735 186,735 186,760 177,760"/>
                    <TextEquiv>
                        <Unicode>1</Unicode>
                    </TextEquiv>
                    <TextStyle fontFamily="Times New Roman" fontSize="10.5"/>
                </Word>
                <Word id="w_w2aab1b3b2c17b5b1b1" language="English" custom="readingOrder {index:1;}">
                    <Coords points="193,738 216,738 216,750 193,750"/>
                    <TextEquiv>
                        <Unicode>er</Unicode>
                    </TextEquiv>
                    <TextStyle fontFamily="Times New Roman" fontSize="10.5" superscript="true"/>
                </Word>
                <Word id="w_w2aab1b3b2c17b5b2b3" language="English" custom="readingOrder {index:2;}">
                    <Coords points="232,741 314,741 314,761 232,761"/>
                    <TextEquiv>
                        <Unicode>mars</Unicode>
                    </TextEquiv>
                    <TextStyle fontFamily="Times New Roman" fontSize="10.5"/>
                </Word>
                <Word id="w_w2aab1b3b2c17b5b2c13" language="English" custom="readingOrder {index:3;}">
                    <Coords points="330,733 408,733 408,766 330,766"/>
                    <TextEquiv>
                        <Unicode>1775,</Unicode>
                    </TextEquiv>
                    <TextStyle fontFamily="Times New Roman" fontSize="10.5"/>
                </Word>
                <Word id="w_w2aab1b3b2c17b5b2c25" language="English" custom="readingOrder {index:4;}">
                    <Coords points="424,733 440,733 440,759 424,759"/>
                    <TextEquiv>
                        <Unicode>4</Unicode>
                    </TextEquiv>
                    <TextStyle fontFamily="Times New Roman" fontSize="10.5"/>
                </Word>
                <Word id="w_w2aab1b3b2c17b5b2c29" language="English" custom="readingOrder {index:5;}">
                    <Coords points="456,740 487,740 487,768 456,768"/>
                    <TextEquiv>
                        <Unicode>p.</Unicode>
                    </TextEquiv>
                    <TextStyle fontFamily="Times New Roman" fontSize="10.5"/>
                </Word>
                <Word id="w_w2aab1b3b2c17b5b2c35" language="English" custom="readingOrder {index:6;}">
                    <Coords points="509,732 587,732 587,760 509,760"/>
                    <TextEquiv>
                        <Unicode>in-4.</Unicode>
                    </TextEquiv>
                    <TextStyle fontFamily="Times New Roman" fontSize="10.5"/>
                </Word>
                <Word id="w_w2aab1b3b2c17b5b2c47" language="English" custom="readingOrder {index:7;}">
                    <Coords points="609,732 775,732 775,761 609,761"/>
                    <TextEquiv>
                        <Unicode>Curieuse.</Unicode>
                    </TextEquiv>
                    <TextStyle fontFamily="Times New Roman" fontSize="10.5"/>
                </Word>
                <Word id="w_w2aab1b3b2c17b5b2c67" language="English" custom="readingOrder {index:8;}">
                    <Coords points="1202,733 1218,733 1218,759 1202,759"/>
                    <TextEquiv>
                        <Unicode>6</Unicode>
                    </TextEquiv>
                    <TextStyle fontFamily="Times New Roman" fontSize="10.5"/>
                </Word>
                <Word id="w_w2aab1b3b2c17b5b2c71" language="English" custom="readingOrder {index:9;}">
                    <Coords points="1257,742 1269,742 1269,758 1257,758"/>
                    <TextEquiv>
                        <Unicode>»</Unicode>
                    </TextEquiv>
                    <TextStyle fontFamily="Times New Roman" fontSize="10.5"/>
                </Word>
                <TextEquiv>
                    <Unicode>1er mars 1775, 4 p. in-4. Curieuse. 6 »</Unicode>
                </TextEquiv>
            </TextLine>
            <TextEquiv>
                <Unicode>distingué, auteur d’un livre curieux sur les jacinthes, fixé en
Hollande où il est mort en 1799. — Let. aut.; Amsterdam,
1er mars 1775, 4 p. in-4. Curieuse. 6 »</Unicode>
            </TextEquiv>
        </TextRegion>
        <TextRegion type="paragraph" id="r_2_10" custom="readingOrder {index:10;}">
            <Coords points="105,767 1272,767 1272,806 105,806"/>
            <TextLine id="tl_20" primaryLanguage="English" custom="readingOrder {index:0;}">
                <Coords points="106,768 1271,768 1271,805 106,805"/>
                <Baseline points="106,797 118,797 200,796 482,796 558,803 732,796 780,796 919,796 1102,802 1156,796 1271,788"/>
                <Word id="w_w2aab1b3b2c19b1ab1" language="English" custom="readingOrder {index:0;}">
                    <Coords points="106,770 153,770 153,797 106,797"/>
                    <TextEquiv>
                        <Unicode>161</Unicode>
                    </TextEquiv>
                    <TextStyle fontFamily="Times New Roman" fontSize="10.5"/>
                </Word>
                <Word id="w_w2aab1b3b2c19b1b1b1" language="English" custom="readingOrder {index:1;}">
                    <Coords points="177,769 363,769 363,804 177,804"/>
                    <TextEquiv>
                        <Unicode>Salvandy</Unicode>
                    </TextEquiv>
                    <TextStyle fontFamily="Times New Roman" fontSize="9.5" bold="true"/>
                </Word>
                <Word id="w_w2aab1b3b2c19b1b2b1" language="English" custom="readingOrder {index:2;}">
                    <Coords points="379,768 482,768 482,804 379,804"/>
                    <TextEquiv>
                        <Unicode>(N.-A.</Unicode>
                    </TextEquiv>
                    <TextStyle fontFamily="Times New Roman" fontSize="10.5"/>
                </Word>
                <Word id="w_w2aab1b3b2c19b1b2c15" language="English" custom="readingOrder {index:3;}">
                    <Coords points="500,768 558,768 558,804 500,804"/>
                    <TextEquiv>
                        <Unicode>de),</Unicode>
                    </TextEquiv>
                    <TextStyle fontFamily="Times New Roman" fontSize="10.5"/>
                </Word>
                <Word id="w_w2aab1b3b2c19b1b2c25" language="English" custom="readingOrder {index:4;}">
                    <Coords points="575,768 732,768 732,796 575,796"/>
                    <TextEquiv>
                        <Unicode>historien</Unicode>
                    </TextEquiv>
                    <TextStyle fontFamily="Times New Roman" fontSize="10.5"/>
                </Word>
                <Word id="w_w2aab1b3b2c19b1b2c45" language="English" custom="readingOrder {index:5;}">
                    <Coords points="749,770 780,770 780,796 749,796"/>
                    <TextEquiv>
                        <Unicode>et</Unicode>
                    </TextEquiv>
                    <TextStyle fontFamily="Times New Roman" fontSize="10.5"/>
                </Word>
                <Word id="w_w2aab1b3b2c19b1b2c51" language="English" custom="readingOrder {index:6;}">
                    <Coords points="796,768 919,768 919,796 796,796"/>
                    <TextEquiv>
                        <Unicode>homme</Unicode>
                    </TextEquiv>
                    <TextStyle fontFamily="Times New Roman" fontSize="10.5"/>
                </Word>
                <Word id="w_w2aab1b3b2c19b1b2c63" language="English" custom="readingOrder {index:7;}">
                    <Coords points="937,768 1102,768 1102,805 937,805"/>
                    <TextEquiv>
                        <Unicode>politique,</Unicode>
                    </TextEquiv>
                    <TextStyle fontFamily="Times New Roman" fontSize="10.5"/>
                </Word>
                <Word id="w_w2aab1b3b2c19b1b2c85" language="English" custom="readingOrder {index:8;}">
                    <Coords points="1119,768 1156,768 1156,796 1119,796"/>
                    <TextEquiv>
                        <Unicode>de</Unicode>
                    </TextEquiv>
                    <TextStyle fontFamily="Times New Roman" fontSize="10.5"/>
                </Word>
                <Word id="w_w2aab1b3b2c19b1b2c91" language="English" custom="readingOrder {index:9;}">
                    <Coords points="1172,768 1271,768 1271,797 1172,797"/>
                    <TextEquiv>
                        <Unicode>l’Aca¬</Unicode>
                    </TextEquiv>
                    <TextStyle fontFamily="Times New Roman" fontSize="10.5"/>
                </Word>
                <TextEquiv>
                    <Unicode>161 Salvandy (N.-A. de), historien et homme politique, de l’Aca¬</Unicode>
                </TextEquiv>
            </TextLine>
            <TextEquiv>
                <Unicode>161 Salvandy (N.-A. de), historien et homme politique, de l’Aca¬</Unicode>
            </TextEquiv>
        </TextRegion>
        <TextRegion type="paragraph" id="r_2_11" custom="readingOrder {index:11;}">
            <Coords points="176,802 1272,802 1272,878 176,878"/>
            <TextLine id="tl_21" primaryLanguage="English" custom="readingOrder {index:0;}">
                <Coords points="177,803 1271,803 1271,843 177,843"/>
                <Baseline points="177,832 279,832 468,832 556,832 602,832 660,840 920,838 970,831 1167,832 1271,838"/>
                <Word id="w_w2aab1b3b2c21b1ab1" language="English" custom="readingOrder {index:0;}">
                    <Coords points="177,805 279,805 279,832 177,832"/>
                    <TextEquiv>
                        <Unicode>démie</Unicode>
                    </TextEquiv>
                    <TextStyle fontFamily="Times New Roman" fontSize="10.5"/>
                </Word>
                <Word id="w_w2aab1b3b2c21b1ac13" language="English" custom="readingOrder {index:1;}">
                    <Coords points="301,804 468,804 468,843 301,843"/>
                    <TextEquiv>
                        <Unicode>française.</Unicode>
                    </TextEquiv>
                    <TextStyle fontFamily="Times New Roman" fontSize="10.5"/>
                </Word>
                <Word id="w_w2aab1b3b2c21b1ac35" language="English" custom="readingOrder {index:2;}">
                    <Coords points="477,804 556,804 556,832 477,832"/>
                    <TextEquiv>
                        <Unicode>—L.</Unicode>
                    </TextEquiv>
                    <TextStyle fontFamily="Times New Roman" fontSize="10.5"/>
                </Word>
                <Word id="w_w2aab1b3b2c21b1ac43" language="English" custom="readingOrder {index:3;}">
                    <Coords points="574,812 602,812 602,832 574,832"/>
                    <TextEquiv>
                        <Unicode>a.</Unicode>
                    </TextEquiv>
                    <TextStyle fontFamily="Times New Roman" fontSize="10.5"/>
                </Word>
                <Word id="w_w2aab1b3b2c21b1ac49" language="English" custom="readingOrder {index:4;}">
                    <Coords points="618,812 660,812 660,840 618,840"/>
                    <TextEquiv>
                        <Unicode>s.;</Unicode>
                    </TextEquiv>
                    <TextStyle fontFamily="Times New Roman" fontSize="10.5"/>
                </Word>
                <Word id="w_w2aab1b3b2c21b1ac57" language="English" custom="readingOrder {index:5;}">
                    <Coords points="682,804 920,804 920,838 682,838"/>
                    <TextEquiv>
                        <Unicode>Chantemerle,</Unicode>
                    </TextEquiv>
                    <TextStyle fontFamily="Times New Roman" fontSize="10.5"/>
                </Word>
                <Word id="w_w2aab1b3b2c21b1ac83" language="English" custom="readingOrder {index:6;}">
                    <Coords points="936,803 970,803 970,831 936,831"/>
                    <TextEquiv>
                        <Unicode>26</Unicode>
                    </TextEquiv>
                    <TextStyle fontFamily="Times New Roman" fontSize="10.5"/>
                </Word>
                <Word id="w_w2aab1b3b2c21b1ac89" language="English" custom="readingOrder {index:7;}">
                    <Coords points="989,804 1167,804 1167,840 989,840"/>
                    <TextEquiv>
                        <Unicode>septembre</Unicode>
                    </TextEquiv>
                    <TextStyle fontFamily="Times New Roman" fontSize="10.5"/>
                </Word>
                <Word id="w_w2aab1b3b2c21b1ad109" language="English" custom="readingOrder {index:8;}">
                    <Coords points="1188,804 1271,804 1271,838 1188,838"/>
                    <TextEquiv>
                        <Unicode>1827,</Unicode>
                    </TextEquiv>
                    <TextStyle fontFamily="Times New Roman" fontSize="10.5"/>
                </Word>
                <TextEquiv>
                    <Unicode>démie française. —L. a. s.; Chantemerle, 26 septembre 1827,</Unicode>
                </TextEquiv>
                <TextStyle fontFamily="Times New Roman" fontSize="10.5"/>
            </TextLine>
            <TextLine id="tl_22" primaryLanguage="English" custom="readingOrder {index:1;}">
                <Coords points="177,834 1271,834 1271,877 177,877"/>
                <Baseline points="177,867 190,867 236,868 316,867 387,866 1220,867 1271,865"/>
                <Word id="w_w2aab1b3b2c21b3ab1" language="English" custom="readingOrder {index:0;}">
                    <Coords points="177,841 190,841 190,867 177,867"/>
                    <TextEquiv>
                        <Unicode>4</Unicode>
                    </TextEquiv>
                    <TextStyle fontFamily="Times New Roman" fontSize="10.5"/>
                </Word>
                <Word id="w_w2aab1b3b2c21b3ab5" language="English" custom="readingOrder {index:1;}">
                    <Coords points="209,849 236,849 236,877 209,877"/>
                    <TextEquiv>
                        <Unicode>p.</Unicode>
                    </TextEquiv>
                    <TextStyle fontFamily="Times New Roman" fontSize="10.5"/>
                </Word>
                <Word id="w_w2aab1b3b2c21b3ac11" language="English" custom="readingOrder {index:2;}">
                    <Coords points="253,837 329,837 329,868 253,868"/>
                    <TextEquiv>
                        <Unicode>in-4.</Unicode>
                    </TextEquiv>
                    <TextStyle fontFamily="Times New Roman" fontSize="10.5"/>
                </Word>
                <Word id="w_w2aab1b3b2c21b3b2b3" language="English" custom="readingOrder {index:3;}">
                    <Coords points="1188,840 1220,840 1220,867 1188,867"/>
                    <TextEquiv>
                        <Unicode>15</Unicode>
                    </TextEquiv>
                    <TextStyle fontFamily="Times New Roman" fontSize="10.5"/>
                </Word>
                <Word id="w_w2aab1b3b2c21b3b2b9" language="English" custom="readingOrder {index:4;}">
                    <Coords points="1257,850 1271,850 1271,865 1257,865"/>
                    <TextEquiv>
                        <Unicode>»</Unicode>
                    </TextEquiv>
                    <TextStyle fontFamily="Times New Roman" fontSize="10.5"/>
                </Word>
                <TextEquiv>
                    <Unicode>4 p. in-4. 15 »</Unicode>
                </TextEquiv>
            </TextLine>
            <TextEquiv>
                <Unicode>démie française. —L. a. s.; Chantemerle, 26 septembre 1827,
4 p. in-4. 15 »</Unicode>
            </TextEquiv>
        </TextRegion>
        <TextRegion type="paragraph" id="r_2_12" custom="readingOrder {index:12;}">
            <Coords points="176,874 1276,874 1276,1065 176,1065"/>
            <TextLine id="tl_23" primaryLanguage="English" custom="readingOrder {index:0;}">
                <Coords points="212,875 1271,875 1271,906 212,906"/>
                <Baseline points="212,901 303,900 375,899 460,899 623,900 680,900 723,899 837,900 911,900 1046,900 1117,900 1271,900"/>
                <Word id="w_w2aab1b3b2c23b1ab1" language="English" custom="readingOrder {index:0;}">
                    <Coords points="212,877 303,877 303,901 212,901"/>
                    <TextEquiv>
                        <Unicode>Lettre</Unicode>
                    </TextEquiv>
                    <TextStyle fontFamily="Times New Roman" fontSize="9.0"/>
                </Word>
                <Word id="w_w2aab1b3b2c23b1ac15" language="English" custom="readingOrder {index:1;}">
                    <Coords points="326,876 375,876 375,900 326,900"/>
                    <TextEquiv>
                        <Unicode>des</Unicode>
                    </TextEquiv>
                    <TextStyle fontFamily="Times New Roman" fontSize="9.0"/>
                </Word>
                <Word id="w_w2aab1b3b2c23b1ac23" language="English" custom="readingOrder {index:2;}">
                    <Coords points="399,876 460,876 460,906 399,906"/>
                    <TextEquiv>
                        <Unicode>plus</Unicode>
                    </TextEquiv>
                    <TextStyle fontFamily="Times New Roman" fontSize="9.0"/>
                </Word>
                <Word id="w_w2aab1b3b2c23b1ac33" language="English" custom="readingOrder {index:3;}">
                    <Coords points="484,876 623,876 623,900 484,900"/>
                    <TextEquiv>
                        <Unicode>curieuses</Unicode>
                    </TextEquiv>
                    <TextStyle fontFamily="Times New Roman" fontSize="9.0"/>
                </Word>
                <Word id="w_w2aab1b3b2c23b1ac53" language="English" custom="readingOrder {index:4;}">
                    <Coords points="645,877 680,877 680,900 645,900"/>
                    <TextEquiv>
                        <Unicode>où</Unicode>
                    </TextEquiv>
                    <TextStyle fontFamily="Times New Roman" fontSize="9.0"/>
                </Word>
                <Word id="w_w2aab1b3b2c23b1ac59" language="English" custom="readingOrder {index:5;}">
                    <Coords points="704,875 723,875 723,899 704,899"/>
                    <TextEquiv>
                        <Unicode>il</Unicode>
                    </TextEquiv>
                    <TextStyle fontFamily="Times New Roman" fontSize="9.0"/>
                </Word>
                <Word id="w_w2aab1b3b2c23b1ac65" language="English" custom="readingOrder {index:6;}">
                    <Coords points="747,876 837,876 837,900 747,900"/>
                    <TextEquiv>
                        <Unicode>donne</Unicode>
                    </TextEquiv>
                    <TextStyle fontFamily="Times New Roman" fontSize="9.0"/>
                </Word>
                <Word id="w_w2aab1b3b2c23b1ac77" language="English" custom="readingOrder {index:7;}">
                    <Coords points="860,882 911,882 911,900 860,900"/>
                    <TextEquiv>
                        <Unicode>son</Unicode>
                    </TextEquiv>
                    <TextStyle fontFamily="Times New Roman" fontSize="9.0"/>
                </Word>
                <Word id="w_w2aab1b3b2c23b1ac85" language="English" custom="readingOrder {index:8;}">
                    <Coords points="934,876 1046,876 1046,906 934,906"/>
                    <TextEquiv>
                        <Unicode>opinion</Unicode>
                    </TextEquiv>
                    <TextStyle fontFamily="Times New Roman" fontSize="9.0"/>
                </Word>
                <Word id="w_w2aab1b3b2c23b1ad101" language="English" custom="readingOrder {index:9;}">
                    <Coords points="1070,883 1117,883 1117,900 1070,900"/>
                    <TextEquiv>
                        <Unicode>sur</Unicode>
                    </TextEquiv>
                    <TextStyle fontFamily="Times New Roman" fontSize="9.0"/>
                </Word>
                <Word id="w_w2aab1b3b2c23b1ad109" language="English" custom="readingOrder {index:10;}">
                    <Coords points="1145,875 1271,875 1271,900 1145,900"/>
                    <TextEquiv>
                        <Unicode>Voltaire.</Unicode>
                    </TextEquiv>
                    <TextStyle fontFamily="Times New Roman" fontSize="9.0"/>
                </Word>
                <TextEquiv>
                    <Unicode>Lettre des plus curieuses où il donne son opinion sur Voltaire.</Unicode>
                </TextEquiv>
                <TextStyle fontFamily="Times New Roman" fontSize="9.0"/>
            </TextLine>
            <TextLine id="tl_24" primaryLanguage="English" custom="readingOrder {index:1;}">
                <Coords points="179,907 1272,907 1272,938 179,938"/>
                <Baseline points="179,930 190,930 280,931 330,936 364,931 446,931 536,936 581,932 664,931 769,931 918,931 1056,931 1122,931 1272,937"/>
                <Word id="w_w2aab1b3b2c23b3ab1" language="English" custom="readingOrder {index:0;}">
                    <Coords points="179,916 190,916 190,930 179,930"/>
                    <TextEquiv>
                        <Unicode>«</Unicode>
                    </TextEquiv>
                    <TextStyle fontFamily="Times New Roman" fontSize="9.0"/>
                </Word>
                <Word id="w_w2aab1b3b2c23b3ab5" language="English" custom="readingOrder {index:1;}">
                    <Coords points="209,907 280,907 280,932 209,932"/>
                    <TextEquiv>
                        <Unicode>C’est</Unicode>
                    </TextEquiv>
                    <TextStyle fontFamily="Times New Roman" fontSize="9.0"/>
                </Word>
                <Word id="w_w2aab1b3b2c23b3ac17" language="English" custom="readingOrder {index:2;}">
                    <Coords points="297,908 330,908 330,936 297,936"/>
                    <TextEquiv>
                        <Unicode>là,</Unicode>
                    </TextEquiv>
                    <TextStyle fontFamily="Times New Roman" fontSize="9.0"/>
                </Word>
                <Word id="w_w2aab1b3b2c23b3ac25" language="English" custom="readingOrder {index:3;}">
                    <Coords points="349,908 364,908 364,931 349,931"/>
                    <TextEquiv>
                        <Unicode>à</Unicode>
                    </TextEquiv>
                    <TextStyle fontFamily="Times New Roman" fontSize="9.0"/>
                </Word>
                <Word id="w_w2aab1b3b2c23b3ac29" language="English" custom="readingOrder {index:4;}">
                    <Coords points="382,913 446,913 446,931 382,931"/>
                    <TextEquiv>
                        <Unicode>mon</Unicode>
                    </TextEquiv>
                    <TextStyle fontFamily="Times New Roman" fontSize="9.0"/>
                </Word>
                <Word id="w_w2aab1b3b2c23b3ac37" language="English" custom="readingOrder {index:5;}">
                    <Coords points="464,914 536,914 536,936 464,936"/>
                    <TextEquiv>
                        <Unicode>sens,</Unicode>
                    </TextEquiv>
                    <TextStyle fontFamily="Times New Roman" fontSize="9.0"/>
                </Word>
                <Word id="w_w2aab1b3b2c23b3ac49" language="English" custom="readingOrder {index:6;}">
                    <Coords points="557,908 581,908 581,932 557,932"/>
                    <TextEquiv>
                        <Unicode>le</Unicode>
                    </TextEquiv>
                    <TextStyle fontFamily="Times New Roman" fontSize="9.0"/>
                </Word>
                <Word id="w_w2aab1b3b2c23b3ac55" language="English" custom="readingOrder {index:7;}">
                    <Coords points="602,908 664,908 664,938 602,938"/>
                    <TextEquiv>
                        <Unicode>plus</Unicode>
                    </TextEquiv>
                    <TextStyle fontFamily="Times New Roman" fontSize="9.0"/>
                </Word>
                <Word id="w_w2aab1b3b2c23b3ac65" language="English" custom="readingOrder {index:8;}">
                    <Coords points="682,907 769,907 769,937 682,937"/>
                    <TextEquiv>
                        <Unicode>grand</Unicode>
                    </TextEquiv>
                    <TextStyle fontFamily="Times New Roman" fontSize="9.0"/>
                </Word>
                <Word id="w_w2aab1b3b2c23b3ac77" language="English" custom="readingOrder {index:9;}">
                    <Coords points="787,907 918,907 918,938 787,938"/>
                    <TextEquiv>
                        <Unicode>reproche</Unicode>
                    </TextEquiv>
                    <TextStyle fontFamily="Times New Roman" fontSize="9.0"/>
                </Word>
                <Word id="w_w2aab1b3b2c23b3ac95" language="English" custom="readingOrder {index:10;}">
                    <Coords points="932,914 1056,914 1056,934 932,934"/>
                    <TextEquiv>
                        <Unicode>.encouru</Unicode>
                    </TextEquiv>
                    <TextStyle fontFamily="Times New Roman" fontSize="9.0"/>
                </Word>
                <Word id="w_w2aab1b3b2c23b3ad113" language="English" custom="readingOrder {index:11;}">
                    <Coords points="1074,914 1122,914 1122,938 1074,938"/>
                    <TextEquiv>
                        <Unicode>par</Unicode>
                    </TextEquiv>
                    <TextStyle fontFamily="Times New Roman" fontSize="9.0"/>
                </Word>
                <Word id="w_w2aab1b3b2c23b3ad121" language="English" custom="readingOrder {index:12;}">
                    <Coords points="1144,907 1272,907 1272,937 1144,937"/>
                    <TextEquiv>
                        <Unicode>Voltaire,</Unicode>
                    </TextEquiv>
                    <TextStyle fontFamily="Times New Roman" fontSize="9.0"/>
                </Word>
                <TextEquiv>
                    <Unicode>« C’est là, à mon sens, le plus grand reproche encouru par Voltaire,</Unicode>
                </TextEquiv>
                <TextStyle fontFamily="Times New Roman" fontSize="9.0"/>
            </TextLine>
            <TextLine id="tl_25" primaryLanguage="English" custom="readingOrder {index:2;}">
                <Coords points="178,938 1275,938 1275,970 178,970"/>
                <Baseline points="178,970 242,963 269,964 409,963 507,966 578,962 734,965 803,962 842,963 979,968 1060,962 1090,963 1147,963 1183,963 1275,956"/>
                <Word id="w_w2aab1b3b2c23b5ab1" language="English" custom="readingOrder {index:0;}">
                    <Coords points="178,939 242,939 242,970 178,970"/>
                    <TextEquiv>
                        <Unicode>qu’il</Unicode>
                    </TextEquiv>
                    <TextStyle fontFamily="Times New Roman" fontSize="9.0"/>
                </Word>
                <Word id="w_w2aab1b3b2c23b5ac13" language="English" custom="readingOrder {index:1;}">
                    <Coords points="255,947 269,947 269,964 255,964"/>
                    <TextEquiv>
                        <Unicode>a</Unicode>
                    </TextEquiv>
                    <TextStyle fontFamily="Times New Roman" fontSize="9.0"/>
                </Word>
                <Word id="w_w2aab1b3b2c23b5ac17" language="English" custom="readingOrder {index:2;}">
                    <Coords points="285,938 409,938 409,969 285,969"/>
                    <TextEquiv>
                        <Unicode>toujours</Unicode>
                    </TextEquiv>
                    <TextStyle fontFamily="Times New Roman" fontSize="9.0"/>
                </Word>
                <Word id="w_w2aab1b3b2c23b5ac35" language="English" custom="readingOrder {index:3;}">
                    <Coords points="424,938 507,938 507,966 424,966"/>
                    <TextEquiv>
                        <Unicode>flatté,</Unicode>
                    </TextEquiv>
                    <TextStyle fontFamily="Times New Roman" fontSize="9.0"/>
                </Word>
                <Word id="w_w2aab1b3b2c23b5ac51" language="English" custom="readingOrder {index:4;}">
                    <Coords points="525,939 578,939 578,963 525,963"/>
                    <TextEquiv>
                        <Unicode>soit</Unicode>
                    </TextEquiv>
                    <TextStyle fontFamily="Times New Roman" fontSize="9.0"/>
                </Word>
                <Word id="w_w2aab1b3b2c23b5ac61" language="English" custom="readingOrder {index:5;}">
                    <Coords points="593,938 734,938 734,969 593,969"/>
                    <TextEquiv>
                        <Unicode>l’opinion,</Unicode>
                    </TextEquiv>
                    <TextStyle fontFamily="Times New Roman" fontSize="9.0"/>
                </Word>
                <Word id="w_w2aab1b3b2c23b5ac83" language="English" custom="readingOrder {index:6;}">
                    <Coords points="749,939 803,939 803,963 749,963"/>
                    <TextEquiv>
                        <Unicode>soit</Unicode>
                    </TextEquiv>
                    <TextStyle fontFamily="Times New Roman" fontSize="9.0"/>
                </Word>
                <Word id="w_w2aab1b3b2c23b5ac93" language="English" custom="readingOrder {index:7;}">
                    <Coords points="820,940 842,940 842,963 820,963"/>
                    <TextEquiv>
                        <Unicode>le</Unicode>
                    </TextEquiv>
                    <TextStyle fontFamily="Times New Roman" fontSize="9.0"/>
                </Word>
                <Word id="w_w2aab1b3b2c23b5ac99" language="English" custom="readingOrder {index:8;}">
                    <Coords points="856,939 979,939 979,970 856,970"/>
                    <TextEquiv>
                        <Unicode>pouvoir,</Unicode>
                    </TextEquiv>
                    <TextStyle fontFamily="Times New Roman" fontSize="9.0"/>
                </Word>
                <Word id="w_w2aab1b3b2c23b5ad117" language="English" custom="readingOrder {index:9;}">
                    <Coords points="995,938 1060,938 1060,970 995,970"/>
                    <TextEquiv>
                        <Unicode>qu’il</Unicode>
                    </TextEquiv>
                    <TextStyle fontFamily="Times New Roman" fontSize="9.0"/>
                </Word>
                <Word id="w_w2aab1b3b2c23b5ad129" language="English" custom="readingOrder {index:10;}">
                    <Coords points="1075,946 1090,946 1090,963 1075,963"/>
                    <TextEquiv>
                        <Unicode>a</Unicode>
                    </TextEquiv>
                    <TextStyle fontFamily="Times New Roman" fontSize="9.0"/>
                </Word>
                <Word id="w_w2aab1b3b2c23b5ad133" language="English" custom="readingOrder {index:11;}">
                    <Coords points="1105,939 1147,939 1147,963 1105,963"/>
                    <TextEquiv>
                        <Unicode>été</Unicode>
                    </TextEquiv>
                    <TextStyle fontFamily="Times New Roman" fontSize="9.0"/>
                </Word>
                <Word id="w_w2aab1b3b2c23b5ad141" language="English" custom="readingOrder {index:12;}">
                    <Coords points="1159,939 1183,939 1183,963 1159,963"/>
                    <TextEquiv>
                        <Unicode>le</Unicode>
                    </TextEquiv>
                    <TextStyle fontFamily="Times New Roman" fontSize="9.0"/>
                </Word>
                <Word id="w_w2aab1b3b2c23b5ad147" language="English" custom="readingOrder {index:13;}">
                    <Coords points="1196,946 1275,946 1275,963 1196,963"/>
                    <TextEquiv>
                        <Unicode>cour¬</Unicode>
                    </TextEquiv>
                    <TextStyle fontFamily="Times New Roman" fontSize="9.0"/>
                </Word>
                <TextEquiv>
                    <Unicode>qu’il a toujours flatté, soit l’opinion, soit le pouvoir, qu’il a été le cour¬</Unicode>
                </TextEquiv>
                <TextStyle fontFamily="Times New Roman" fontSize="9.0"/>
            </TextLine>
            <TextLine id="tl_26" primaryLanguage="English" custom="readingOrder {index:3;}">
                <Coords points="177,969 1274,969 1274,1002 177,1002"/>
                <Baseline points="177,994 249,994 302,994 372,993 481,997 534,994 607,994 711,994 780,994 892,999 975,994 1006,994 1142,994 1219,994 1274,994"/>
                <Word id="w_w2aab1b3b2c23b7ab1" language="English" custom="readingOrder {index:0;}">
                    <Coords points="177,971 249,971 249,994 177,994"/>
                    <TextEquiv>
                        <Unicode>tisan</Unicode>
                    </TextEquiv>
                    <TextStyle fontFamily="Times New Roman" fontSize="9.0"/>
                </Word>
                <Word id="w_w2aab1b3b2c23b7ac13" language="English" custom="readingOrder {index:1;}">
                    <Coords points="269,970 302,970 302,995 269,995"/>
                    <TextEquiv>
                        <Unicode>de</Unicode>
                    </TextEquiv>
                    <TextStyle fontFamily="Times New Roman" fontSize="9.0"/>
                </Word>
                <Word id="w_w2aab1b3b2c23b7ac19" language="English" custom="readingOrder {index:2;}">
                    <Coords points="323,977 372,977 372,994 323,994"/>
                    <TextEquiv>
                        <Unicode>son</Unicode>
                    </TextEquiv>
                    <TextStyle fontFamily="Times New Roman" fontSize="9.0"/>
                </Word>
                <Word id="w_w2aab1b3b2c23b7ac27" language="English" custom="readingOrder {index:3;}">
                    <Coords points="391,969 481,969 481,997 391,997"/>
                    <TextEquiv>
                        <Unicode>siècle,</Unicode>
                    </TextEquiv>
                    <TextStyle fontFamily="Times New Roman" fontSize="9.0"/>
                </Word>
                <Word id="w_w2aab1b3b2c23b7ac43" language="English" custom="readingOrder {index:4;}">
                    <Coords points="498,977 534,977 534,994 498,994"/>
                    <TextEquiv>
                        <Unicode>au</Unicode>
                    </TextEquiv>
                    <TextStyle fontFamily="Times New Roman" fontSize="9.0"/>
                </Word>
                <Word id="w_w2aab1b3b2c23b7ac49" language="English" custom="readingOrder {index:5;}">
                    <Coords points="553,970 607,970 607,994 553,994"/>
                    <TextEquiv>
                        <Unicode>lieu</Unicode>
                    </TextEquiv>
                    <TextStyle fontFamily="Times New Roman" fontSize="9.0"/>
                </Word>
                <Word id="w_w2aab1b3b2c23b7ac59" language="English" custom="readingOrder {index:6;}">
                    <Coords points="627,970 711,970 711,994 627,994"/>
                    <TextEquiv>
                        <Unicode>d’èlre</Unicode>
                    </TextEquiv>
                    <TextStyle fontFamily="Times New Roman" fontSize="9.0"/>
                </Word>
                <Word id="w_w2aab1b3b2c23b7ac73" language="English" custom="readingOrder {index:7;}">
                    <Coords points="731,976 780,976 780,994 731,994"/>
                    <TextEquiv>
                        <Unicode>son</Unicode>
                    </TextEquiv>
                    <TextStyle fontFamily="Times New Roman" fontSize="9.0"/>
                </Word>
                <Word id="w_w2aab1b3b2c23b7ac81" language="English" custom="readingOrder {index:8;}">
                    <Coords points="801,970 892,970 892,1000 801,1000"/>
                    <TextEquiv>
                        <Unicode>guide,</Unicode>
                    </TextEquiv>
                    <TextStyle fontFamily="Times New Roman" fontSize="9.0"/>
                </Word>
                <Word id="w_w2aab1b3b2c23b7ac95" language="English" custom="readingOrder {index:9;}">
                    <Coords points="909,971 975,971 975,1002 909,1002"/>
                    <TextEquiv>
                        <Unicode>qu’il</Unicode>
                    </TextEquiv>
                    <TextStyle fontFamily="Times New Roman" fontSize="9.0"/>
                </Word>
                <Word id="w_w2aab1b3b2c23b7ad107" language="English" custom="readingOrder {index:10;}">
                    <Coords points="991,977 1006,977 1006,994 991,994"/>
                    <TextEquiv>
                        <Unicode>a</Unicode>
                    </TextEquiv>
                    <TextStyle fontFamily="Times New Roman" fontSize="9.0"/>
                </Word>
                <Word id="w_w2aab1b3b2c23b7ad111" language="English" custom="readingOrder {index:11;}">
                    <Coords points="1021,971 1142,971 1142,994 1021,994"/>
                    <TextEquiv>
                        <Unicode>desservi</Unicode>
                    </TextEquiv>
                    <TextStyle fontFamily="Times New Roman" fontSize="9.0"/>
                </Word>
                <Word id="w_w2aab1b3b2c23b7ad129" language="English" custom="readingOrder {index:12;}">
                    <Coords points="1157,973 1219,973 1219,995 1157,995"/>
                    <TextEquiv>
                        <Unicode>tous</Unicode>
                    </TextEquiv>
                    <TextStyle fontFamily="Times New Roman" fontSize="9.0"/>
                </Word>
                <Word id="w_w2aab1b3b2c23b7ad139" language="English" custom="readingOrder {index:13;}">
                    <Coords points="1235,971 1274,971 1274,994 1235,994"/>
                    <TextEquiv>
                        <Unicode>les</Unicode>
                    </TextEquiv>
                    <TextStyle fontFamily="Times New Roman" fontSize="9.0"/>
                </Word>
                <TextEquiv>
                    <Unicode>tisan de son siècle, au lieu d’être son guide, qu’il a desservi tous les</Unicode>
                </TextEquiv>
                <TextStyle fontFamily="Times New Roman" fontSize="9.0"/>
            </TextLine>
            <TextLine id="tl_27" primaryLanguage="English" custom="readingOrder {index:4;}">
                <Coords points="178,1001 1274,1001 1274,1032 178,1032"/>
                <Baseline points="178,1025 302,1026 474,1026 527,1025 597,1026 715,1030 806,1025 902,1025 968,1026 1091,1031 1148,1026 1221,1026 1274,1026"/>
                <Word id="w_w2aab1b3b2c23b9ab1" language="English" custom="readingOrder {index:0;}">
                    <Coords points="178,1002 302,1002 302,1026 178,1026"/>
                    <TextEquiv>
                        <Unicode>mauvais</Unicode>
                    </TextEquiv>
                    <TextStyle fontFamily="Times New Roman" fontSize="9.0"/>
                </Word>
                <Word id="w_w2aab1b3b2c23b9ac17" language="English" custom="readingOrder {index:1;}">
                    <Coords points="321,1001 474,1001 474,1032 321,1032"/>
                    <TextEquiv>
                        <Unicode>penchants</Unicode>
                    </TextEquiv>
                    <TextStyle fontFamily="Times New Roman" fontSize="9.0"/>
                </Word>
                <Word id="w_w2aab1b3b2c23b9ac37" language="English" custom="readingOrder {index:2;}">
                    <Coords points="494,1002 527,1002 527,1025 494,1025"/>
                    <TextEquiv>
                        <Unicode>de</Unicode>
                    </TextEquiv>
                    <TextStyle fontFamily="Times New Roman" fontSize="9.0"/>
                </Word>
                <Word id="w_w2aab1b3b2c23b9ac43" language="English" custom="readingOrder {index:3;}">
                    <Coords points="546,1008 597,1008 597,1026 546,1026"/>
                    <TextEquiv>
                        <Unicode>son</Unicode>
                    </TextEquiv>
                    <TextStyle fontFamily="Times New Roman" fontSize="9.0"/>
                </Word>
                <Word id="w_w2aab1b3b2c23b9ac51" language="English" custom="readingOrder {index:4;}">
                    <Coords points="617,1004 715,1004 715,1032 617,1032"/>
                    <TextEquiv>
                        <Unicode>temps,</Unicode>
                    </TextEquiv>
                    <TextStyle fontFamily="Times New Roman" fontSize="9.0"/>
                </Word>
                <Word id="w_w2aab1b3b2c23b9ac65" language="English" custom="readingOrder {index:5;}">
                    <Coords points="737,1008 806,1008 806,1032 737,1032"/>
                    <TextEquiv>
                        <Unicode>pour</Unicode>
                    </TextEquiv>
                    <TextStyle fontFamily="Times New Roman" fontSize="9.0"/>
                </Word>
                <Word id="w_w2aab1b3b2c23b9ac75" language="English" custom="readingOrder {index:6;}">
                    <Coords points="825,1002 902,1002 902,1026 825,1026"/>
                    <TextEquiv>
                        <Unicode>avoir</Unicode>
                    </TextEquiv>
                    <TextStyle fontFamily="Times New Roman" fontSize="9.0"/>
                </Word>
                <Word id="w_w2aab1b3b2c23b9ac87" language="English" custom="readingOrder {index:7;}">
                    <Coords points="920,1001 968,1001 968,1026 920,1026"/>
                    <TextEquiv>
                        <Unicode>des</Unicode>
                    </TextEquiv>
                    <TextStyle fontFamily="Times New Roman" fontSize="9.0"/>
                </Word>
                <Word id="w_w2aab1b3b2c23b9ac95" language="English" custom="readingOrder {index:8;}">
                    <Coords points="988,1003 1091,1003 1091,1031 988,1031"/>
                    <TextEquiv>
                        <Unicode>succès,</Unicode>
                    </TextEquiv>
                    <TextStyle fontFamily="Times New Roman" fontSize="9.0"/>
                </Word>
                <Word id="w_w2aab1b3b2c23b9ad111" language="English" custom="readingOrder {index:9;}">
                    <Coords points="1113,1008 1148,1008 1148,1026 1113,1026"/>
                    <TextEquiv>
                        <Unicode>au</Unicode>
                    </TextEquiv>
                    <TextStyle fontFamily="Times New Roman" fontSize="9.0"/>
                </Word>
                <Word id="w_w2aab1b3b2c23b9ad117" language="English" custom="readingOrder {index:10;}">
                    <Coords points="1167,1002 1221,1002 1221,1026 1167,1026"/>
                    <TextEquiv>
                        <Unicode>lieu</Unicode>
                    </TextEquiv>
                    <TextStyle fontFamily="Times New Roman" fontSize="9.0"/>
                </Word>
                <Word id="w_w2aab1b3b2c23b9ad127" language="English" custom="readingOrder {index:11;}">
                    <Coords points="1240,1002 1274,1002 1274,1026 1240,1026"/>
                    <TextEquiv>
                        <Unicode>de</Unicode>
                    </TextEquiv>
                    <TextStyle fontFamily="Times New Roman" fontSize="9.0"/>
                </Word>
                <TextEquiv>
                    <Unicode>mauvais penchants de son temps, pour avoir des succès, au lieu de</Unicode>
                </TextEquiv>
                <TextStyle fontFamily="Times New Roman" fontSize="9.0"/>
            </TextLine>
            <TextLine id="tl_28" primaryLanguage="English" custom="readingOrder {index:5;}">
                <Coords points="178,1033 617,1033 617,1064 178,1064"/>
                <Baseline points="178,1057 315,1057 363,1057 583,1057 617,1056"/>
                <Word id="w_w2aab1b3b2c23c11ab1" language="English" custom="readingOrder {index:0;}">
                    <Coords points="178,1034 315,1034 315,1064 178,1064"/>
                    <TextEquiv>
                        <Unicode>tempérer</Unicode>
                    </TextEquiv>
                    <TextStyle fontFamily="Times New Roman" fontSize="9.0"/>
                </Word>
                <Word id="w_w2aab1b3b2c23c11ac19" language="English" custom="readingOrder {index:1;}">
                    <Coords points="329,1040 363,1040 363,1057 329,1057"/>
                    <TextEquiv>
                        <Unicode>en</Unicode>
                    </TextEquiv>
                    <TextStyle fontFamily="Times New Roman" fontSize="9.0"/>
                </Word>
                <Word id="w_w2aab1b3b2c23c11ac25" language="English" custom="readingOrder {index:2;}">
                    <Coords points="378,1033 583,1033 583,1057 378,1057"/>
                    <TextEquiv>
                        <Unicode>éclairant.</Unicode>
                    </TextEquiv>
                    <TextStyle fontFamily="Times New Roman" fontSize="9.0"/>
                </Word>
                <Word id="w_w2aab1b3b2c23c11ac47" language="English" custom="readingOrder {index:3;}">
                    <Coords points="606,1042 617,1042 617,1056 606,1056"/>
                    <TextEquiv>
                        <Unicode>«</Unicode>
                    </TextEquiv>
                    <TextStyle fontFamily="Times New Roman" fontSize="9.0"/>
                </Word>
                <TextEquiv>
                    <Unicode>tempérer en éclairant. »</Unicode>
                </TextEquiv>
                <TextStyle fontFamily="Times New Roman" fontSize="9.0"/>
            </TextLine>
            <TextEquiv>
                <Unicode>Lettre des plus curieuses où il donne son opinion sur Voltaire.
« C’est là, à mon sens, le plus grand reproche encouru par Voltaire,
qu’il a toujours flatté, soit l’opinion, soit le pouvoir, qu’il a été le cour¬
tisan de son siècle, au lieu d’être son guide, qu’il a desservi tous les
mauvais penchants de son temps, pour avoir des succès, au lieu de
tempérer en éclairant. »</Unicode>
            </TextEquiv>
        </TextRegion>
        <TextRegion type="paragraph" id="r_2_13" custom="readingOrder {index:13;}">
            <Coords points="109,1062 1276,1062 1276,1102 109,1102"/>
            <TextLine id="tl_29" primaryLanguage="English" custom="readingOrder {index:0;}">
                <Coords points="110,1063 1275,1063 1275,1101 110,1101"/>
                <Baseline points="110,1092 120,1092 204,1092 487,1098 682,1091 733,1092 869,1092 1099,1098 1153,1091 1275,1084"/>
                <Word id="w_w2aab1b3b2c25b1ab1" language="English" custom="readingOrder {index:0;}">
                    <Coords points="110,1064 161,1064 161,1092 110,1092"/>
                    <TextEquiv>
                        <Unicode>162</Unicode>
                    </TextEquiv>
                    <TextStyle fontFamily="Times New Roman" fontSize="9.5" bold="true"/>
                </Word>
                <Word id="w_w2aab1b3b2c25b1b2b1" language="English" custom="readingOrder {index:1;}">
                    <Coords points="181,1065 347,1065 347,1098 181,1098"/>
                    <TextEquiv>
                        <Unicode>Sandeau</Unicode>
                    </TextEquiv>
                    <TextStyle fontFamily="Times New Roman" fontSize="9.5" bold="true"/>
                </Word>
                <Word id="w_w2aab1b3b2c25b1b3b1" language="English" custom="readingOrder {index:2;}">
                    <Coords points="366,1063 487,1063 487,1100 366,1100"/>
                    <TextEquiv>
                        <Unicode>(Jules),</Unicode>
                    </TextEquiv>
                    <TextStyle fontFamily="Times New Roman" fontSize="10.5"/>
                </Word>
                <Word id="w_w2aab1b3b2c25b1b3c19" language="English" custom="readingOrder {index:3;}">
                    <Coords points="504,1064 682,1064 682,1092 504,1092"/>
                    <TextEquiv>
                        <Unicode>romancier</Unicode>
                    </TextEquiv>
                    <TextStyle fontFamily="Times New Roman" fontSize="10.5"/>
                </Word>
                <Word id="w_w2aab1b3b2c25b1b3c39" language="English" custom="readingOrder {index:4;}">
                    <Coords points="701,1066 733,1066 733,1092 701,1092"/>
                    <TextEquiv>
                        <Unicode>et</Unicode>
                    </TextEquiv>
                    <TextStyle fontFamily="Times New Roman" fontSize="10.5"/>
                </Word>
                <Word id="w_w2aab1b3b2c25b1b3c45" language="English" custom="readingOrder {index:5;}">
                    <Coords points="753,1065 869,1065 869,1092 753,1092"/>
                    <TextEquiv>
                        <Unicode>auteur</Unicode>
                    </TextEquiv>
                    <TextStyle fontFamily="Times New Roman" fontSize="10.5"/>
                </Word>
                <Word id="w_w2aab1b3b2c25b1b3c59" language="English" custom="readingOrder {index:6;}">
                    <Coords points="889,1063 1099,1063 1099,1101 889,1101"/>
                    <TextEquiv>
                        <Unicode>dramatique,</Unicode>
                    </TextEquiv>
                    <TextStyle fontFamily="Times New Roman" fontSize="10.5"/>
                </Word>
                <Word id="w_w2aab1b3b2c25b1b3c83" language="English" custom="readingOrder {index:7;}">
                    <Coords points="1116,1064 1153,1064 1153,1092 1116,1092"/>
                    <TextEquiv>
                        <Unicode>de</Unicode>
                    </TextEquiv>
                    <TextStyle fontFamily="Times New Roman" fontSize="10.5"/>
                </Word>
                <Word id="w_w2aab1b3b2c25b1b3c89" language="English" custom="readingOrder {index:8;}">
                    <Coords points="1174,1064 1275,1064 1275,1092 1174,1092"/>
                    <TextEquiv>
                        <Unicode>l’Aca¬</Unicode>
                    </TextEquiv>
                    <TextStyle fontFamily="Times New Roman" fontSize="10.5"/>
                </Word>
                <TextEquiv>
                    <Unicode>162 Sandeau (Jules), romancier et auteur dramatique, de l’Aca¬</Unicode>
                </TextEquiv>
            </TextLine>
            <TextEquiv>
                <Unicode>162 Sandeau (Jules), romancier et auteur dramatique, de l’Aca¬</Unicode>
            </TextEquiv>
        </TextRegion>
        <TextRegion type="paragraph" id="r_2_14" custom="readingOrder {index:14;}">
            <Coords points="177,1098 1275,1098 1275,1173 177,1173"/>
            <TextLine id="tl_30" primaryLanguage="English" custom="readingOrder {index:0;}">
                <Coords points="178,1099 1274,1099 1274,1137 178,1137"/>
                <Baseline points="178,1127 280,1128 464,1134 564,1127 783,1128 827,1120 872,1127 917,1127 958,1128 992,1128 1051,1128 1274,1135"/>
                <Word id="w_w2aab1b3b2c27b1ab1" language="English" custom="readingOrder {index:0;}">
                    <Coords points="178,1100 280,1100 280,1128 178,1128"/>
                    <TextEquiv>
                        <Unicode>démie</Unicode>
                    </TextEquiv>
                    <TextStyle fontFamily="Times New Roman" fontSize="10.5"/>
                </Word>
                <Word id="w_w2aab1b3b2c27b1ac13" language="English" custom="readingOrder {index:1;}">
                    <Coords points="297,1100 464,1100 464,1137 297,1137"/>
                    <TextEquiv>
                        <Unicode>française,</Unicode>
                    </TextEquiv>
                    <TextStyle fontFamily="Times New Roman" fontSize="10.5"/>
                </Word>
                <Word id="w_w2aab1b3b2c27b1ac35" language="English" custom="readingOrder {index:2;}">
                    <Coords points="483,1103 564,1103 564,1127 483,1127"/>
                    <TextEquiv>
                        <Unicode>mort</Unicode>
                    </TextEquiv>
                    <TextStyle fontFamily="Times New Roman" fontSize="10.5"/>
                </Word>
                <Word id="w_w2aab1b3b2c27b1ac45" language="English" custom="readingOrder {index:3;}">
                    <Coords points="580,1100 783,1100 783,1128 580,1128"/>
                    <TextEquiv>
                        <Unicode>récemment.</Unicode>
                    </TextEquiv>
                    <TextStyle fontFamily="Times New Roman" fontSize="10.5"/>
                </Word>
                <Word id="w_w2aab1b3b2c27b1ac67" language="English" custom="readingOrder {index:4;}">
                    <Coords points="793,1116 827,1116 827,1120 793,1120"/>
                    <TextEquiv>
                        <Unicode>—</Unicode>
                    </TextEquiv>
                    <TextStyle fontFamily="Times New Roman" fontSize="10.5"/>
                </Word>
                <Word id="w_w2aab1b3b2c27b1ac71" language="English" custom="readingOrder {index:5;}">
                    <Coords points="837,1099 872,1099 872,1128 837,1128"/>
                    <TextEquiv>
                        <Unicode>L.</Unicode>
                    </TextEquiv>
                    <TextStyle fontFamily="Times New Roman" fontSize="10.5"/>
                </Word>
                <Word id="w_w2aab1b3b2c27b1ac77" language="English" custom="readingOrder {index:6;}">
                    <Coords points="890,1108 917,1108 917,1127 890,1127"/>
                    <TextEquiv>
                        <Unicode>a.</Unicode>
                    </TextEquiv>
                    <TextStyle fontFamily="Times New Roman" fontSize="10.5"/>
                </Word>
                <Word id="w_w2aab1b3b2c27b1ac83" language="English" custom="readingOrder {index:7;}">
                    <Coords points="934,1108 958,1108 958,1128 934,1128"/>
                    <TextEquiv>
                        <Unicode>s.</Unicode>
                    </TextEquiv>
                    <TextStyle fontFamily="Times New Roman" fontSize="10.5"/>
                </Word>
                <Word id="w_w2aab1b3b2c27b1ac89" language="English" custom="readingOrder {index:8;}">
                    <Coords points="976,1101 992,1101 992,1128 976,1128"/>
                    <TextEquiv>
                        <Unicode>à</Unicode>
                    </TextEquiv>
                    <TextStyle fontFamily="Times New Roman" fontSize="10.5"/>
                </Word>
                <Word id="w_w2aab1b3b2c27b1ac93" language="English" custom="readingOrder {index:9;}">
                    <Coords points="1009,1108 1051,1108 1051,1128 1009,1128"/>
                    <TextEquiv>
                        <Unicode>un</Unicode>
                    </TextEquiv>
                    <TextStyle fontFamily="Times New Roman" fontSize="10.5"/>
                </Word>
                <Word id="w_w2aab1b3b2c27b1ac99" language="English" custom="readingOrder {index:10;}">
                    <Coords points="1063,1100 1274,1100 1274,1136 1063,1136"/>
                    <TextEquiv>
                        <Unicode>journaliste;</Unicode>
                    </TextEquiv>
                    <TextStyle fontFamily="Times New Roman" fontSize="10.5"/>
                </Word>
                <TextEquiv>
                    <Unicode>démie française, mort récemment. — L. a. s. à un journaliste;</Unicode>
                </TextEquiv>
                <TextStyle fontFamily="Times New Roman" fontSize="10.5"/>
            </TextLine>
            <TextLine id="tl_31" primaryLanguage="English" custom="readingOrder {index:1;}">
                <Coords points="180,1135 1274,1135 1274,1172 180,1172"/>
                <Baseline points="180,1172 279,1170 307,1163 355,1164 446,1163 546,1163 673,1163 1221,1163 1274,1161"/>
                <Word id="w_w2aab1b3b2c27b3ab1" language="English" custom="readingOrder {index:0;}">
                    <Coords points="180,1136 279,1136 279,1172 180,1172"/>
                    <TextEquiv>
                        <Unicode>(1846),</Unicode>
                    </TextEquiv>
                    <TextStyle fontFamily="Times New Roman" fontSize="10.5"/>
                </Word>
                <Word id="w_w2aab1b3b2c27b3ac17" language="English" custom="readingOrder {index:1;}">
                    <Coords points="296,1137 307,1137 307,1163 296,1163"/>
                    <TextEquiv>
                        <Unicode>1</Unicode>
                    </TextEquiv>
                    <TextStyle fontFamily="Times New Roman" fontSize="10.5"/>
                </Word>
                <Word id="w_w2aab1b3b2c27b3ac21" language="English" custom="readingOrder {index:2;}">
                    <Coords points="327,1144 355,1144 355,1172 327,1172"/>
                    <TextEquiv>
                        <Unicode>p.</Unicode>
                    </TextEquiv>
                    <TextStyle fontFamily="Times New Roman" fontSize="10.5"/>
                </Word>
                <Word id="w_w2aab1b3b2c27b3ac27" language="English" custom="readingOrder {index:3;}">
                    <Coords points="373,1136 446,1136 446,1164 373,1164"/>
                    <TextEquiv>
                        <Unicode>in-8.</Unicode>
                    </TextEquiv>
                    <TextStyle fontFamily="Times New Roman" fontSize="10.5"/>
                </Word>
                <Word id="w_w2aab1b3b2c27b3ac39" language="English" custom="readingOrder {index:4;}">
                    <Coords points="463,1135 546,1135 546,1164 463,1164"/>
                    <TextEquiv>
                        <Unicode>Jolie</Unicode>
                    </TextEquiv>
                    <TextStyle fontFamily="Times New Roman" fontSize="10.5"/>
                </Word>
                <Word id="w_w2aab1b3b2c27b3ac51" language="English" custom="readingOrder {index:5;}">
                    <Coords points="563,1135 673,1135 673,1163 563,1163"/>
                    <TextEquiv>
                        <Unicode>lettre.</Unicode>
                    </TextEquiv>
                    <TextStyle fontFamily="Times New Roman" fontSize="10.5"/>
                </Word>
                <Word id="w_w2aab1b3b2c27b3ac67" language="English" custom="readingOrder {index:6;}">
                    <Coords points="1206,1136 1221,1136 1221,1163 1206,1163"/>
                    <TextEquiv>
                        <Unicode>8</Unicode>
                    </TextEquiv>
                    <TextStyle fontFamily="Times New Roman" fontSize="10.5"/>
                </Word>
                <Word id="w_w2aab1b3b2c27b3ac71" language="English" custom="readingOrder {index:7;}">
                    <Coords points="1260,1147 1274,1147 1274,1161 1260,1161"/>
                    <TextEquiv>
                        <Unicode>»</Unicode>
                    </TextEquiv>
                    <TextStyle fontFamily="Times New Roman" fontSize="10.5"/>
                </Word>
                <TextEquiv>
                    <Unicode>(1846), 1 p. in-8. Jolie lettre. 8 »</Unicode>
                </TextEquiv>
                <TextStyle fontFamily="Times New Roman" fontSize="10.5"/>
            </TextLine>
            <TextEquiv>
                <Unicode>démie française, mort récemment. — L. a. s. à un journaliste;
(1846), 1 p. in-8. Jolie lettre. 8 »</Unicode>
            </TextEquiv>
        </TextRegion>
        <TextRegion type="paragraph" id="r_2_15" custom="readingOrder {index:15;}">
            <Coords points="108,1169 1276,1169 1276,1209 108,1209"/>
            <TextLine id="tl_32" primaryLanguage="English" custom="readingOrder {index:0;}">
                <Coords points="109,1170 1275,1170 1275,1208 109,1208"/>
                <Baseline points="109,1200 120,1200 203,1199 606,1199 669,1198 899,1205 1076,1200 1162,1206 1275,1192"/>
                <Word id="w_w2aab1b3b2c29b1ab1" language="English" custom="readingOrder {index:0;}">
                    <Coords points="109,1172 159,1172 159,1200 109,1200"/>
                    <TextEquiv>
                        <Unicode>163</Unicode>
                    </TextEquiv>
                    <TextStyle fontFamily="Times New Roman" fontSize="9.5" bold="true"/>
                </Word>
                <Word id="w_w2aab1b3b2c29b1b2b1" language="English" custom="readingOrder {index:1;}">
                    <Coords points="180,1172 451,1172 451,1207 180,1207"/>
                    <TextEquiv>
                        <Unicode>Saxe-Weimar</Unicode>
                    </TextEquiv>
                    <TextStyle fontFamily="Times New Roman" fontSize="9.5" bold="true"/>
                </Word>
                <Word id="w_w2aab1b3b2c29b1b3b1" language="English" custom="readingOrder {index:2;}">
                    <Coords points="475,1171 606,1171 606,1207 475,1207"/>
                    <TextEquiv>
                        <Unicode>(Amélie</Unicode>
                    </TextEquiv>
                    <TextStyle fontFamily="Times New Roman" fontSize="10.5"/>
                </Word>
                <Word id="w_w2aab1b3b2c29b1b3c17" language="English" custom="readingOrder {index:3;}">
                    <Coords points="633,1171 669,1171 669,1199 633,1199"/>
                    <TextEquiv>
                        <Unicode>de</Unicode>
                    </TextEquiv>
                    <TextStyle fontFamily="Times New Roman" fontSize="10.5"/>
                </Word>
                <Word id="w_w2aab1b3b2c29b1b3c23" language="English" custom="readingOrder {index:4;}">
                    <Coords points="695,1171 899,1171 899,1205 695,1205"/>
                    <TextEquiv>
                        <Unicode>Brunswick,</Unicode>
                    </TextEquiv>
                    <TextStyle fontFamily="Times New Roman" fontSize="10.5"/>
                </Word>
                <Word id="w_w2aab1b3b2c29b1b3c45" language="English" custom="readingOrder {index:5;}">
                    <Coords points="924,1170 1076,1170 1076,1200 924,1200"/>
                    <TextEquiv>
                        <Unicode>duchesse</Unicode>
                    </TextEquiv>
                    <TextStyle fontFamily="Times New Roman" fontSize="10.5"/>
                </Word>
                <Word id="w_w2aab1b3b2c29b1b3c63" language="English" custom="readingOrder {index:6;}">
                    <Coords points="1102,1171 1162,1171 1162,1207 1102,1207"/>
                    <TextEquiv>
                        <Unicode>de),</Unicode>
                    </TextEquiv>
                    <TextStyle fontFamily="Times New Roman" fontSize="10.5"/>
                </Word>
                <Word id="w_w2aab1b3b2c29b1b3c73" language="English" custom="readingOrder {index:7;}">
                    <Coords points="1188,1170 1275,1170 1275,1208 1188,1208"/>
                    <TextEquiv>
                        <Unicode>prin¬</Unicode>
                    </TextEquiv>
                    <TextStyle fontFamily="Times New Roman" fontSize="10.5"/>
                </Word>
                <TextEquiv>
                    <Unicode>163 Saxe-Weimar (Amélie de Brunswick, duchesse de), prin¬</Unicode>
                </TextEquiv>
            </TextLine>
            <TextEquiv>
                <Unicode>163 Saxe-Weimar (Amélie de Brunswick, duchesse de), prin¬</Unicode>
            </TextEquiv>
        </TextRegion>
        <TextRegion type="paragraph" id="r_2_16" custom="readingOrder {index:16;}">
            <Coords points="178,1206 1276,1206 1276,1316 178,1316"/>
            <TextLine id="tl_33" primaryLanguage="English" custom="readingOrder {index:0;}">
                <Coords points="179,1207 1275,1207 1275,1243 179,1243"/>
                <Baseline points="179,1235 263,1235 421,1242 633,1234 691,1234 832,1235 881,1235 933,1234 1145,1227 1188,1236 1233,1235 1275,1235"/>
                <Word id="w_w2aab1b3b2c31b1ab1" language="English" custom="readingOrder {index:0;}">
                    <Coords points="179,1216 263,1216 263,1236 179,1236"/>
                    <TextEquiv>
                        <Unicode>cesse</Unicode>
                    </TextEquiv>
                    <TextStyle fontFamily="Times New Roman" fontSize="10.5"/>
                </Word>
                <Word id="w_w2aab1b3b2c31b1ac13" language="English" custom="readingOrder {index:1;}">
                    <Coords points="280,1207 421,1207 421,1242 280,1242"/>
                    <TextEquiv>
                        <Unicode>célèbre,</Unicode>
                    </TextEquiv>
                    <TextStyle fontFamily="Times New Roman" fontSize="10.5"/>
                </Word>
                <Word id="w_w2aab1b3b2c31b1ac31" language="English" custom="readingOrder {index:2;}">
                    <Coords points="443,1207 633,1207 633,1243 443,1243"/>
                    <TextEquiv>
                        <Unicode>protectrice</Unicode>
                    </TextEquiv>
                    <TextStyle fontFamily="Times New Roman" fontSize="10.5"/>
                </Word>
                <Word id="w_w2aab1b3b2c31b1ac55" language="English" custom="readingOrder {index:3;}">
                    <Coords points="654,1207 691,1207 691,1234 654,1234"/>
                    <TextEquiv>
                        <Unicode>de</Unicode>
                    </TextEquiv>
                    <TextStyle fontFamily="Times New Roman" fontSize="10.5"/>
                </Word>
                <Word id="w_w2aab1b3b2c31b1ac61" language="English" custom="readingOrder {index:4;}">
                    <Coords points="712,1207 832,1207 832,1235 712,1235"/>
                    <TextEquiv>
                        <Unicode>Goethe</Unicode>
                    </TextEquiv>
                    <TextStyle fontFamily="Times New Roman" fontSize="10.5"/>
                </Word>
                <Word id="w_w2aab1b3b2c31b1ac75" language="English" custom="readingOrder {index:5;}">
                    <Coords points="849,1211 881,1211 881,1235 849,1235"/>
                    <TextEquiv>
                        <Unicode>et</Unicode>
                    </TextEquiv>
                    <TextStyle fontFamily="Times New Roman" fontSize="10.5"/>
                </Word>
                <Word id="w_w2aab1b3b2c31b1ac81" language="English" custom="readingOrder {index:6;}">
                    <Coords points="896,1207 933,1207 933,1235 896,1235"/>
                    <TextEquiv>
                        <Unicode>de</Unicode>
                    </TextEquiv>
                    <TextStyle fontFamily="Times New Roman" fontSize="10.5"/>
                </Word>
                <Word id="w_w2aab1b3b2c31b1ac87" language="English" custom="readingOrder {index:7;}">
                    <Coords points="955,1207 1145,1207 1145,1236 955,1236"/>
                    <TextEquiv>
                        <Unicode>Schiller.—</Unicode>
                    </TextEquiv>
                    <TextStyle fontFamily="Times New Roman" fontSize="10.5"/>
                </Word>
                <Word id="w_w2aab1b3b2c31b1ad109" language="English" custom="readingOrder {index:8;}">
                    <Coords points="1155,1207 1188,1207 1188,1236 1155,1236"/>
                    <TextEquiv>
                        <Unicode>L.</Unicode>
                    </TextEquiv>
                    <TextStyle fontFamily="Times New Roman" fontSize="10.5"/>
                </Word>
                <Word id="w_w2aab1b3b2c31b1ad115" language="English" custom="readingOrder {index:9;}">
                    <Coords points="1206,1216 1233,1216 1233,1235 1206,1235"/>
                    <TextEquiv>
                        <Unicode>a.</Unicode>
                    </TextEquiv>
                    <TextStyle fontFamily="Times New Roman" fontSize="10.5"/>
                </Word>
                <Word id="w_w2aab1b3b2c31b1ad121" language="English" custom="readingOrder {index:10;}">
                    <Coords points="1250,1216 1275,1216 1275,1235 1250,1235"/>
                    <TextEquiv>
                        <Unicode>s.</Unicode>
                    </TextEquiv>
                    <TextStyle fontFamily="Times New Roman" fontSize="10.5"/>
                </Word>
                <TextEquiv>
                    <Unicode>cesse célèbre, protectrice de Goethe et de Schiller. — L. a. s.</Unicode>
                </TextEquiv>
                <TextStyle fontFamily="Times New Roman" fontSize="10.5"/>
            </TextLine>
            <TextLine id="tl_34" primaryLanguage="English" custom="readingOrder {index:1;}">
                <Coords points="180,1242 1275,1242 1275,1287 180,1287"/>
                <Baseline points="180,1270 197,1270 253,1271 385,1278 530,1270 599,1271 772,1271 824,1270 1100,1279 1275,1277"/>
                <Word id="w_w2aab1b3b2c31b3ab1" language="English" custom="readingOrder {index:0;}">
                    <Coords points="180,1244 197,1244 197,1270 180,1270"/>
                    <TextEquiv>
                        <Unicode>à</Unicode>
                    </TextEquiv>
                    <TextStyle fontFamily="Times New Roman" fontSize="10.5"/>
                </Word>
                <Word id="w_w2aab1b3b2c31b3ab5" language="English" custom="readingOrder {index:1;}">
                    <Coords points="213,1244 253,1244 253,1271 213,1271"/>
                    <TextEquiv>
                        <Unicode>M.</Unicode>
                    </TextEquiv>
                    <TextStyle fontFamily="Times New Roman" fontSize="10.5"/>
                </Word>
                <Word id="w_w2aab1b3b2c31b3ac11" language="English" custom="readingOrder {index:2;}">
                    <Coords points="266,1244 385,1244 385,1279 266,1279"/>
                    <TextEquiv>
                        <Unicode>Meyer,</Unicode>
                    </TextEquiv>
                    <TextStyle fontFamily="Times New Roman" fontSize="10.5"/>
                </Word>
                <Word id="w_w2aab1b3b2c31b3ac25" language="English" custom="readingOrder {index:3;}">
                    <Coords points="403,1243 530,1243 530,1271 403,1271"/>
                    <TextEquiv>
                        <Unicode>éditeur</Unicode>
                    </TextEquiv>
                    <TextStyle fontFamily="Times New Roman" fontSize="10.5"/>
                </Word>
                <Word id="w_w2aab1b3b2c31b3ac41" language="English" custom="readingOrder {index:4;}">
                    <Coords points="545,1242 599,1242 599,1271 545,1271"/>
                    <TextEquiv>
                        <Unicode>des</Unicode>
                    </TextEquiv>
                    <TextStyle fontFamily="Times New Roman" fontSize="10.5"/>
                </Word>
                <Word id="w_w2aab1b3b2c31b3ac49" language="English" custom="readingOrder {index:5;}">
                    <Coords points="615,1251 772,1251 772,1287 615,1287"/>
                    <TextEquiv>
                        <Unicode>ouvrages</Unicode>
                    </TextEquiv>
                    <TextStyle fontFamily="Times New Roman" fontSize="10.5"/>
                </Word>
                <Word id="w_w2aab1b3b2c31b3ac67" language="English" custom="readingOrder {index:6;}">
                    <Coords points="788,1243 824,1243 824,1270 788,1270"/>
                    <TextEquiv>
                        <Unicode>de</Unicode>
                    </TextEquiv>
                    <TextStyle fontFamily="Times New Roman" fontSize="10.5"/>
                </Word>
                <Word id="w_w2aab1b3b2c31b3ac73" language="English" custom="readingOrder {index:7;}">
                    <Coords points="839,1242 1100,1242 1100,1279 839,1279"/>
                    <TextEquiv>
                        <Unicode>Winckelmann;</Unicode>
                    </TextEquiv>
                    <TextStyle fontFamily="Times New Roman" fontSize="10.5"/>
                </Word>
                <Word id="w_w2aab1b3b2c31b3ac99" language="English" custom="readingOrder {index:8;}">
                    <Coords points="1117,1243 1275,1243 1275,1277 1117,1277"/>
                    <TextEquiv>
                        <Unicode>Tinfurst,</Unicode>
                    </TextEquiv>
                    <TextStyle fontFamily="Times New Roman" fontSize="10.5"/>
                </Word>
                <TextEquiv>
                    <Unicode>à M. Meyer, éditeur des ouvrages de Winckelmann; Tinfurst,</Unicode>
                </TextEquiv>
                <TextStyle fontFamily="Times New Roman" fontSize="10.5"/>
            </TextLine>
            <TextLine id="tl_35" primaryLanguage="English" custom="readingOrder {index:2;}">
                <Coords points="179,1277 1275,1277 1275,1315 179,1315"/>
                <Baseline points="179,1306 195,1306 289,1307 386,1314 418,1306 461,1306 552,1312 644,1306 844,1306 1030,1307 1223,1306 1275,1304"/>
                <Word id="w_w2aab1b3b2c31b5ab1" language="English" custom="readingOrder {index:0;}">
                    <Coords points="179,1280 195,1280 195,1306 179,1306"/>
                    <TextEquiv>
                        <Unicode>8</Unicode>
                    </TextEquiv>
                    <TextStyle fontFamily="Times New Roman" fontSize="10.5"/>
                </Word>
                <Word id="w_w2aab1b3b2c31b5ab5" language="English" custom="readingOrder {index:1;}">
                    <Coords points="211,1281 289,1281 289,1315 211,1315"/>
                    <TextEquiv>
                        <Unicode>sept.</Unicode>
                    </TextEquiv>
                    <TextStyle fontFamily="Times New Roman" fontSize="10.5"/>
                </Word>
                <Word id="w_w2aab1b3b2c31b5ac17" language="English" custom="readingOrder {index:2;}">
                    <Coords points="308,1279 386,1279 386,1314 308,1314"/>
                    <TextEquiv>
                        <Unicode>1797,</Unicode>
                    </TextEquiv>
                    <TextStyle fontFamily="Times New Roman" fontSize="10.5"/>
                </Word>
                <Word id="w_w2aab1b3b2c31b5ac29" language="English" custom="readingOrder {index:3;}">
                    <Coords points="401,1279 418,1279 418,1306 401,1306"/>
                    <TextEquiv>
                        <Unicode>2</Unicode>
                    </TextEquiv>
                    <TextStyle fontFamily="Times New Roman" fontSize="10.5"/>
                </Word>
                <Word id="w_w2aab1b3b2c31b5ac33" language="English" custom="readingOrder {index:4;}">
                    <Coords points="434,1287 461,1287 461,1315 434,1315"/>
                    <TextEquiv>
                        <Unicode>p.</Unicode>
                    </TextEquiv>
                    <TextStyle fontFamily="Times New Roman" fontSize="10.5"/>
                </Word>
                <Word id="w_w2aab1b3b2c31b5ac39" language="English" custom="readingOrder {index:5;}">
                    <Coords points="479,1279 552,1279 552,1312 479,1312"/>
                    <TextEquiv>
                        <Unicode>in-4,</Unicode>
                    </TextEquiv>
                    <TextStyle fontFamily="Times New Roman" fontSize="10.5"/>
                </Word>
                <Word id="w_w2aab1b3b2c31b5ac51" language="English" custom="readingOrder {index:6;}">
                    <Coords points="570,1286 644,1286 644,1306 570,1306"/>
                    <TextEquiv>
                        <Unicode>avec</Unicode>
                    </TextEquiv>
                    <TextStyle fontFamily="Times New Roman" fontSize="10.5"/>
                </Word>
                <Word id="w_w2aab1b3b2c31b5ac61" language="English" custom="readingOrder {index:7;}">
                    <Coords points="660,1277 844,1277 844,1307 660,1307"/>
                    <TextEquiv>
                        <Unicode>traduction</Unicode>
                    </TextEquiv>
                    <TextStyle fontFamily="Times New Roman" fontSize="10.5"/>
                </Word>
                <Word id="w_w2aab1b3b2c31b5ac83" language="English" custom="readingOrder {index:8;}">
                    <Coords points="861,1279 1030,1279 1030,1307 861,1307"/>
                    <TextEquiv>
                        <Unicode>française.</Unicode>
                    </TextEquiv>
                    <TextStyle fontFamily="Times New Roman" fontSize="10.5"/>
                </Word>
                <Word id="w_w2aab1b3b2c31b5ad105" language="English" custom="readingOrder {index:9;}">
                    <Coords points="1189,1279 1223,1279 1223,1306 1189,1306"/>
                    <TextEquiv>
                        <Unicode>20</Unicode>
                    </TextEquiv>
                    <TextStyle fontFamily="Times New Roman" fontSize="10.5"/>
                </Word>
                <Word id="w_w2aab1b3b2c31b5ad111" language="English" custom="readingOrder {index:10;}">
                    <Coords points="1261,1290 1275,1290 1275,1304 1261,1304"/>
                    <TextEquiv>
                        <Unicode>»</Unicode>
                    </TextEquiv>
                    <TextStyle fontFamily="Times New Roman" fontSize="10.5"/>
                </Word>
                <TextEquiv>
                    <Unicode>8 sept. 1797, 2 p. in-4, avec traduction française. 20 »</Unicode>
                </TextEquiv>
                <TextStyle fontFamily="Times New Roman" fontSize="10.5"/>
            </TextLine>
            <TextEquiv>
                <Unicode>cesse célèbre, protectrice de Goethe et de Schiller. — L. a. s.
à M. Meyer, éditeur des ouvrages de Winckelmann; Tinfurst,
8 sept. 1797, 2 p. in-4, avec traduction française. 20 »</Unicode>
            </TextEquiv>
        </TextRegion>
        <TextRegion type="paragraph" id="r_2_17" custom="readingOrder {index:17;}">
            <Coords points="179,1307 1277,1307 1277,1441 179,1441"/>
            <TextLine id="tl_36" primaryLanguage="English" custom="readingOrder {index:0;}">
                <Coords points="216,1308 1276,1308 1276,1346 216,1346"/>
                <Baseline points="216,1340 381,1340 428,1339 597,1339 703,1339 770,1338 905,1340 974,1339 1099,1339 1134,1338 1232,1339 1276,1339"/>
                <Word id="w_w2aab1b3b2c33b1ab1" language="English" custom="readingOrder {index:0;}">
                    <Coords points="216,1315 381,1315 381,1340 216,1340"/>
                    <TextEquiv>
                        <Unicode>Charmants</Unicode>
                    </TextEquiv>
                    <TextStyle fontFamily="Times New Roman" fontSize="9.0"/>
                </Word>
                <Word id="w_w2aab1b3b2c33b1ac21" language="English" custom="readingOrder {index:1;}">
                    <Coords points="402,1317 428,1317 428,1339 402,1339"/>
                    <TextEquiv>
                        <Unicode>et</Unicode>
                    </TextEquiv>
                    <TextStyle fontFamily="Times New Roman" fontSize="9.0"/>
                </Word>
                <Word id="w_w2aab1b3b2c33b1ac27" language="English" custom="readingOrder {index:2;}">
                    <Coords points="447,1314 597,1314 597,1345 447,1345"/>
                    <TextEquiv>
                        <Unicode>spirituelle</Unicode>
                    </TextEquiv>
                    <TextStyle fontFamily="Times New Roman" fontSize="9.0"/>
                </Word>
                <Word id="w_w2aab1b3b2c33b1ac51" language="English" custom="readingOrder {index:3;}">
                    <Coords points="618,1315 703,1315 703,1346 618,1346"/>
                    <TextEquiv>
                        <Unicode>épitre</Unicode>
                    </TextEquiv>
                    <TextStyle fontFamily="Times New Roman" fontSize="9.0"/>
                </Word>
                <Word id="w_w2aab1b3b2c33b1ac65" language="English" custom="readingOrder {index:4;}">
                    <Coords points="722,1321 770,1321 770,1345 722,1345"/>
                    <TextEquiv>
                        <Unicode>par</Unicode>
                    </TextEquiv>
                    <TextStyle fontFamily="Times New Roman" fontSize="9.0"/>
                </Word>
                <Word id="w_w2aab1b3b2c33b1ac73" language="English" custom="readingOrder {index:5;}">
                    <Coords points="789,1315 905,1315 905,1346 789,1346"/>
                    <TextEquiv>
                        <Unicode>laquelle</Unicode>
                    </TextEquiv>
                    <TextStyle fontFamily="Times New Roman" fontSize="9.0"/>
                </Word>
                <Word id="w_w2aab1b3b2c33b1ac91" language="English" custom="readingOrder {index:6;}">
                    <Coords points="924,1308 974,1308 974,1340 924,1340"/>
                    <TextEquiv>
                        <Unicode>elle</Unicode>
                    </TextEquiv>
                    <TextStyle fontFamily="Times New Roman" fontSize="9.0"/>
                </Word>
                <Word id="w_w2aab1b3b2c33b1ad101" language="English" custom="readingOrder {index:7;}">
                    <Coords points="996,1315 1099,1315 1099,1339 996,1339"/>
                    <TextEquiv>
                        <Unicode>l’invite</Unicode>
                    </TextEquiv>
                    <TextStyle fontFamily="Times New Roman" fontSize="9.0"/>
                </Word>
                <Word id="w_w2aab1b3b2c33b1ad119" language="English" custom="readingOrder {index:8;}">
                    <Coords points="1119,1315 1134,1315 1134,1338 1119,1338"/>
                    <TextEquiv>
                        <Unicode>à</Unicode>
                    </TextEquiv>
                    <TextStyle fontFamily="Times New Roman" fontSize="9.0"/>
                </Word>
                <Word id="w_w2aab1b3b2c33b1ad123" language="English" custom="readingOrder {index:9;}">
                    <Coords points="1155,1315 1232,1315 1232,1339 1155,1339"/>
                    <TextEquiv>
                        <Unicode>venir</Unicode>
                    </TextEquiv>
                    <TextStyle fontFamily="Times New Roman" fontSize="9.0"/>
                </Word>
                <Word id="w_w2aab1b3b2c33b1ad135" language="English" custom="readingOrder {index:10;}">
                    <Coords points="1251,1316 1276,1316 1276,1339 1251,1339"/>
                    <TextEquiv>
                        <Unicode>la</Unicode>
                    </TextEquiv>
                    <TextStyle fontFamily="Times New Roman" fontSize="9.0"/>
                </Word>
                <TextEquiv>
                    <Unicode>Charmants et spirituelle épître par laquelle elle l’invite à venir la</Unicode>
                </TextEquiv>
                <TextStyle fontFamily="Times New Roman" fontSize="9.0"/>
            </TextLine>
            <TextLine id="tl_37" primaryLanguage="English" custom="readingOrder {index:1;}">
                <Coords points="180,1346 1276,1346 1276,1378 180,1378"/>
                <Baseline points="180,1370 253,1375 326,1371 360,1377 454,1370 507,1370 573,1369 710,1370 756,1370 814,1370 849,1371 899,1371 1028,1371 1060,1370 1134,1370 1245,1370 1276,1370"/>
                <Word id="w_w2aab1b3b2c33b3ab1" language="English" custom="readingOrder {index:0;}">
                    <Coords points="180,1347 253,1347 253,1375 180,1375"/>
                    <TextEquiv>
                        <Unicode>voir;</Unicode>
                    </TextEquiv>
                    <TextStyle fontFamily="Times New Roman" fontSize="9.0"/>
                </Word>
                <Word id="w_w2aab1b3b2c33b3ac13" language="English" custom="readingOrder {index:1;}">
                    <Coords points="276,1347 326,1347 326,1371 276,1371"/>
                    <TextEquiv>
                        <Unicode>elle</Unicode>
                    </TextEquiv>
                    <TextStyle fontFamily="Times New Roman" fontSize="9.0"/>
                </Word>
                <Word id="w_w2aab1b3b2c33b3ac23" language="English" custom="readingOrder {index:2;}">
                    <Coords points="345,1354 360,1354 360,1377 345,1377"/>
                    <TextEquiv>
                        <Unicode>y</Unicode>
                    </TextEquiv>
                    <TextStyle fontFamily="Times New Roman" fontSize="9.0"/>
                </Word>
                <Word id="w_w2aab1b3b2c33b3ac27" language="English" custom="readingOrder {index:3;}">
                    <Coords points="380,1347 454,1347 454,1377 380,1377"/>
                    <TextEquiv>
                        <Unicode>parle</Unicode>
                    </TextEquiv>
                    <TextStyle fontFamily="Times New Roman" fontSize="9.0"/>
                </Word>
                <Word id="w_w2aab1b3b2c33b3ac39" language="English" custom="readingOrder {index:4;}">
                    <Coords points="474,1346 507,1346 507,1370 474,1370"/>
                    <TextEquiv>
                        <Unicode>de</Unicode>
                    </TextEquiv>
                    <TextStyle fontFamily="Times New Roman" fontSize="9.0"/>
                </Word>
                <Word id="w_w2aab1b3b2c33b3ac45" language="English" custom="readingOrder {index:5;}">
                    <Coords points="528,1352 573,1352 573,1370 528,1370"/>
                    <TextEquiv>
                        <Unicode>ses</Unicode>
                    </TextEquiv>
                    <TextStyle fontFamily="Times New Roman" fontSize="9.0"/>
                </Word>
                <Word id="w_w2aab1b3b2c33b3ac53" language="English" custom="readingOrder {index:6;}">
                    <Coords points="591,1352 710,1352 710,1376 591,1376"/>
                    <TextEquiv>
                        <Unicode>voyages</Unicode>
                    </TextEquiv>
                    <TextStyle fontFamily="Times New Roman" fontSize="9.0"/>
                </Word>
                <Word id="w_w2aab1b3b2c33b3ac69" language="English" custom="readingOrder {index:7;}">
                    <Coords points="729,1348 756,1348 756,1370 729,1370"/>
                    <TextEquiv>
                        <Unicode>et</Unicode>
                    </TextEquiv>
                    <TextStyle fontFamily="Times New Roman" fontSize="9.0"/>
                </Word>
                <Word id="w_w2aab1b3b2c33b3ac75" language="English" custom="readingOrder {index:8;}">
                    <Coords points="775,1346 814,1346 814,1370 775,1370"/>
                    <TextEquiv>
                        <Unicode>dit</Unicode>
                    </TextEquiv>
                    <TextStyle fontFamily="Times New Roman" fontSize="9.0"/>
                </Word>
                <Word id="w_w2aab1b3b2c33b3ac83" language="English" custom="readingOrder {index:9;}">
                    <Coords points="834,1347 849,1347 849,1371 834,1371"/>
                    <TextEquiv>
                        <Unicode>à</Unicode>
                    </TextEquiv>
                    <TextStyle fontFamily="Times New Roman" fontSize="9.0"/>
                </Word>
                <Word id="w_w2aab1b3b2c33b3ac87" language="English" custom="readingOrder {index:10;}">
                    <Coords points="869,1354 899,1354 899,1371 869,1371"/>
                    <TextEquiv>
                        <Unicode>ce</Unicode>
                    </TextEquiv>
                    <TextStyle fontFamily="Times New Roman" fontSize="9.0"/>
                </Word>
                <Word id="w_w2aab1b3b2c33b3ac93" language="English" custom="readingOrder {index:11;}">
                    <Coords points="919,1353 1028,1353 1028,1378 919,1378"/>
                    <TextEquiv>
                        <Unicode>propos.</Unicode>
                    </TextEquiv>
                    <TextStyle fontFamily="Times New Roman" fontSize="9.0"/>
                </Word>
                <Word id="w_w2aab1b3b2c33b3ad109" language="English" custom="readingOrder {index:12;}">
                    <Coords points="1049,1355 1060,1355 1060,1370 1049,1370"/>
                    <TextEquiv>
                        <Unicode>«</Unicode>
                    </TextEquiv>
                    <TextStyle fontFamily="Times New Roman" fontSize="9.0"/>
                </Word>
                <Word id="w_w2aab1b3b2c33b3ad113" language="English" custom="readingOrder {index:13;}">
                    <Coords points="1079,1347 1134,1347 1134,1372 1079,1372"/>
                    <TextEquiv>
                        <Unicode>J’ai</Unicode>
                    </TextEquiv>
                    <TextStyle fontFamily="Times New Roman" fontSize="9.0"/>
                </Word>
                <Word id="w_w2aab1b3b2c33b3ad123" language="English" custom="readingOrder {index:14;}">
                    <Coords points="1152,1346 1245,1346 1245,1378 1152,1378"/>
                    <TextEquiv>
                        <Unicode>appris</Unicode>
                    </TextEquiv>
                    <TextStyle fontFamily="Times New Roman" fontSize="9.0"/>
                </Word>
                <Word id="w_w2aab1b3b2c33b3ad137" language="English" custom="readingOrder {index:15;}">
                    <Coords points="1260,1347 1276,1347 1276,1370 1260,1370"/>
                    <TextEquiv>
                        <Unicode>à</Unicode>
                    </TextEquiv>
                    <TextStyle fontFamily="Times New Roman" fontSize="9.0"/>
                </Word>
                <TextEquiv>
                    <Unicode>voir; elle y parle de ses voyages et dit à ce propos. « J’ai appris à</Unicode>
                </TextEquiv>
                <TextStyle fontFamily="Times New Roman" fontSize="9.0"/>
            </TextLine>
            <TextLine id="tl_38" primaryLanguage="English" custom="readingOrder {index:2;}">
                <Coords points="181,1377 1276,1377 1276,1409 181,1409"/>
                <Baseline points="181,1402 311,1402 361,1402 488,1402 618,1402 659,1401 876,1403 918,1402 1122,1401 1181,1402 1276,1402"/>
                <Word id="w_w2aab1b3b2c33b5ab1" language="English" custom="readingOrder {index:0;}">
                    <Coords points="181,1378 311,1378 311,1408 181,1408"/>
                    <TextEquiv>
                        <Unicode>regarder</Unicode>
                    </TextEquiv>
                    <TextStyle fontFamily="Times New Roman" fontSize="9.0"/>
                </Word>
                <Word id="w_w2aab1b3b2c33b5ac19" language="English" custom="readingOrder {index:1;}">
                    <Coords points="336,1379 361,1379 361,1402 336,1402"/>
                    <TextEquiv>
                        <Unicode>le</Unicode>
                    </TextEquiv>
                    <TextStyle fontFamily="Times New Roman" fontSize="9.0"/>
                </Word>
                <Word id="w_w2aab1b3b2c33b5ac25" language="English" custom="readingOrder {index:2;}">
                    <Coords points="388,1377 488,1377 488,1402 388,1402"/>
                    <TextEquiv>
                        <Unicode>monde</Unicode>
                    </TextEquiv>
                    <TextStyle fontFamily="Times New Roman" fontSize="9.0"/>
                </Word>
                <Word id="w_w2aab1b3b2c33b5ac37" language="English" custom="readingOrder {index:3;}">
                    <Coords points="513,1384 618,1384 618,1402 513,1402"/>
                    <TextEquiv>
                        <Unicode>comme</Unicode>
                    </TextEquiv>
                    <TextStyle fontFamily="Times New Roman" fontSize="9.0"/>
                </Word>
                <Word id="w_w2aab1b3b2c33b5ac49" language="English" custom="readingOrder {index:4;}">
                    <Coords points="644,1381 696,1381 696,1402 644,1402"/>
                    <TextEquiv>
                        <Unicode>une</Unicode>
                    </TextEquiv>
                    <TextStyle fontFamily="Times New Roman" fontSize="9.0"/>
                </Word>
                <Word id="w_w2aab1b3b2c33b5b1b1" language="English" custom="readingOrder {index:5;}">
                    <Coords points="722,1378 876,1378 876,1409 722,1409"/>
                    <TextEquiv>
                        <Unicode>tapisserie</Unicode>
                    </TextEquiv>
                    <TextStyle fontFamily="Times New Roman" fontSize="9.0" italic="true"/>
                </Word>
                <Word id="w_w2aab1b3b2c33b5b1c23" language="English" custom="readingOrder {index:6;}">
                    <Coords points="900,1378 1070,1378 1070,1403 900,1403"/>
                    <TextEquiv>
                        <Unicode>ambulante</Unicode>
                    </TextEquiv>
                    <TextStyle fontFamily="Times New Roman" fontSize="9.0" italic="true"/>
                </Word>
                <Word id="w_w2aab1b3b2c33b5b2b3" language="English" custom="readingOrder {index:7;}">
                    <Coords points="1095,1380 1122,1380 1122,1402 1095,1402"/>
                    <TextEquiv>
                        <Unicode>et</Unicode>
                    </TextEquiv>
                    <TextStyle fontFamily="Times New Roman" fontSize="9.0"/>
                </Word>
                <Word id="w_w2aab1b3b2c33b5b2b9" language="English" custom="readingOrder {index:8;}">
                    <Coords points="1148,1378 1181,1378 1181,1402 1148,1402"/>
                    <TextEquiv>
                        <Unicode>de</Unicode>
                    </TextEquiv>
                    <TextStyle fontFamily="Times New Roman" fontSize="9.0"/>
                </Word>
                <Word id="w_w2aab1b3b2c33b5b2c15" language="English" custom="readingOrder {index:9;}">
                    <Coords points="1207,1380 1276,1380 1276,1402 1207,1402"/>
                    <TextEquiv>
                        <Unicode>cette</Unicode>
                    </TextEquiv>
                    <TextStyle fontFamily="Times New Roman" fontSize="9.0"/>
                </Word>
                <TextEquiv>
                    <Unicode>regarder le monde comme une tapisserie ambulante et de cette</Unicode>
                </TextEquiv>
            </TextLine>
            <TextLine id="tl_39" primaryLanguage="English" custom="readingOrder {index:3;}">
                <Coords points="182,1409 836,1409 836,1440 182,1440"/>
                <Baseline points="182,1433 304,1434 345,1433 396,1433 467,1439 580,1433 646,1432 724,1439 807,1433 836,1432"/>
                <Word id="w_w2aab1b3b2c33b7ab1" language="English" custom="readingOrder {index:0;}">
                    <Coords points="182,1409 304,1409 304,1434 182,1434"/>
                    <TextEquiv>
                        <Unicode>manière</Unicode>
                    </TextEquiv>
                    <TextStyle fontFamily="Times New Roman" fontSize="9.0"/>
                </Word>
                <Word id="w_w2aab1b3b2c33b7ac17" language="English" custom="readingOrder {index:1;}">
                    <Coords points="320,1409 345,1409 345,1440 320,1440"/>
                    <TextEquiv>
                        <Unicode>je</Unicode>
                    </TextEquiv>
                    <TextStyle fontFamily="Times New Roman" fontSize="9.0"/>
                </Word>
                <Word id="w_w2aab1b3b2c33b7ac23" language="English" custom="readingOrder {index:2;}">
                    <Coords points="363,1416 396,1416 396,1433 363,1433"/>
                    <TextEquiv>
                        <Unicode>ne</Unicode>
                    </TextEquiv>
                    <TextStyle fontFamily="Times New Roman" fontSize="9.0"/>
                </Word>
                <Word id="w_w2aab1b3b2c33b7ac29" language="English" custom="readingOrder {index:3;}">
                    <Coords points="414,1409 467,1409 467,1439 414,1439"/>
                    <TextEquiv>
                        <Unicode>m’y</Unicode>
                    </TextEquiv>
                    <TextStyle fontFamily="Times New Roman" fontSize="9.0"/>
                </Word>
                <Word id="w_w2aab1b3b2c33b7ac37" language="English" custom="readingOrder {index:4;}">
                    <Coords points="485,1411 580,1411 580,1433 485,1433"/>
                    <TextEquiv>
                        <Unicode>trouve</Unicode>
                    </TextEquiv>
                    <TextStyle fontFamily="Times New Roman" fontSize="9.0"/>
                </Word>
                <Word id="w_w2aab1b3b2c33b7ac51" language="English" custom="readingOrder {index:5;}">
                    <Coords points="597,1415 646,1415 646,1440 597,1440"/>
                    <TextEquiv>
                        <Unicode>pas</Unicode>
                    </TextEquiv>
                    <TextStyle fontFamily="Times New Roman" fontSize="9.0"/>
                </Word>
                <Word id="w_w2aab1b3b2c33b7ac59" language="English" custom="readingOrder {index:6;}">
                    <Coords points="662,1411 724,1411 724,1439 662,1439"/>
                    <TextEquiv>
                        <Unicode>trop</Unicode>
                    </TextEquiv>
                    <TextStyle fontFamily="Times New Roman" fontSize="9.0"/>
                </Word>
                <Word id="w_w2aab1b3b2c33b7ac69" language="English" custom="readingOrder {index:7;}">
                    <Coords points="743,1409 807,1409 807,1433 743,1433"/>
                    <TextEquiv>
                        <Unicode>mal.</Unicode>
                    </TextEquiv>
                    <TextStyle fontFamily="Times New Roman" fontSize="9.0"/>
                </Word>
                <Word id="w_w2aab1b3b2c33b7ac79" language="English" custom="readingOrder {index:8;}">
                    <Coords points="825,1417 836,1417 836,1432 825,1432"/>
                    <TextEquiv>
                        <Unicode>»</Unicode>
                    </TextEquiv>
                    <TextStyle fontFamily="Times New Roman" fontSize="9.0"/>
                </Word>
                <TextEquiv>
                    <Unicode>manière je ne m’y trouve pas trop mal. »</Unicode>
                </TextEquiv>
                <TextStyle fontFamily="Times New Roman" fontSize="9.0"/>
            </TextLine>
            <TextEquiv>
                <Unicode>Charmants et spirituelle épître par laquelle elle l’invite à venir la
voir; elle y parle de ses voyages et dit à ce propos. « J’ai appris à
regarder le monde comme une tapisserie ambulante et de cette
manière je ne m’y trouve pas trop mal. »</Unicode>
            </TextEquiv>
        </TextRegion>
        <TextRegion type="paragraph" id="r_2_18" custom="readingOrder {index:18;}">
            <Coords points="110,1439 1278,1439 1278,1478 110,1478"/>
            <TextLine id="tl_40" primaryLanguage="English" custom="readingOrder {index:0;}">
                <Coords points="111,1440 1277,1440 1277,1477 111,1477"/>
                <Baseline points="111,1469 162,1469 342,1468 469,1474 528,1467 599,1468 685,1468 841,1468 999,1469 1051,1468 1174,1468 1277,1460"/>
                <Word id="w_w2aab1b3b2c35b1ab1" language="English" custom="readingOrder {index:0;}">
                    <Coords points="111,1442 162,1442 162,1469 111,1469"/>
                    <TextEquiv>
                        <Unicode>164</Unicode>
                    </TextEquiv>
                    <TextStyle fontFamily="Times New Roman" fontSize="10.5"/>
                </Word>
                <Word id="w_w2aab1b3b2c35b1ab9" language="English" custom="readingOrder {index:1;}">
                    <Coords points="182,1441 342,1441 342,1469 182,1469"/>
                    <TextEquiv>
                        <Unicode>Scheffer</Unicode>
                    </TextEquiv>
                    <TextStyle fontFamily="Times New Roman" fontSize="10.5"/>
                </Word>
                <Word id="w_w2aab1b3b2c35b1ac27" language="English" custom="readingOrder {index:2;}">
                    <Coords points="358,1440 469,1440 469,1477 358,1477"/>
                    <TextEquiv>
                        <Unicode>(Ary),</Unicode>
                    </TextEquiv>
                    <TextStyle fontFamily="Times New Roman" fontSize="10.5"/>
                </Word>
                <Word id="w_w2aab1b3b2c35b1ac41" language="English" custom="readingOrder {index:3;}">
                    <Coords points="487,1448 528,1448 528,1467 487,1467"/>
                    <TextEquiv>
                        <Unicode>un</Unicode>
                    </TextEquiv>
                    <TextStyle fontFamily="Times New Roman" fontSize="10.5"/>
                </Word>
                <Word id="w_w2aab1b3b2c35b1ac47" language="English" custom="readingOrder {index:4;}">
                    <Coords points="545,1440 599,1440 599,1468 545,1468"/>
                    <TextEquiv>
                        <Unicode>des</Unicode>
                    </TextEquiv>
                    <TextStyle fontFamily="Times New Roman" fontSize="10.5"/>
                </Word>
                <Word id="w_w2aab1b3b2c35b1ac55" language="English" custom="readingOrder {index:5;}">
                    <Coords points="615,1440 685,1440 685,1476 615,1476"/>
                    <TextEquiv>
                        <Unicode>plus</Unicode>
                    </TextEquiv>
                    <TextStyle fontFamily="Times New Roman" fontSize="10.5"/>
                </Word>
                <Word id="w_w2aab1b3b2c35b1ac65" language="English" custom="readingOrder {index:6;}">
                    <Coords points="701,1440 841,1440 841,1468 701,1468"/>
                    <TextEquiv>
                        <Unicode>célèbres</Unicode>
                    </TextEquiv>
                    <TextStyle fontFamily="Times New Roman" fontSize="10.5"/>
                </Word>
                <Word id="w_w2aab1b3b2c35b1ac83" language="English" custom="readingOrder {index:7;}">
                    <Coords points="857,1441 999,1441 999,1476 857,1476"/>
                    <TextEquiv>
                        <Unicode>peintres</Unicode>
                    </TextEquiv>
                    <TextStyle fontFamily="Times New Roman" fontSize="10.5"/>
                </Word>
                <Word id="w_w2aab1b3b2c35b1ad101" language="English" custom="readingOrder {index:8;}">
                    <Coords points="1015,1441 1051,1441 1051,1468 1015,1468"/>
                    <TextEquiv>
                        <Unicode>de</Unicode>
                    </TextEquiv>
                    <TextStyle fontFamily="Times New Roman" fontSize="10.5"/>
                </Word>
                <Word id="w_w2aab1b3b2c35b1ad107" language="English" custom="readingOrder {index:9;}">
                    <Coords points="1067,1440 1174,1440 1174,1469 1067,1469"/>
                    <TextEquiv>
                        <Unicode>l’école</Unicode>
                    </TextEquiv>
                    <TextStyle fontFamily="Times New Roman" fontSize="10.5"/>
                </Word>
                <Word id="w_w2aab1b3b2c35b1ad123" language="English" custom="readingOrder {index:10;}">
                    <Coords points="1191,1440 1277,1440 1277,1468 1191,1468"/>
                    <TextEquiv>
                        <Unicode>fran¬</Unicode>
                    </TextEquiv>
                    <TextStyle fontFamily="Times New Roman" fontSize="10.5"/>
                </Word>
                <TextEquiv>
                    <Unicode>164 Scheffer (Ary), un des plus célèbres peintres de l’école fran¬</Unicode>
                </TextEquiv>
                <TextStyle fontFamily="Times New Roman" fontSize="10.5"/>
            </TextLine>
            <TextEquiv>
                <Unicode>164 Scheffer (Ary), un des plus célèbres peintres de l’école fran¬</Unicode>
            </TextEquiv>
        </TextRegion>
        <TextRegion type="paragraph" id="r_2_19" custom="readingOrder {index:19;}">
            <Coords points="180,1475 1280,1475 1280,1543 180,1543"/>
            <TextLine id="tl_41" primaryLanguage="English" custom="readingOrder {index:0;}">
                <Coords points="182,1476 1279,1476 1279,1515 182,1515"/>
                <Baseline points="182,1515 265,1508 451,1504 498,1496 542,1503 595,1504 641,1503 685,1503 751,1503 813,1504 887,1505 1106,1511 1147,1503 1200,1504 1279,1503"/>
                <Word id="w_w2aab1b3b2c37b1ab1" language="English" custom="readingOrder {index:0;}">
                    <Coords points="182,1477 265,1477 265,1515 182,1515"/>
                    <TextEquiv>
                        <Unicode>çaise</Unicode>
                    </TextEquiv>
                    <TextStyle fontFamily="Times New Roman" fontSize="10.5"/>
                </Word>
                <Word id="w_w2aab1b3b2c37b1ac13" language="English" custom="readingOrder {index:1;}">
                    <Coords points="290,1476 451,1476 451,1504 290,1504"/>
                    <TextEquiv>
                        <Unicode>moderne.</Unicode>
                    </TextEquiv>
                    <TextStyle fontFamily="Times New Roman" fontSize="10.5"/>
                </Word>
                <Word id="w_w2aab1b3b2c37b1ac31" language="English" custom="readingOrder {index:2;}">
                    <Coords points="463,1492 498,1492 498,1496 463,1496"/>
                    <TextEquiv>
                        <Unicode>—</Unicode>
                    </TextEquiv>
                    <TextStyle fontFamily="Times New Roman" fontSize="10.5"/>
                </Word>
                <Word id="w_w2aab1b3b2c37b1ac35" language="English" custom="readingOrder {index:3;}">
                    <Coords points="509,1476 542,1476 542,1503 509,1503"/>
                    <TextEquiv>
                        <Unicode>L.</Unicode>
                    </TextEquiv>
                    <TextStyle fontFamily="Times New Roman" fontSize="10.5"/>
                </Word>
                <Word id="w_w2aab1b3b2c37b1ac41" language="English" custom="readingOrder {index:4;}">
                    <Coords points="567,1484 595,1484 595,1504 567,1504"/>
                    <TextEquiv>
                        <Unicode>a.</Unicode>
                    </TextEquiv>
                    <TextStyle fontFamily="Times New Roman" fontSize="10.5"/>
                </Word>
                <Word id="w_w2aab1b3b2c37b1ac47" language="English" custom="readingOrder {index:5;}">
                    <Coords points="619,1484 641,1484 641,1504 619,1504"/>
                    <TextEquiv>
                        <Unicode>s.</Unicode>
                    </TextEquiv>
                    <TextStyle fontFamily="Times New Roman" fontSize="10.5"/>
                </Word>
                <Word id="w_w2aab1b3b2c37b1ac53" language="English" custom="readingOrder {index:6;}">
                    <Coords points="668,1476 685,1476 685,1503 668,1503"/>
                    <TextEquiv>
                        <Unicode>à</Unicode>
                    </TextEquiv>
                    <TextStyle fontFamily="Times New Roman" fontSize="10.5"/>
                </Word>
                <Word id="w_w2aab1b3b2c37b1ac57" language="English" custom="readingOrder {index:7;}">
                    <Coords points="710,1484 751,1484 751,1503 710,1503"/>
                    <TextEquiv>
                        <Unicode>un</Unicode>
                    </TextEquiv>
                    <TextStyle fontFamily="Times New Roman" fontSize="10.5"/>
                </Word>
                <Word id="w_w2aab1b3b2c37b1ac63" language="English" custom="readingOrder {index:8;}">
                    <Coords points="776,1476 813,1476 813,1504 776,1504"/>
                    <TextEquiv>
                        <Unicode>de</Unicode>
                    </TextEquiv>
                    <TextStyle fontFamily="Times New Roman" fontSize="10.5"/>
                </Word>
                <Word id="w_w2aab1b3b2c37b1ac69" language="English" custom="readingOrder {index:9;}">
                    <Coords points="838,1485 887,1485 887,1505 838,1505"/>
                    <TextEquiv>
                        <Unicode>ses</Unicode>
                    </TextEquiv>
                    <TextStyle fontFamily="Times New Roman" fontSize="10.5"/>
                </Word>
                <Word id="w_w2aab1b3b2c37b1ac77" language="English" custom="readingOrder {index:10;}">
                    <Coords points="911,1476 1106,1476 1106,1511 911,1511"/>
                    <TextEquiv>
                        <Unicode>camarades,</Unicode>
                    </TextEquiv>
                    <TextStyle fontFamily="Times New Roman" fontSize="10.5"/>
                </Word>
                <Word id="w_w2aab1b3b2c37b1ac99" language="English" custom="readingOrder {index:11;}">
                    <Coords points="1131,1476 1147,1476 1147,1503 1131,1503"/>
                    <TextEquiv>
                        <Unicode>2</Unicode>
                    </TextEquiv>
                    <TextStyle fontFamily="Times New Roman" fontSize="10.5"/>
                </Word>
                <Word id="w_w2aab1b3b2c37b1ad103" language="English" custom="readingOrder {index:12;}">
                    <Coords points="1171,1484 1200,1484 1200,1512 1171,1512"/>
                    <TextEquiv>
                        <Unicode>p.</Unicode>
                    </TextEquiv>
                    <TextStyle fontFamily="Times New Roman" fontSize="10.5"/>
                </Word>
                <Word id="w_w2aab1b3b2c37b1ad109" language="English" custom="readingOrder {index:13;}">
                    <Coords points="1231,1476 1279,1476 1279,1511 1231,1511"/>
                    <TextEquiv>
                        <Unicode>1/2</Unicode>
                    </TextEquiv>
                    <TextStyle fontFamily="Times New Roman" fontSize="10.5"/>
                </Word>
                <TextEquiv>
                    <Unicode>çaise moderne. — L. a. s. à un de ses camarades, 2 p. 1/2</Unicode>
                </TextEquiv>
                <TextStyle fontFamily="Times New Roman" fontSize="10.5"/>
            </TextLine>
            <TextLine id="tl_42" primaryLanguage="English" custom="readingOrder {index:1;}">
                <Coords points="181,1512 1276,1512 1276,1542 181,1542"/>
                <Baseline points="181,1542 257,1539 1222,1538 1276,1537"/>
                <Word id="w_w2aab1b3b2c37b3ab1" language="English" custom="readingOrder {index:0;}">
                    <Coords points="181,1513 257,1513 257,1542 181,1542"/>
                    <TextEquiv>
                        <Unicode>în-8.</Unicode>
                    </TextEquiv>
                    <TextStyle fontFamily="Times New Roman" fontSize="9.5" bold="true"/>
                </Word>
                <Word id="w_w2aab1b3b2c37b3ac13" language="English" custom="readingOrder {index:1;}">
                    <Coords points="1208,1512 1222,1512 1222,1538 1208,1538"/>
                    <TextEquiv>
                        <Unicode>7</Unicode>
                    </TextEquiv>
                    <TextStyle fontFamily="Times New Roman" fontSize="9.5" bold="true"/>
                </Word>
                <Word id="w_w2aab1b3b2c37b3ac17" language="English" custom="readingOrder {index:2;}">
                    <Coords points="1263,1523 1276,1523 1276,1537 1263,1537"/>
                    <TextEquiv>
                        <Unicode>»</Unicode>
                    </TextEquiv>
                    <TextStyle fontFamily="Times New Roman" fontSize="9.5" bold="true"/>
                </Word>
                <TextEquiv>
                    <Unicode>in-8. 7 »</Unicode>
                </TextEquiv>
                <TextStyle fontFamily="Times New Roman" fontSize="9.5" bold="true"/>
            </TextLine>
            <TextEquiv>
                <Unicode>çaise moderne. — L. a. s. à un de ses camarades, 2 p. 1/2
in-8. 7 »</Unicode>
            </TextEquiv>
        </TextRegion>
        <TextRegion type="paragraph" id="r_2_20" custom="readingOrder {index:20;}">
            <Coords points="217,1546 1172,1546 1172,1581 217,1581"/>
            <TextLine id="tl_43" primaryLanguage="English" custom="readingOrder {index:0;}">
                <Coords points="218,1547 1171,1547 1171,1580 218,1580"/>
                <Baseline points="218,1573 291,1572 386,1572 516,1572 549,1571 615,1571 643,1571 799,1571 995,1572 1030,1572 1171,1572"/>
                <Word id="w_w2aab1b3b2c39b1ab1" language="English" custom="readingOrder {index:0;}">
                    <Coords points="218,1549 291,1549 291,1573 218,1573"/>
                    <TextEquiv>
                        <Unicode>Belle</Unicode>
                    </TextEquiv>
                    <TextStyle fontFamily="Times New Roman" fontSize="9.0"/>
                </Word>
                <Word id="w_w2aab1b3b2c39b1ac13" language="English" custom="readingOrder {index:1;}">
                    <Coords points="307,1548 386,1548 386,1572 307,1572"/>
                    <TextEquiv>
                        <Unicode>lettre</Unicode>
                    </TextEquiv>
                    <TextStyle fontFamily="Times New Roman" fontSize="9.0"/>
                </Word>
                <Word id="w_w2aab1b3b2c39b1ac27" language="English" custom="readingOrder {index:2;}">
                    <Coords points="405,1547 516,1547 516,1572 405,1572"/>
                    <TextEquiv>
                        <Unicode>relative</Unicode>
                    </TextEquiv>
                    <TextStyle fontFamily="Times New Roman" fontSize="9.0"/>
                </Word>
                <Word id="w_w2aab1b3b2c39b1ac45" language="English" custom="readingOrder {index:3;}">
                    <Coords points="533,1548 549,1548 549,1571 533,1571"/>
                    <TextEquiv>
                        <Unicode>à</Unicode>
                    </TextEquiv>
                    <TextStyle fontFamily="Times New Roman" fontSize="9.0"/>
                </Word>
                <Word id="w_w2aab1b3b2c39b1ac49" language="English" custom="readingOrder {index:4;}">
                    <Coords points="566,1553 615,1553 615,1572 566,1572"/>
                    <TextEquiv>
                        <Unicode>son</Unicode>
                    </TextEquiv>
                    <TextStyle fontFamily="Times New Roman" fontSize="9.0"/>
                </Word>
                <Word id="w_w2aab1b3b2c39b1ac57" language="English" custom="readingOrder {index:5;}">
                    <Coords points="633,1547 741,1547 741,1571 633,1571"/>
                    <TextEquiv>
                        <Unicode>tableau</Unicode>
                    </TextEquiv>
                    <TextStyle fontFamily="Times New Roman" fontSize="9.0"/>
                </Word>
                <Word id="w_w2aab1b3b2c39b1b1b1" language="English" custom="readingOrder {index:6;}">
                    <Coords points="758,1547 799,1547 799,1571 758,1571"/>
                    <TextEquiv>
                        <Unicode>La</Unicode>
                    </TextEquiv>
                    <TextStyle fontFamily="Times New Roman" fontSize="9.0" italic="true"/>
                </Word>
                <Word id="w_w2aab1b3b2c39b1b1b7" language="English" custom="readingOrder {index:7;}">
                    <Coords points="815,1547 995,1547 995,1580 815,1580"/>
                    <TextEquiv>
                        <Unicode>Marguerite</Unicode>
                    </TextEquiv>
                    <TextStyle fontFamily="Times New Roman" fontSize="9.0" italic="true"/>
                </Word>
                <Word id="w_w2aab1b3b2c39b1b1c29" language="English" custom="readingOrder {index:8;}">
                    <Coords points="1013,1548 1030,1548 1030,1572 1013,1572"/>
                    <TextEquiv>
                        <Unicode>a</Unicode>
                    </TextEquiv>
                    <TextStyle fontFamily="Times New Roman" fontSize="9.0" italic="true"/>
                </Word>
                <Word id="w_w2aab1b3b2c39b1b1c33" language="English" custom="readingOrder {index:9;}">
                    <Coords points="1048,1548 1171,1548 1171,1579 1048,1579"/>
                    <TextEquiv>
                        <Unicode>l'Eglise.</Unicode>
                    </TextEquiv>
                    <TextStyle fontFamily="Times New Roman" fontSize="9.0" italic="true"/>
                </Word>
                <TextEquiv>
                    <Unicode>Belle lettre relative à son tableau La Marguerite à l'Eglise.</Unicode>
                </TextEquiv>
            </TextLine>
            <TextEquiv>
                <Unicode>Belle lettre relative à son tableau La Marguerite à l'Eglise.</Unicode>
            </TextEquiv>
        </TextRegion>
        <TextRegion type="paragraph" id="r_2_21" custom="readingOrder {index:21;}">
            <Coords points="112,1577 1278,1577 1278,1616 112,1616"/>
            <TextLine id="tl_44" primaryLanguage="English" custom="readingOrder {index:0;}">
                <Coords points="113,1578 1277,1578 1277,1615 113,1615"/>
                <Baseline points="113,1608 122,1608 208,1608 437,1611 478,1606 594,1606 842,1614 893,1607 1097,1607 1277,1608"/>
                <Word id="w_w2aab1b3b2c41b1ab1" language="English" custom="readingOrder {index:0;}">
                    <Coords points="113,1580 164,1580 164,1608 113,1608"/>
                    <TextEquiv>
                        <Unicode>165</Unicode>
                    </TextEquiv>
                    <TextStyle fontFamily="Times New Roman" fontSize="10.5"/>
                </Word>
                <Word id="w_w2aab1b3b2c41b1b1b1" language="English" custom="readingOrder {index:1;}">
                    <Coords points="185,1580 309,1580 309,1615 185,1615"/>
                    <TextEquiv>
                        <Unicode>Scribe</Unicode>
                    </TextEquiv>
                    <TextStyle fontFamily="Times New Roman" fontSize="9.5" bold="true"/>
                </Word>
                <Word id="w_w2aab1b3b2c41b1b2b1" language="English" custom="readingOrder {index:2;}">
                    <Coords points="324,1579 437,1579 437,1615 324,1615"/>
                    <TextEquiv>
                        <Unicode>(Eug.),</Unicode>
                    </TextEquiv>
                    <TextStyle fontFamily="Times New Roman" fontSize="10.5"/>
                </Word>
                <Word id="w_w2aab1b3b2c41b1b2c17" language="English" custom="readingOrder {index:3;}">
                    <Coords points="449,1580 478,1580 478,1606 449,1606"/>
                    <TextEquiv>
                        <Unicode>le</Unicode>
                    </TextEquiv>
                    <TextStyle fontFamily="Times New Roman" fontSize="10.5"/>
                </Word>
                <Word id="w_w2aab1b3b2c41b1b2c23" language="English" custom="readingOrder {index:4;}">
                    <Coords points="495,1578 594,1578 594,1614 495,1614"/>
                    <TextEquiv>
                        <Unicode>grand</Unicode>
                    </TextEquiv>
                    <TextStyle fontFamily="Times New Roman" fontSize="10.5"/>
                </Word>
                <Word id="w_w2aab1b3b2c41b1b2c35" language="English" custom="readingOrder {index:5;}">
                    <Coords points="607,1578 842,1578 842,1614 607,1614"/>
                    <TextEquiv>
                        <Unicode>vaudevilliste,</Unicode>
                    </TextEquiv>
                    <TextStyle fontFamily="Times New Roman" fontSize="10.5"/>
                </Word>
                <Word id="w_w2aab1b3b2c41b1b2c65" language="English" custom="readingOrder {index:6;}">
                    <Coords points="855,1579 893,1579 893,1607 855,1607"/>
                    <TextEquiv>
                        <Unicode>de</Unicode>
                    </TextEquiv>
                    <TextStyle fontFamily="Times New Roman" fontSize="10.5"/>
                </Word>
                <Word id="w_w2aab1b3b2c41b1b2c71" language="English" custom="readingOrder {index:7;}">
                    <Coords points="909,1580 1097,1580 1097,1608 909,1608"/>
                    <TextEquiv>
                        <Unicode>l’Académie</Unicode>
                    </TextEquiv>
                    <TextStyle fontFamily="Times New Roman" fontSize="10.5"/>
                </Word>
                <Word id="w_w2aab1b3b2c41b1b2c93" language="English" custom="readingOrder {index:8;}">
                    <Coords points="1110,1579 1277,1579 1277,1608 1110,1608"/>
                    <TextEquiv>
                        <Unicode>française.</Unicode>
                    </TextEquiv>
                    <TextStyle fontFamily="Times New Roman" fontSize="10.5"/>
                </Word>
                <TextEquiv>
                    <Unicode>165 Scribe (Eug.), le grand vaudevilliste, de l’Académie française.</Unicode>
                </TextEquiv>
            </TextLine>
            <TextEquiv>
                <Unicode>165 Scribe (Eug.), le grand vaudevilliste, de l’Académie française.</Unicode>
            </TextEquiv>
        </TextRegion>
        <TextRegion type="paragraph" id="r_2_22" custom="readingOrder {index:22;}">
            <Coords points="182,1607 1278,1607 1278,1652 182,1652"/>
            <TextLine id="tl_45" primaryLanguage="English" custom="readingOrder {index:0;}">
                <Coords points="183,1608 1277,1608 1277,1651 183,1651"/>
                <Baseline points="183,1636 214,1636 260,1643 305,1643 365,1649 414,1641 540,1642 633,1648 665,1641 710,1641 789,1641 1195,1642 1225,1642 1277,1640"/>
                <Word id="w_w2aab1b3b2c43b1ab1" language="English" custom="readingOrder {index:0;}">
                    <Coords points="183,1632 214,1632 214,1636 183,1636"/>
                    <TextEquiv>
                        <Unicode>—</Unicode>
                    </TextEquiv>
                    <TextStyle fontFamily="Times New Roman" fontSize="10.5"/>
                </Word>
                <Word id="w_w2aab1b3b2c43b1ab5" language="English" custom="readingOrder {index:1;}">
                    <Coords points="227,1616 260,1616 260,1643 227,1643"/>
                    <TextEquiv>
                        <Unicode>L.</Unicode>
                    </TextEquiv>
                    <TextStyle fontFamily="Times New Roman" fontSize="10.5"/>
                </Word>
                <Word id="w_w2aab1b3b2c43b1ac11" language="English" custom="readingOrder {index:2;}">
                    <Coords points="278,1624 305,1624 305,1643 278,1643"/>
                    <TextEquiv>
                        <Unicode>a.</Unicode>
                    </TextEquiv>
                    <TextStyle fontFamily="Times New Roman" fontSize="10.5"/>
                </Word>
                <Word id="w_w2aab1b3b2c43b1ac17" language="English" custom="readingOrder {index:3;}">
                    <Coords points="323,1623 365,1623 365,1649 323,1649"/>
                    <TextEquiv>
                        <Unicode>s,;</Unicode>
                    </TextEquiv>
                    <TextStyle fontFamily="Times New Roman" fontSize="10.5"/>
                </Word>
                <Word id="w_w2aab1b3b2c43b1ac25" language="English" custom="readingOrder {index:4;}">
                    <Coords points="381,1615 414,1615 414,1641 381,1641"/>
                    <TextEquiv>
                        <Unicode>22</Unicode>
                    </TextEquiv>
                    <TextStyle fontFamily="Times New Roman" fontSize="10.5"/>
                </Word>
                <Word id="w_w2aab1b3b2c43b1ac31" language="English" custom="readingOrder {index:5;}">
                    <Coords points="426,1614 540,1614 540,1651 426,1651"/>
                    <TextEquiv>
                        <Unicode>juillet</Unicode>
                    </TextEquiv>
                    <TextStyle fontFamily="Times New Roman" fontSize="10.5"/>
                </Word>
                <Word id="w_w2aab1b3b2c43b1ac47" language="English" custom="readingOrder {index:6;}">
                    <Coords points="556,1614 633,1614 633,1648 556,1648"/>
                    <TextEquiv>
                        <Unicode>1846,</Unicode>
                    </TextEquiv>
                    <TextStyle fontFamily="Times New Roman" fontSize="10.5"/>
                </Word>
                <Word id="w_w2aab1b3b2c43b1ac59" language="English" custom="readingOrder {index:7;}">
                    <Coords points="649,1614 665,1614 665,1641 649,1641"/>
                    <TextEquiv>
                        <Unicode>3</Unicode>
                    </TextEquiv>
                    <TextStyle fontFamily="Times New Roman" fontSize="10.5"/>
                </Word>
                <Word id="w_w2aab1b3b2c43b1ac63" language="English" custom="readingOrder {index:8;}">
                    <Coords points="682,1622 710,1622 710,1650 682,1650"/>
                    <TextEquiv>
                        <Unicode>p.</Unicode>
                    </TextEquiv>
                    <TextStyle fontFamily="Times New Roman" fontSize="10.5"/>
                </Word>
                <Word id="w_w2aab1b3b2c43b1ac69" language="English" custom="readingOrder {index:9;}">
                    <Coords points="727,1608 803,1608 803,1642 727,1642"/>
                    <TextEquiv>
                        <Unicode>in-8.</Unicode>
                    </TextEquiv>
                    <TextStyle fontFamily="Times New Roman" fontSize="10.5"/>
                </Word>
                <Word id="w_w2aab1b3b2c43b1b2b3" language="English" custom="readingOrder {index:10;}">
                    <Coords points="1209,1615 1225,1615 1225,1642 1209,1642"/>
                    <TextEquiv>
                        <Unicode>9</Unicode>
                    </TextEquiv>
                    <TextStyle fontFamily="Times New Roman" fontSize="10.5"/>
                </Word>
                <Word id="w_w2aab1b3b2c43b1b2b7" language="English" custom="readingOrder {index:11;}">
                    <Coords points="1263,1626 1277,1626 1277,1640 1263,1640"/>
                    <TextEquiv>
                        <Unicode>»</Unicode>
                    </TextEquiv>
                    <TextStyle fontFamily="Times New Roman" fontSize="10.5"/>
                </Word>
                <TextEquiv>
                    <Unicode>— L. a. s.; 22 juillet 1846, 3 p. in-8. 9 »</Unicode>
                </TextEquiv>
            </TextLine>
            <TextEquiv>
                <Unicode>— L. a. s.; 22 juillet 1846, 3 p. in-8. 9 »</Unicode>
            </TextEquiv>
        </TextRegion>
        <TextRegion type="paragraph" id="r_2_23" custom="readingOrder {index:23;}">
            <Coords points="185,1649 1280,1649 1280,1713 185,1713"/>
            <TextLine id="tl_46" primaryLanguage="English" custom="readingOrder {index:0;}">
                <Coords points="219,1650 1279,1650 1279,1682 219,1682"/>
                <Baseline points="219,1675 293,1675 393,1674 541,1674 577,1674 634,1674 837,1674 919,1675 1040,1675 1069,1675 1154,1674 1235,1675 1279,1675"/>
                <Word id="w_w2aab1b3b2c45b1ab1" language="English" custom="readingOrder {index:0;}">
                    <Coords points="219,1652 293,1652 293,1675 219,1675"/>
                    <TextEquiv>
                        <Unicode>Belle</Unicode>
                    </TextEquiv>
                    <TextStyle fontFamily="Times New Roman" fontSize="9.0"/>
                </Word>
                <Word id="w_w2aab1b3b2c45b1ac13" language="English" custom="readingOrder {index:1;}">
                    <Coords points="315,1651 393,1651 393,1675 315,1675"/>
                    <TextEquiv>
                        <Unicode>lettre</Unicode>
                    </TextEquiv>
                    <TextStyle fontFamily="Times New Roman" fontSize="9.0"/>
                </Word>
                <Word id="w_w2aab1b3b2c45b1ac27" language="English" custom="readingOrder {index:2;}">
                    <Coords points="414,1650 541,1650 541,1674 414,1674"/>
                    <TextEquiv>
                        <Unicode>adressée</Unicode>
                    </TextEquiv>
                    <TextStyle fontFamily="Times New Roman" fontSize="9.0"/>
                </Word>
                <Word id="w_w2aab1b3b2c45b1ac45" language="English" custom="readingOrder {index:3;}">
                    <Coords points="562,1651 577,1651 577,1674 562,1674"/>
                    <TextEquiv>
                        <Unicode>à</Unicode>
                    </TextEquiv>
                    <TextStyle fontFamily="Times New Roman" fontSize="9.0"/>
                </Word>
                <Word id="w_w2aab1b3b2c45b1ac49" language="English" custom="readingOrder {index:4;}">
                    <Coords points="599,1657 634,1657 634,1674 599,1674"/>
                    <TextEquiv>
                        <Unicode>un</Unicode>
                    </TextEquiv>
                    <TextStyle fontFamily="Times New Roman" fontSize="9.0"/>
                </Word>
                <Word id="w_w2aab1b3b2c45b1ac55" language="English" custom="readingOrder {index:5;}">
                    <Coords points="652,1650 837,1650 837,1681 652,1681"/>
                    <TextEquiv>
                        <Unicode>compositeur</Unicode>
                    </TextEquiv>
                    <TextStyle fontFamily="Times New Roman" fontSize="9.0"/>
                </Word>
                <Word id="w_w2aab1b3b2c45b1ac79" language="English" custom="readingOrder {index:6;}">
                    <Coords points="854,1650 919,1650 919,1682 854,1682"/>
                    <TextEquiv>
                        <Unicode>qu’il</Unicode>
                    </TextEquiv>
                    <TextStyle fontFamily="Times New Roman" fontSize="9.0"/>
                </Word>
                <Word id="w_w2aab1b3b2c45b1ac91" language="English" custom="readingOrder {index:7;}">
                    <Coords points="936,1652 1040,1652 1040,1682 936,1682"/>
                    <TextEquiv>
                        <Unicode>appelle</Unicode>
                    </TextEquiv>
                    <TextStyle fontFamily="Times New Roman" fontSize="9.0"/>
                </Word>
                <Word id="w_w2aab1b3b2c45b1ad107" language="English" custom="readingOrder {index:8;}">
                    <Coords points="1058,1659 1069,1659 1069,1675 1058,1675"/>
                    <TextEquiv>
                        <Unicode>«</Unicode>
                    </TextEquiv>
                    <TextStyle fontFamily="Times New Roman" fontSize="9.0"/>
                </Word>
                <Word id="w_w2aab1b3b2c45b1ad111" language="English" custom="readingOrder {index:9;}">
                    <Coords points="1089,1657 1154,1657 1154,1675 1089,1675"/>
                    <TextEquiv>
                        <Unicode>mon</Unicode>
                    </TextEquiv>
                    <TextStyle fontFamily="Times New Roman" fontSize="9.0"/>
                </Word>
                <Word id="w_w2aab1b3b2c45b1ad119" language="English" custom="readingOrder {index:10;}">
                    <Coords points="1171,1651 1235,1651 1235,1675 1171,1675"/>
                    <TextEquiv>
                        <Unicode>cher</Unicode>
                    </TextEquiv>
                    <TextStyle fontFamily="Times New Roman" fontSize="9.0"/>
                </Word>
                <Word id="w_w2aab1b3b2c45b1ad129" language="English" custom="readingOrder {index:11;}">
                    <Coords points="1252,1654 1279,1654 1279,1676 1252,1676"/>
                    <TextEquiv>
                        <Unicode>et</Unicode>
                    </TextEquiv>
                    <TextStyle fontFamily="Times New Roman" fontSize="9.0"/>
                </Word>
                <TextEquiv>
                    <Unicode>Belle lettre adressée à un compositeur qu’il appelle « mon cher et</Unicode>
                </TextEquiv>
                <TextStyle fontFamily="Times New Roman" fontSize="9.0"/>
            </TextLine>
            <TextLine id="tl_47" primaryLanguage="English" custom="readingOrder {index:1;}">
                <Coords points="186,1681 943,1681 943,1712 186,1712"/>
                <Baseline points="186,1707 291,1706 406,1705 446,1711 534,1705 590,1705 737,1705 791,1705 943,1706"/>
                <Word id="w_w2aab1b3b2c45b3ab1" language="English" custom="readingOrder {index:0;}">
                    <Coords points="186,1683 291,1683 291,1707 186,1707"/>
                    <TextEquiv>
                        <Unicode>illustre</Unicode>
                    </TextEquiv>
                    <TextStyle fontFamily="Times New Roman" fontSize="9.0"/>
                </Word>
                <Word id="w_w2aab1b3b2c45b3ac19" language="English" custom="readingOrder {index:1;}">
                    <Coords points="308,1684 406,1684 406,1706 308,1706"/>
                    <TextEquiv>
                        <Unicode>maître</Unicode>
                    </TextEquiv>
                    <TextStyle fontFamily="Times New Roman" fontSize="9.0"/>
                </Word>
                <Word id="w_w2aab1b3b2c45b3ac33" language="English" custom="readingOrder {index:2;}">
                    <Coords points="424,1690 446,1690 446,1711 424,1711"/>
                    <TextEquiv>
                        <Unicode>»,</Unicode>
                    </TextEquiv>
                    <TextStyle fontFamily="Times New Roman" fontSize="9.0"/>
                </Word>
                <Word id="w_w2aab1b3b2c45b3ac39" language="English" custom="readingOrder {index:3;}">
                    <Coords points="466,1688 534,1688 534,1712 466,1712"/>
                    <TextEquiv>
                        <Unicode>pour</Unicode>
                    </TextEquiv>
                    <TextStyle fontFamily="Times New Roman" fontSize="9.0"/>
                </Word>
                <Word id="w_w2aab1b3b2c45b3ac49" language="English" custom="readingOrder {index:4;}">
                    <Coords points="551,1681 590,1681 590,1706 551,1706"/>
                    <TextEquiv>
                        <Unicode>lui</Unicode>
                    </TextEquiv>
                    <TextStyle fontFamily="Times New Roman" fontSize="9.0"/>
                </Word>
                <Word id="w_w2aab1b3b2c45b3ac57" language="English" custom="readingOrder {index:5;}">
                    <Coords points="607,1688 737,1688 737,1712 607,1712"/>
                    <TextEquiv>
                        <Unicode>proposer</Unicode>
                    </TextEquiv>
                    <TextStyle fontFamily="Times New Roman" fontSize="9.0"/>
                </Word>
                <Word id="w_w2aab1b3b2c45b3ac75" language="English" custom="readingOrder {index:6;}">
                    <Coords points="754,1689 791,1689 791,1705 754,1705"/>
                    <TextEquiv>
                        <Unicode>un</Unicode>
                    </TextEquiv>
                    <TextStyle fontFamily="Times New Roman" fontSize="9.0"/>
                </Word>
                <Word id="w_w2aab1b3b2c45b3ac81" language="English" custom="readingOrder {index:7;}">
                    <Coords points="809,1682 943,1682 943,1707 809,1707"/>
                    <TextEquiv>
                        <Unicode>scénario.</Unicode>
                    </TextEquiv>
                    <TextStyle fontFamily="Times New Roman" fontSize="9.0"/>
                </Word>
                <TextEquiv>
                    <Unicode>illustre maître », pour lui proposer un scénario.</Unicode>
                </TextEquiv>
                <TextStyle fontFamily="Times New Roman" fontSize="9.0"/>
            </TextLine>
            <TextEquiv>
                <Unicode>Belle lettre adressée à un compositeur qu’il appelle « mon cher et
illustre maître », pour lui proposer un scénario.</Unicode>
            </TextEquiv>
        </TextRegion>
        <TextRegion type="paragraph" id="r_2_24" custom="readingOrder {index:24;}">
            <Coords points="112,1711 1279,1711 1279,1751 112,1751"/>
            <TextLine id="tl_48" primaryLanguage="English" custom="readingOrder {index:0;}">
                <Coords points="113,1712 1278,1712 1278,1750 113,1750"/>
                <Baseline points="113,1742 125,1742 207,1741 582,1746 804,1740 871,1741 1007,1747 1216,1741 1278,1741"/>
                <Word id="w_w2aab1b3b2c47b1ab1" language="English" custom="readingOrder {index:0;}">
                    <Coords points="113,1715 164,1715 164,1742 113,1742"/>
                    <TextEquiv>
                        <Unicode>166</Unicode>
                    </TextEquiv>
                    <TextStyle fontFamily="Times New Roman" fontSize="10.5"/>
                </Word>
                <Word id="w_w2aab1b3b2c47b1b1b1" language="English" custom="readingOrder {index:1;}">
                    <Coords points="184,1713 313,1713 313,1750 184,1750"/>
                    <TextEquiv>
                        <Unicode>Sibour</Unicode>
                    </TextEquiv>
                    <TextStyle fontFamily="Times New Roman" fontSize="9.5" bold="true"/>
                </Word>
                <Word id="w_w2aab1b3b2c47b1b2b1" language="English" custom="readingOrder {index:2;}">
                    <Coords points="342,1713 582,1713 582,1750 342,1750"/>
                    <TextEquiv>
                        <Unicode>(M.-D.-Aug.),</Unicode>
                    </TextEquiv>
                    <TextStyle fontFamily="Times New Roman" fontSize="10.5"/>
                </Word>
                <Word id="w_w2aab1b3b2c47b1b2c29" language="English" custom="readingOrder {index:3;}">
                    <Coords points="608,1712 804,1712 804,1749 608,1749"/>
                    <TextEquiv>
                        <Unicode>archevêque</Unicode>
                    </TextEquiv>
                    <TextStyle fontFamily="Times New Roman" fontSize="10.5"/>
                </Word>
                <Word id="w_w2aab1b3b2c47b1b2c51" language="English" custom="readingOrder {index:4;}">
                    <Coords points="833,1713 871,1713 871,1741 833,1741"/>
                    <TextEquiv>
                        <Unicode>de</Unicode>
                    </TextEquiv>
                    <TextStyle fontFamily="Times New Roman" fontSize="10.5"/>
                </Word>
                <Word id="w_w2aab1b3b2c47b1b2c57" language="English" custom="readingOrder {index:5;}">
                    <Coords points="900,1714 1007,1714 1007,1747 900,1747"/>
                    <TextEquiv>
                        <Unicode>Paris,</Unicode>
                    </TextEquiv>
                    <TextStyle fontFamily="Times New Roman" fontSize="10.5"/>
                </Word>
                <Word id="w_w2aab1b3b2c47b1b2c71" language="English" custom="readingOrder {index:6;}">
                    <Coords points="1032,1721 1216,1721 1216,1742 1032,1742"/>
                    <TextEquiv>
                        <Unicode>successeur</Unicode>
                    </TextEquiv>
                    <TextStyle fontFamily="Times New Roman" fontSize="10.5"/>
                </Word>
                <Word id="w_w2aab1b3b2c47b1b2c93" language="English" custom="readingOrder {index:7;}">
                    <Coords points="1241,1713 1278,1713 1278,1741 1241,1741"/>
                    <TextEquiv>
                        <Unicode>de</Unicode>
                    </TextEquiv>
                    <TextStyle fontFamily="Times New Roman" fontSize="10.5"/>
                </Word>
                <TextEquiv>
                    <Unicode>166 Sibour (M.-D.-Aug.), archevêque de Paris, successeur de</Unicode>
                </TextEquiv>
            </TextLine>
            <TextEquiv>
                <Unicode>166 Sibour (M.-D.-Aug.), archevêque de Paris, successeur de</Unicode>
            </TextEquiv>
        </TextRegion>
        <TextRegion type="paragraph" id="r_2_25" custom="readingOrder {index:25;}">
            <Coords points="182,1747 1279,1747 1279,1858 182,1858"/>
            <TextLine id="tl_49" primaryLanguage="English" custom="readingOrder {index:0;}">
                <Coords points="184,1748 1278,1748 1278,1786 184,1786"/>
                <Baseline points="184,1777 412,1776 524,1782 578,1775 632,1776 728,1782 898,1777 970,1777 1084,1777 1233,1783 1278,1777"/>
                <Word id="w_w2aab1b3b2c49b1ab1" language="English" custom="readingOrder {index:0;}">
                    <Coords points="184,1750 412,1750 412,1786 184,1786"/>
                    <TextEquiv>
                        <Unicode>Monseigneur</Unicode>
                    </TextEquiv>
                    <TextStyle fontFamily="Times New Roman" fontSize="10.5"/>
                </Word>
                <Word id="w_w2aab1b3b2c49b1ac25" language="English" custom="readingOrder {index:1;}">
                    <Coords points="428,1748 524,1748 524,1782 428,1782"/>
                    <TextEquiv>
                        <Unicode>Afi're,</Unicode>
                    </TextEquiv>
                    <TextStyle fontFamily="Times New Roman" fontSize="10.5"/>
                </Word>
                <Word id="w_w2aab1b3b2c49b1ac41" language="English" custom="readingOrder {index:2;}">
                    <Coords points="541,1749 578,1749 578,1775 541,1775"/>
                    <TextEquiv>
                        <Unicode>né</Unicode>
                    </TextEquiv>
                    <TextStyle fontFamily="Times New Roman" fontSize="10.5"/>
                </Word>
                <Word id="w_w2aab1b3b2c49b1ac47" language="English" custom="readingOrder {index:3;}">
                    <Coords points="594,1756 632,1756 632,1776 594,1776"/>
                    <TextEquiv>
                        <Unicode>en</Unicode>
                    </TextEquiv>
                    <TextStyle fontFamily="Times New Roman" fontSize="10.5"/>
                </Word>
                <Word id="w_w2aab1b3b2c49b1ac53" language="English" custom="readingOrder {index:4;}">
                    <Coords points="649,1748 728,1748 728,1782 649,1782"/>
                    <TextEquiv>
                        <Unicode>1792,</Unicode>
                    </TextEquiv>
                    <TextStyle fontFamily="Times New Roman" fontSize="10.5"/>
                </Word>
                <Word id="w_w2aab1b3b2c49b1ac65" language="English" custom="readingOrder {index:5;}">
                    <Coords points="744,1749 898,1749 898,1777 744,1777"/>
                    <TextEquiv>
                        <Unicode>assassiné</Unicode>
                    </TextEquiv>
                    <TextStyle fontFamily="Times New Roman" fontSize="10.5"/>
                </Word>
                <Word id="w_w2aab1b3b2c49b1ac85" language="English" custom="readingOrder {index:6;}">
                    <Coords points="915,1758 970,1758 970,1785 915,1785"/>
                    <TextEquiv>
                        <Unicode>par</Unicode>
                    </TextEquiv>
                    <TextStyle fontFamily="Times New Roman" fontSize="10.5"/>
                </Word>
                <Word id="w_w2aab1b3b2c49b1ac93" language="English" custom="readingOrder {index:7;}">
                    <Coords points="986,1749 1084,1749 1084,1777 986,1777"/>
                    <TextEquiv>
                        <Unicode>l’abbé</Unicode>
                    </TextEquiv>
                    <TextStyle fontFamily="Times New Roman" fontSize="10.5"/>
                </Word>
                <Word id="w_w2aab1b3b2c49b1ad107" language="English" custom="readingOrder {index:8;}">
                    <Coords points="1101,1749 1233,1749 1233,1785 1101,1785"/>
                    <TextEquiv>
                        <Unicode>Verger,</Unicode>
                    </TextEquiv>
                    <TextStyle fontFamily="Times New Roman" fontSize="10.5"/>
                </Word>
                <Word id="w_w2aab1b3b2c49b1ad123" language="English" custom="readingOrder {index:9;}">
                    <Coords points="1249,1750 1278,1750 1278,1777 1249,1777"/>
                    <TextEquiv>
                        <Unicode>le</Unicode>
                    </TextEquiv>
                    <TextStyle fontFamily="Times New Roman" fontSize="10.5"/>
                </Word>
                <TextEquiv>
                    <Unicode>Monseigneur Affre, né en 1792, assassiné par l’abbé Verger, le</Unicode>
                </TextEquiv>
                <TextStyle fontFamily="Times New Roman" fontSize="10.5"/>
            </TextLine>
            <TextLine id="tl_50" primaryLanguage="English" custom="readingOrder {index:1;}">
                <Coords points="185,1784 1275,1784 1275,1821 185,1821"/>
                <Baseline points="185,1812 200,1812 345,1812 443,1812 485,1803 532,1812 577,1812 635,1819 758,1818 808,1812 909,1813 1014,1820 1081,1812 1133,1813 1178,1813 1275,1812"/>
                <Word id="w_w2aab1b3b2c49b3ab1" language="English" custom="readingOrder {index:0;}">
                    <Coords points="185,1785 200,1785 200,1812 185,1812"/>
                    <TextEquiv>
                        <Unicode>3</Unicode>
                    </TextEquiv>
                    <TextStyle fontFamily="Times New Roman" fontSize="10.5"/>
                </Word>
                <Word id="w_w2aab1b3b2c49b3ab5" language="English" custom="readingOrder {index:1;}">
                    <Coords points="216,1785 345,1785 345,1821 216,1821"/>
                    <TextEquiv>
                        <Unicode>janvier</Unicode>
                    </TextEquiv>
                    <TextStyle fontFamily="Times New Roman" fontSize="10.5"/>
                </Word>
                <Word id="w_w2aab1b3b2c49b3ac21" language="English" custom="readingOrder {index:2;}">
                    <Coords points="365,1784 443,1784 443,1812 365,1812"/>
                    <TextEquiv>
                        <Unicode>1857.</Unicode>
                    </TextEquiv>
                    <TextStyle fontFamily="Times New Roman" fontSize="10.5"/>
                </Word>
                <Word id="w_w2aab1b3b2c49b3ac33" language="English" custom="readingOrder {index:3;}">
                    <Coords points="455,1799 485,1799 485,1803 455,1803"/>
                    <TextEquiv>
                        <Unicode>—</Unicode>
                    </TextEquiv>
                    <TextStyle fontFamily="Times New Roman" fontSize="10.5"/>
                </Word>
                <Word id="w_w2aab1b3b2c49b3ac37" language="English" custom="readingOrder {index:4;}">
                    <Coords points="500,1784 532,1784 532,1812 500,1812"/>
                    <TextEquiv>
                        <Unicode>L.</Unicode>
                    </TextEquiv>
                    <TextStyle fontFamily="Times New Roman" fontSize="10.5"/>
                </Word>
                <Word id="w_w2aab1b3b2c49b3ac43" language="English" custom="readingOrder {index:5;}">
                    <Coords points="550,1793 577,1793 577,1812 550,1812"/>
                    <TextEquiv>
                        <Unicode>a.</Unicode>
                    </TextEquiv>
                    <TextStyle fontFamily="Times New Roman" fontSize="10.5"/>
                </Word>
                <Word id="w_w2aab1b3b2c49b3ac49" language="English" custom="readingOrder {index:6;}">
                    <Coords points="594,1792 635,1792 635,1819 594,1819"/>
                    <TextEquiv>
                        <Unicode>s.;</Unicode>
                    </TextEquiv>
                    <TextStyle fontFamily="Times New Roman" fontSize="10.5"/>
                </Word>
                <Word id="w_w2aab1b3b2c49b3ac57" language="English" custom="readingOrder {index:7;}">
                    <Coords points="653,1784 758,1784 758,1818 653,1818"/>
                    <TextEquiv>
                        <Unicode>Paris,</Unicode>
                    </TextEquiv>
                    <TextStyle fontFamily="Times New Roman" fontSize="10.5"/>
                </Word>
                <Word id="w_w2aab1b3b2c49b3ac71" language="English" custom="readingOrder {index:8;}">
                    <Coords points="777,1784 808,1784 808,1812 777,1812"/>
                    <TextEquiv>
                        <Unicode>19</Unicode>
                    </TextEquiv>
                    <TextStyle fontFamily="Times New Roman" fontSize="10.5"/>
                </Word>
                <Word id="w_w2aab1b3b2c49b3ac77" language="English" custom="readingOrder {index:9;}">
                    <Coords points="828,1785 909,1785 909,1813 828,1813"/>
                    <TextEquiv>
                        <Unicode>avril</Unicode>
                    </TextEquiv>
                    <TextStyle fontFamily="Times New Roman" fontSize="10.5"/>
                </Word>
                <Word id="w_w2aab1b3b2c49b3ac89" language="English" custom="readingOrder {index:10;}">
                    <Coords points="931,1785 1014,1785 1014,1820 931,1820"/>
                    <TextEquiv>
                        <Unicode>1852,</Unicode>
                    </TextEquiv>
                    <TextStyle fontFamily="Times New Roman" fontSize="10.5"/>
                </Word>
                <Word id="w_w2aab1b3b2c49b3ad101" language="English" custom="readingOrder {index:11;}">
                    <Coords points="1030,1785 1081,1785 1081,1820 1030,1820"/>
                    <TextEquiv>
                        <Unicode>3/4</Unicode>
                    </TextEquiv>
                    <TextStyle fontFamily="Times New Roman" fontSize="10.5"/>
                </Word>
                <Word id="w_w2aab1b3b2c49b3ad109" language="English" custom="readingOrder {index:12;}">
                    <Coords points="1096,1786 1133,1786 1133,1813 1096,1813"/>
                    <TextEquiv>
                        <Unicode>de</Unicode>
                    </TextEquiv>
                    <TextStyle fontFamily="Times New Roman" fontSize="10.5"/>
                </Word>
                <Word id="w_w2aab1b3b2c49b3ad115" language="English" custom="readingOrder {index:13;}">
                    <Coords points="1150,1793 1178,1793 1178,1821 1150,1821"/>
                    <TextEquiv>
                        <Unicode>p.</Unicode>
                    </TextEquiv>
                    <TextStyle fontFamily="Times New Roman" fontSize="10.5"/>
                </Word>
                <Word id="w_w2aab1b3b2c49b3ad121" language="English" custom="readingOrder {index:14;}">
                    <Coords points="1195,1785 1275,1785 1275,1812 1195,1812"/>
                    <TextEquiv>
                        <Unicode>in-8.</Unicode>
                    </TextEquiv>
                    <TextStyle fontFamily="Times New Roman" fontSize="10.5"/>
                </Word>
                <TextEquiv>
                    <Unicode>3 janvier 1857. — L. a. s.; Paris, 19 avril 1852, 3/4 de p. in-8.</Unicode>
                </TextEquiv>
                <TextStyle fontFamily="Times New Roman" fontSize="10.5"/>
            </TextLine>
            <TextLine id="tl_51" primaryLanguage="English" custom="readingOrder {index:2;}">
                <Coords points="183,1821 1278,1821 1278,1857 183,1857"/>
                <Baseline points="183,1849 266,1849 383,1848 1225,1847 1278,1847"/>
                <Word id="w_w2aab1b3b2c49b5ab1" language="English" custom="readingOrder {index:0;}">
                    <Coords points="183,1821 266,1821 266,1849 183,1849"/>
                    <TextEquiv>
                        <Unicode>Jolie</Unicode>
                    </TextEquiv>
                    <TextStyle fontFamily="Times New Roman" fontSize="10.5"/>
                </Word>
                <Word id="w_w2aab1b3b2c49b5ac13" language="English" custom="readingOrder {index:1;}">
                    <Coords points="283,1821 383,1821 383,1857 283,1857"/>
                    <TextEquiv>
                        <Unicode>pièce.</Unicode>
                    </TextEquiv>
                    <TextStyle fontFamily="Times New Roman" fontSize="10.5"/>
                </Word>
                <Word id="w_w2aab1b3b2c49b5ac27" language="English" custom="readingOrder {index:2;}">
                    <Coords points="1209,1821 1225,1821 1225,1847 1209,1847"/>
                    <TextEquiv>
                        <Unicode>8</Unicode>
                    </TextEquiv>
                    <TextStyle fontFamily="Times New Roman" fontSize="10.5"/>
                </Word>
                <Word id="w_w2aab1b3b2c49b5ac31" language="English" custom="readingOrder {index:3;}">
                    <Coords points="1263,1831 1278,1831 1278,1847 1263,1847"/>
                    <TextEquiv>
                        <Unicode>»</Unicode>
                    </TextEquiv>
                    <TextStyle fontFamily="Times New Roman" fontSize="10.5"/>
                </Word>
                <TextEquiv>
                    <Unicode>Jolie pièce. 8 »</Unicode>
                </TextEquiv>
                <TextStyle fontFamily="Times New Roman" fontSize="10.5"/>
            </TextLine>
            <TextEquiv>
                <Unicode>Monseigneur Affre, né en 1792, assassiné par l’abbé Verger, le
3 janvier 1857. — L. a. s.; Paris, 19 avril 1852, 3/4 de p. in-8.
Jolie pièce. 8 »</Unicode>
            </TextEquiv>
        </TextRegion>
        <TextRegion type="paragraph" id="r_2_26" custom="readingOrder {index:26;}">
            <Coords points="113,1853 1280,1853 1282,1958 115,1958"/>
            <TextLine id="tl_52" primaryLanguage="English" custom="readingOrder {index:0;}">
                <Coords points="114,1854 1279,1854 1279,1890 114,1890"/>
                <Baseline points="114,1885 126,1885 210,1884 470,1889 624,1882 772,1889 839,1883 985,1884 1054,1884 1100,1877 1148,1884 1206,1884 1279,1890"/>
                <Word id="w_w2aab1b3b2c51b1ab1" language="English" custom="readingOrder {index:0;}">
                    <Coords points="114,1857 163,1857 163,1885 114,1885"/>
                    <TextEquiv>
                        <Unicode>167</Unicode>
                    </TextEquiv>
                    <TextStyle fontFamily="Times New Roman" fontSize="10.5"/>
                </Word>
                <Word id="w_w2aab1b3b2c51b1b1b1" language="English" custom="readingOrder {index:1;}">
                    <Coords points="186,1857 309,1857 309,1890 186,1890"/>
                    <TextEquiv>
                        <Unicode>Simon</Unicode>
                    </TextEquiv>
                    <TextStyle fontFamily="Times New Roman" fontSize="9.5" bold="true"/>
                </Word>
                <Word id="w_w2aab1b3b2c51b1b2b1" language="English" custom="readingOrder {index:2;}">
                    <Coords points="337,1856 470,1856 470,1890 337,1890"/>
                    <TextEquiv>
                        <Unicode>(Jules),</Unicode>
                    </TextEquiv>
                    <TextStyle fontFamily="Times New Roman" fontSize="10.5"/>
                </Word>
                <Word id="w_w2aab1b3b2c51b1b2c19" language="English" custom="readingOrder {index:3;}">
                    <Coords points="500,1855 624,1855 624,1883 500,1883"/>
                    <TextEquiv>
                        <Unicode>homme</Unicode>
                    </TextEquiv>
                    <TextStyle fontFamily="Times New Roman" fontSize="10.5"/>
                </Word>
                <Word id="w_w2aab1b3b2c51b1b2c31" language="English" custom="readingOrder {index:4;}">
                    <Coords points="654,1854 772,1854 772,1889 654,1889"/>
                    <TextEquiv>
                        <Unicode>d’Etat,</Unicode>
                    </TextEquiv>
                    <TextStyle fontFamily="Times New Roman" fontSize="10.5"/>
                </Word>
                <Word id="w_w2aab1b3b2c51b1b2c47" language="English" custom="readingOrder {index:5;}">
                    <Coords points="803,1855 839,1855 839,1883 803,1883"/>
                    <TextEquiv>
                        <Unicode>de</Unicode>
                    </TextEquiv>
                    <TextStyle fontFamily="Times New Roman" fontSize="10.5"/>
                </Word>
                <Word id="w_w2aab1b3b2c51b1b2c53" language="English" custom="readingOrder {index:6;}">
                    <Coords points="869,1856 985,1856 985,1884 869,1884"/>
                    <TextEquiv>
                        <Unicode>l’Acad.</Unicode>
                    </TextEquiv>
                    <TextStyle fontFamily="Times New Roman" fontSize="10.5"/>
                </Word>
                <Word id="w_w2aab1b3b2c51b1b2c69" language="English" custom="readingOrder {index:7;}">
                    <Coords points="1015,1857 1054,1857 1054,1884 1015,1884"/>
                    <TextEquiv>
                        <Unicode>fr.</Unicode>
                    </TextEquiv>
                    <TextStyle fontFamily="Times New Roman" fontSize="10.5"/>
                </Word>
                <Word id="w_w2aab1b3b2c51b1b2c77" language="English" custom="readingOrder {index:8;}">
                    <Coords points="1066,1872 1100,1872 1100,1877 1066,1877"/>
                    <TextEquiv>
                        <Unicode>—</Unicode>
                    </TextEquiv>
                    <TextStyle fontFamily="Times New Roman" fontSize="10.5"/>
                </Word>
                <Word id="w_w2aab1b3b2c51b1b2c81" language="English" custom="readingOrder {index:9;}">
                    <Coords points="1115,1856 1148,1856 1148,1884 1115,1884"/>
                    <TextEquiv>
                        <Unicode>L.</Unicode>
                    </TextEquiv>
                    <TextStyle fontFamily="Times New Roman" fontSize="10.5"/>
                </Word>
                <Word id="w_w2aab1b3b2c51b1b2c87" language="English" custom="readingOrder {index:10;}">
                    <Coords points="1179,1864 1206,1864 1206,1884 1179,1884"/>
                    <TextEquiv>
                        <Unicode>a.</Unicode>
                    </TextEquiv>
                    <TextStyle fontFamily="Times New Roman" fontSize="10.5"/>
                </Word>
                <Word id="w_w2aab1b3b2c51b1b2c93" language="English" custom="readingOrder {index:11;}">
                    <Coords points="1236,1865 1279,1865 1279,1890 1236,1890"/>
                    <TextEquiv>
                        <Unicode>s.,</Unicode>
                    </TextEquiv>
                    <TextStyle fontFamily="Times New Roman" fontSize="10.5"/>
                </Word>
                <TextEquiv>
                    <Unicode>167 Simon (Jules), homme d’Etat, de l’Acad. fr. — L. a. s.,</Unicode>
                </TextEquiv>
            </TextLine>
            <TextLine id="line_1542138707364_2261" custom="readingOrder {index:1;}">
                <Coords points="186,1891 414,1888 428,1891 483,1892 503,1888 814,1888 829,1892 846,1888 1198,1888 1225,1893 1240,1888 1270,1891 1276,1926 1243,1931 1216,1932 1205,1928 848,1929 826,1937 801,1928 510,1926 488,1934 420,1932 404,1926 187,1926"/>
                <Baseline points="186,1922 404,1922 420,1928 486,1930 508,1922 801,1924 825,1933 846,1925 1205,1924 1216,1928 1242,1927 1274,1922"/>
                <Word id="word_1542138930670_2325" custom="readingOrder {index:0;}">
                    <Coords points="218,1919 186,1919 186,1891 218,1891"/>
                    <TextEquiv>
                        <Unicode></Unicode>
                    </TextEquiv>
                </Word>
                <Word id="word_1542138934622_2328" custom="readingOrder {index:1;}">
                    <Coords points="322,1921 239,1921 239,1891 322,1891"/>
                    <TextEquiv>
                        <Unicode></Unicode>
                    </TextEquiv>
                </Word>
                <Word id="word_1542138939362_2331" custom="readingOrder {index:2;}">
                    <Coords points="409,1918 339,1918 339,1891 409,1891"/>
                    <TextEquiv>
                        <Unicode></Unicode>
                    </TextEquiv>
                </Word>
                <Word id="word_1542138941790_2334" custom="readingOrder {index:3;}">
                    <Coords points="415,1912 428,1912 428,1927 415,1927"/>
                    <TextEquiv>
                        <Unicode></Unicode>
                    </TextEquiv>
                </Word>
                <Word id="word_1542138946264_2337" custom="readingOrder {index:4;}">
                    <Coords points="465,1918 442,1918 442,1891 465,1891"/>
                    <TextEquiv>
                        <Unicode></Unicode>
                    </TextEquiv>
                </Word>
                <Word id="word_1542138967425_2345" custom="readingOrder {index:5;}">
                    <Coords points="478,1898 510,1898 510,1927 478,1927"/>
                    <TextEquiv>
                        <Unicode></Unicode>
                    </TextEquiv>
                </Word>
                <Word id="word_1542138988607_2350" custom="readingOrder {index:6;}">
                    <Coords points="525,1920 602,1920 602,1890 525,1890"/>
                    <TextEquiv>
                        <Unicode></Unicode>
                    </TextEquiv>
                </Word>
                <Word id="word_1542138992660_2353" custom="readingOrder {index:7;}">
                    <Coords points="618,1889 726,1889 726,1920 618,1920"/>
                    <TextEquiv>
                        <Unicode></Unicode>
                    </TextEquiv>
                </Word>
                <Word id="word_1542138996832_2356" custom="readingOrder {index:8;}">
                    <Coords points="744,1919 802,1919 802,1890 744,1890"/>
                    <TextEquiv>
                        <Unicode></Unicode>
                    </TextEquiv>
                </Word>
                <Word id="word_1542139007652_2360" custom="readingOrder {index:9;}">
                    <Coords points="820,1891 894,1891 894,1928 820,1928"/>
                    <TextEquiv>
                        <Unicode></Unicode>
                    </TextEquiv>
                </Word>
                <Word id="word_1542139012265_2363" custom="readingOrder {index:10;}">
                    <Coords points="913,1891 1075,1891 1075,1921 913,1921"/>
                    <TextEquiv>
                        <Unicode></Unicode>
                    </TextEquiv>
                </Word>
                <Word id="word_1542139032605_2368" custom="readingOrder {index:11;}">
                    <Coords points="1092,1897 1152,1897 1152,1921 1092,1921"/>
                    <TextEquiv>
                        <Unicode></Unicode>
                    </TextEquiv>
                </Word>
                <Word id="word_1542139035270_2371" custom="readingOrder {index:12;}">
                    <Coords points="1167,1891 1200,1891 1200,1921 1167,1921"/>
                    <TextEquiv>
                        <Unicode></Unicode>
                    </TextEquiv>
                </Word>
                <Word id="word_1542139039696_2374" custom="readingOrder {index:13;}">
                    <Coords points="1215,1890 1282,1890 1282,1927 1215,1927"/>
                    <TextEquiv>
                        <Unicode></Unicode>
                    </TextEquiv>
                </Word>
                <TextEquiv>
                    <Unicode>18 avril 1870, 3 p. in-8. Lettre des plus curieuses sur le plé¬</Unicode>
                </TextEquiv>
            </TextLine>
            <TextLine id="line_1542138805534_2288" custom="readingOrder {index:2;}">
                <Coords points="190,1927 1280,1925 1280,1963 190,1960"/>
                <Baseline points="190,1955 1280,1958"/>
                <Word id="word_1542138813704_2293" custom="readingOrder {index:0;}">
                    <Coords points="318,1926 188,1926 188,1958 318,1958"/>
                    <TextEquiv>
                        <Unicode></Unicode>
                    </TextEquiv>
                </Word>
                <Word id="word_1542138877188_2305" custom="readingOrder {index:1;}">
                    <Coords points="1194,1954 1228,1954 1228,1927 1194,1927"/>
                    <TextEquiv>
                        <Unicode></Unicode>
                    </TextEquiv>
                </Word>
                <Word id="word_1542138880359_2308" custom="readingOrder {index:2;}">
                    <Coords points="1262,1935 1279,1935 1280,1955 1263,1955"/>
                    <TextEquiv>
                        <Unicode></Unicode>
                    </TextEquiv>
                </Word>
                <TextEquiv>
                    <Unicode>biscite 10 »</Unicode>
                </TextEquiv>
            </TextLine>
            <TextEquiv>
                <Unicode>167 Simon (Jules), homme d’Etat, de l’Acad. fr. — L. a. s.,
18 avril 1870, 3 p. in-8. Lettre des plus curieuses sur le plé¬
biscite 10 »</Unicode>
            </TextEquiv>
        </TextRegion>
        <TextRegion id="region_1542140128332_2727" custom="readingOrder {index:27;}">
            <Coords points="115,1962 1285,1962 1285,2034 115,2034"/>
            <TextLine id="line_1542140156413_2730" custom="readingOrder {index:0;}">
                <Coords points="119,1960 330,1960 371,1960 602,1962 637,1956 727,1959 752,1958 835,1955 872,1953 887,1958 901,1964 1283,1961 1283,1997 906,1998 883,2008 869,1999 776,2001 753,2008 713,1998 597,1999 562,2005 324,2006 306,1999 117,1999"/>
                <Baseline points="117,1994 307,1994 325,2001 562,2000 597,1994 714,1993 753,2003 775,1996 870,1994 883,2003 905,1993 1279,1994"/>
                <Word id="word_1542140237033_2749" custom="readingOrder {index:0;}">
                    <Coords points="167,1994 119,1994 119,1962 167,1962"/>
                    <TextEquiv>
                        <Unicode></Unicode>
                    </TextEquiv>
                </Word>
                <Word id="word_1542140241836_2752" custom="readingOrder {index:1;}">
                    <Coords points="184,1963 338,1963 338,2000 184,2000"/>
                    <TextEquiv>
                        <Unicode></Unicode>
                    </TextEquiv>
                </Word>
                <Word id="word_1542140246034_2755" custom="readingOrder {index:2;}">
                    <Coords points="363,1962 547,1962 547,2000 363,2000"/>
                    <TextEquiv>
                        <Unicode></Unicode>
                    </TextEquiv>
                </Word>
                <Word id="word_1542140248005_2758" custom="readingOrder {index:3;}">
                    <Coords points="556,1979 562,1979 562,1992 556,1992"/>
                    <TextEquiv>
                        <Unicode></Unicode>
                    </TextEquiv>
                </Word>
                <Word id="word_1542140252138_2761" custom="readingOrder {index:4;}">
                    <Coords points="594,1957 715,1957 715,1990 594,1990"/>
                    <TextEquiv>
                        <Unicode></Unicode>
                    </TextEquiv>
                </Word>
                <Word id="word_1542140256655_2764" custom="readingOrder {index:5;}">
                    <Coords points="745,1963 837,1963 837,1997 745,1997"/>
                    <TextEquiv>
                        <Unicode></Unicode>
                    </TextEquiv>
                </Word>
                <Word id="word_1542140263560_2767" custom="readingOrder {index:6;}">
                    <Coords points="860,1960 1024,1960 1024,2001 860,2001"/>
                    <TextEquiv>
                        <Unicode></Unicode>
                    </TextEquiv>
                </Word>
                <Word id="word_1542140265861_2770" custom="readingOrder {index:7;}">
                    <Coords points="1035,1977 1074,1977 1074,1988 1035,1988"/>
                    <TextEquiv>
                        <Unicode></Unicode>
                    </TextEquiv>
                </Word>
                <Word id="word_1542140270282_2773" custom="readingOrder {index:8;}">
                    <Coords points="1085,1962 1120,1962 1120,1992 1085,1992"/>
                    <TextEquiv>
                        <Unicode></Unicode>
                    </TextEquiv>
                </Word>
                <Word id="word_1542140275358_2776" custom="readingOrder {index:9;}">
                    <Coords points="1150,1968 1176,1968 1176,1992 1150,1992"/>
                    <TextEquiv>
                        <Unicode></Unicode>
                    </TextEquiv>
                </Word>
                <Word id="word_1542140278539_2779" custom="readingOrder {index:10;}">
                    <Coords points="1206,1968 1232,1968 1232,1992 1206,1992"/>
                    <TextEquiv>
                        <Unicode></Unicode>
                    </TextEquiv>
                </Word>
                <Word id="word_1542140281987_2782" custom="readingOrder {index:11;}">
                    <Coords points="1261,1962 1280,1962 1280,1992 1261,1992"/>
                    <TextEquiv>
                        <Unicode></Unicode>
                    </TextEquiv>
                </Word>
                <TextEquiv>
                    <Unicode>Soulary (Joséphin), célèbre poète lyonnais. — L. a. s.</Unicode>
                </TextEquiv>
            </TextLine>
            <TextLine id="line_1542140171280_2735" custom="readingOrder {index:1;}">
                <Coords points="187,1993 1283,1996 1284,2035 186,2034"/>
                <Baseline points="186,2029 1279,2030"/>
                <Word id="word_1542140298288_2787" custom="readingOrder {index:0;}">
                    <Coords points="1263,2003 1279,2003 1279,2025 1263,2025"/>
                    <TextEquiv>
                        <Unicode></Unicode>
                    </TextEquiv>
                </Word>
                <Word id="word_1542140301116_2790" custom="readingOrder {index:1;}">
                    <Coords points="1192,1996 1229,1996 1229,2026 1192,2026"/>
                    <TextEquiv>
                        <Unicode></Unicode>
                    </TextEquiv>
                </Word>
                <Word id="word_1542140312994_2796" custom="readingOrder {index:2;}">
                    <Coords points="228,2028 187,2028 187,1999 228,1999"/>
                    <TextEquiv>
                        <Unicode></Unicode>
                    </TextEquiv>
                </Word>
                <Word id="word_1542140315720_2799" custom="readingOrder {index:3;}">
                    <Coords points="245,1998 281,1998 281,2029 245,2029"/>
                    <TextEquiv>
                        <Unicode></Unicode>
                    </TextEquiv>
                </Word>
                <Word id="word_1542140320344_2802" custom="readingOrder {index:4;}">
                    <Coords points="296,1998 455,1998 455,2034 296,2034"/>
                    <TextEquiv>
                        <Unicode></Unicode>
                    </TextEquiv>
                </Word>
                <Word id="word_1542140323576_2805" custom="readingOrder {index:5;}">
                    <Coords points="472,2034 551,2034 552,1997 473,1997"/>
                    <TextEquiv>
                        <Unicode></Unicode>
                    </TextEquiv>
                </Word>
                <Word id="word_1542140399045_2825" custom="readingOrder {index:6;}">
                    <Coords points="568,1994 586,1994 586,2026 568,2026"/>
                    <TextEquiv>
                        <Unicode></Unicode>
                    </TextEquiv>
                </Word>
                <Word id="word_1542140401760_2828" custom="readingOrder {index:7;}">
                    <Coords points="597,2003 629,2003 629,2035 597,2035"/>
                    <TextEquiv>
                        <Unicode></Unicode>
                    </TextEquiv>
                </Word>
                <Word id="word_1542140405669_2831" custom="readingOrder {index:8;}">
                    <Coords points="642,1994 728,1994 728,2030 642,2030"/>
                    <TextEquiv>
                        <Unicode></Unicode>
                    </TextEquiv>
                </Word>
                <TextEquiv>
                    <Unicode>M. A. Feuillet; 1859, 2 p. in-8. 10 »</Unicode>
                </TextEquiv>
            </TextLine>
            <TextEquiv>
                <Unicode>Soulary (Joséphin), célèbre poète lyonnais. — L. a. s.
M. A. Feuillet; 1859, 2 p. in-8. 10 »</Unicode>
            </TextEquiv>
        </TextRegion>
        <SeparatorRegion id="r_7" custom="readingOrder {index:28;}">
            <Coords points="108,2051 1275,2051 1275,2058 108,2058"/>
        </SeparatorRegion>
        <SeparatorRegion id="r_8" custom="readingOrder {index:29;}">
            <Coords points="516,1051 583,1051 583,1057 516,1057"/>
        </SeparatorRegion>
        <TextRegion id="region_1542140180545_2740" custom="readingOrder {index:30;}">
            <Coords points="306,2086 1098,2086 1098,2056 306,2056"/>
            <TextLine id="line_1542140187636_2743" custom="readingOrder {index:0;}">
                <Coords points="307,2056 1094,2059 1094,2091 307,2088"/>
                <Baseline points="307,2083 1094,2086"/>
                <Word id="word_1542140533649_2857" custom="readingOrder {index:0;}">
                    <Coords points="402,2084 308,2084 308,2061 402,2061"/>
                    <TextEquiv>
                        <Unicode></Unicode>
                    </TextEquiv>
                </Word>
                <Word id="word_1542140535881_2860" custom="readingOrder {index:1;}">
                    <Coords points="437,2078 407,2078 407,2069 437,2069"/>
                    <TextEquiv>
                        <Unicode></Unicode>
                    </TextEquiv>
                </Word>
                <Word id="word_1542140539535_2863" custom="readingOrder {index:2;}">
                    <Coords points="596,2086 442,2086 442,2060 596,2060"/>
                    <TextEquiv>
                        <Unicode></Unicode>
                    </TextEquiv>
                </Word>
                <Word id="word_1542140542607_2866" custom="readingOrder {index:3;}">
                    <Coords points="626,2085 602,2085 602,2059 626,2059"/>
                    <TextEquiv>
                        <Unicode></Unicode>
                    </TextEquiv>
                </Word>
                <Word id="word_1542140545226_2869" custom="readingOrder {index:4;}">
                    <Coords points="636,2058 746,2058 746,2087 636,2087"/>
                    <TextEquiv>
                        <Unicode></Unicode>
                    </TextEquiv>
                </Word>
                <Word id="word_1542140548203_2872" custom="readingOrder {index:5;}">
                    <Coords points="754,2063 802,2063 802,2084 754,2084"/>
                    <TextEquiv>
                        <Unicode></Unicode>
                    </TextEquiv>
                </Word>
                <Word id="word_1542140564236_2879" custom="readingOrder {index:6;}">
                    <Coords points="810,2059 854,2059 854,2082 810,2082"/>
                    <TextEquiv>
                        <Unicode></Unicode>
                    </TextEquiv>
                </Word>
                <Word id="word_1542140567901_2882" custom="readingOrder {index:7;}">
                    <Coords points="863,2059 1053,2059 1053,2089 863,2089"/>
                    <TextEquiv>
                        <Unicode></Unicode>
                    </TextEquiv>
                </Word>
                <Word id="word_1542140570657_2885" custom="readingOrder {index:8;}">
                    <Coords points="1055,2058 1094,2058 1094,2086 1055,2086"/>
                    <TextEquiv>
                        <Unicode></Unicode>
                    </TextEquiv>
                </Word>
                <TextEquiv>
                    <Unicode>Rouen. — Imprimerie J. Lecerf, rue des Bons-Enfants, 46.</Unicode>
                </TextEquiv>
            </TextLine>
            <TextEquiv>
                <Unicode>Rouen. — Imprimerie J. Lecerf, rue des Bons-Enfants, 46.</Unicode>
            </TextEquiv>
        </TextRegion>
    </Page>
</PcGts>
