1424 2299
650 186 679 191 -
702 170 718 196 9
737 187 772 190 —

144 245 172 272 71
199 246 367 281 Girardin
381 245 494 281 (Emile
512 246 570 281 de),
587 246 616 274 le
632 246 756 274 célèbre
774 246 955 281 publiciste,
980 247 1063 275 mort
1086 247 1292 275 récemment.

196 296 231 300 —
262 281 296 309 L.
328 289 358 309 a.
387 290 414 309 s.
443 282 462 308 à
485 290 519 310 sa
543 282 658 310 femme
683 280 853 317 (Delphine
879 282 946 317 Gay
965 292 971 317 ;
1004 282 1033 310 la
1061 282 1298 317 Conciergerie.

198 316 232 343 26
243 315 318 352 juin
334 317 434 352 (1848),
451 318 463 343 1
484 326 514 353 p.
536 317 616 345 in-8.
1214 319 1246 345 12
1284 329 1298 343 >>

231 352 361 377 Curieuse
384 353 463 378 lettre
488 353 571 378 écrite
597 354 717 384 pendant
740 360 771 378 sa
792 353 932 378 détention
952 354 1033 385 après
1055 354 1093 378 les
1112 353 1240 384 journées
1267 354 1300 378 de

200 383 268 414 juin.
287 392 298 406 «
316 384 336 408 Il
352 386 440 415 parait
460 391 513 415 que
532 384 557 415 je
577 385 636 409 suis
650 392 687 409 un
703 384 858 416 prisonnier
873 385 975 414 d’Etat,
998 386 1114 417 puisque
1135 387 1164 409 tu
1185 385 1242 410 n’as
1264 393 1300 417 pu

200 415 308 439 obtenir
323 415 523 440 l’autorisation
537 416 570 440 de
583 423 627 440 me
640 416 698 441 voir
714 423 743 441 ce
757 416 853 440 matin.
867 416 937 441 C’est
951 424 1003 441 une
1016 418 1133 448 épreuve
1149 417 1195 447 qui
1211 418 1301 441 aurait

200 447 318 478 manqué
333 447 348 471 à
365 454 409 471 ma
424 447 468 471 vie
484 446 660 479 politique..
683 457 694 470 »

147 478 180 505 72
200 478 365 514 Grævius
381 478 505 514 (J.-G.),
522 479 646 506 célébré
662 478 847 515 philologue
873 480 905 507 et
928 478 1036 508 érudit
1052 479 1223 511 allemand,
1240 480 1300 507 fixé

199 522 238 541 en
263 513 419 542 Hollande
449 514 489 542 où
521 514 543 542 il
574 514 685 543 devint
709 514 967 551 historiographe
993 515 1030 543 de
1056 515 1086 543 la
1111 515 1231 543 maison
1263 515 1300 542 de

198 548 333 581 Nassau,
359 551 396 577 né
424 558 462 577 en
487 550 565 583 1622,
590 552 671 578 mort
695 559 732 577 en
761 550 841 577 1703.
869 567 905 570 —
927 551 963 578 L.
994 559 1022 578 a.
1050 559 1091 583 s.,
1115 559 1153 578 en
1175 550 1267 584 latin,
1284 551 1302 578 à

200 584 257 613 Ch.
278 585 365 620 Dati;
381 585 594 620 Amsterdam,
608 586 686 621 1668,
698 586 714 613 2
726 594 757 622 p.
773 586 914 620 l/2in-4.
936 586 1024 614 Belle
1041 589 1073 615 et
1089 586 1301 615 intéressante

200 620 296 648 lettre
313 621 488 649 littéraire.
1217 622 1247 649 12
1285 633 1299 647 »

148 656 180 684 73
202 657 338 692 Gratry
366 657 404 692 (le
434 657 513 685 Père
543 657 607 693 A.),
639 657 762 685 célèbre
791 657 975 693 théologien
1006 659 1038 686 et
1063 657 1238 691 moraliste,
1264 657 1301 685 de

200 692 390 720 l’Académie
416 692 585 731 française,
602 693 641 721 né
657 702 695 720 en
713 692 792 727 1805,
810 698 892 721 mort
908 702 946 721 en
964 694 1044 721 1873.
1072 710 1106 713 —
1129 694 1165 721 L.
1186 702 1216 721 a.
1238 702 1264 721 s.
1286 694 1303 720 à

200 728 244 755 M.
266 728 309 756 De
324 728 418 763 Suin;
437 729 469 756 13
486 729 614 757 octobre
632 729 710 763 1844,
727 729 743 756 2
758 737 789 765 p.
811 730 862 763 1/2
877 729 954 757 in-8.
974 729 1188 757 Intéressante
1206 729 1302 757 lettre

201 772 257 791 sur
272 764 514 800 l’organisation
531 764 568 792 de
586 765 701 793 l’Ecole
718 766 754 793 de
772 765 907 792 marine.
1233 765 1248 792 8
1287 775 1300 790 »

148 799 181 827 74
202 801 323 836 Grévy
341 800 461 836 (Jules),
479 800 642 837 président
666 800 703 828 de
727 801 757 829 la
780 800 981 837 République
998 801 1202 839 française.—
1222 800 1256 829 L.
1275 808 1301 828 a.

202 844 237 866 s.,
256 837 266 862 1
287 844 315 871 p.
332 831 427 864 in-18.
1218 836 1250 863 15
1287 846 1302 862 »

148 871 181 899 75
201 873 335 908 Guiclie
351 872 460 908 (Diane
478 871 494 899 d
499 871 662 904 ’Avdouins,
683 873 835 900 comtesse
860 872 920 907 de),
946 872 1060 900 femme
1084 872 1120 899 de
1142 872 1304 900 Philibert

202 907 239 934 de
256 907 420 941 Gramont,
437 907 503 935 dite
520 908 547 934 la
561 909 631 935 Belle
646 909 803 936 Corisandre
807 929 813 939 ,
830 908 995 936 maîtresse
1013 908 1050 935 de
1066 907 1165 936 Henri
1184 907 1234 938 IV,
1248 908 1302 944 qui

202 943 326 971 voulait
342 943 546 979 l’épouser.—
566 944 660 971 Pièce
677 944 749 979 sig.,
766 943 844 978 1603,
861 944 876 971 3
893 952 919 980 p.
936 944 1043 972 in-fol.
1219 944 1251 971 10
1290 953 1302 968 »

148 979 181 1007 76
201 979 321 1015 Guyot
344 979 454 1015 (l’abbé
475 979 587 1015 G.-G.),
605 979 771 1007 aumônier
796 979 833 1006 de
858 979 1151 1015 Philippe-Egalité
1177 981 1209 1006 et
1233 979 1302 1016 pré¬

202 1018 334 1051 cepteur
350 1015 403 1043 des
420 1015 546 1051 princes
562 1015 736 1048 d’Orléans,
756 1015 958 1050 prédicateur
974 1016 1014 1043 du
1032 1015 1090 1049 roi,
1108 1015 1304 1049 littérateur,

203 1051 239 1078 né
256 1051 273 1077 à
289 1050 420 1079 Orléans
437 1059 476 1078 en
494 1050 573 1085 1724,
591 1053 673 1079 mort
689 1060 725 1079 en
744 1051 860 1079 1800.—
879 1051 971 1079 Bulle
989 1051 1028 1079 du
1047 1059 1123 1087 pape
1141 1051 1196 1078 Pie
1216 1051 1253 1079 VI
1275 1051 1303 1078 le

202 1088 366 1114 nommant
382 1087 399 1114 à
415 1086 553 1115 l’évéché
568 1087 605 1115 de
622 1087 773 1124 Langres;
786 1087 896 1120 Rome,
908 1087 1017 1124 juillet
1032 1087 1107 1120 1785,
1124 1088 1130 1113 I
1149 1095 1174 1122 p.
1188 1086 1303 1114 double

203 1122 311 1150 in-fol.
327 1130 383 1150 sur
398 1122 495 1151 vélin.
1218 1123 1252 1150 15
1289 1133 1303 1148 »

231 1158 297 1183 Très
313 1158 383 1183 belle
398 1159 473 1189 pièce
494 1159 541 1190 qui
560 1159 683 1183 contient
702 1158 872 1183 l’indication
893 1159 926 1182 de
943 1161 1006 1183 tous
1027 1166 1072 1183 ses
1090 1159 1169 1182 titres
1187 1166 1192 1182 :
1214 1159 1306 1189 Guyot

202 1190 364 1218 d’Ussières,
383 1191 472 1221 prêtre
490 1190 526 1214 du
541 1190 649 1215 diocèse
670 1191 702 1215 de
723 1191 809 1218 Paris,
828 1190 931 1214 vicaire
949 1190 1060 1219 général
1080 1190 1112 1214 de
1133 1190 1254 1221 l'évèque
1272 1191 1305 1214 de

201 1220 304 1252 Fréjus,
322 1222 391 1246 abbé
407 1222 635 1246 commanditaire
650 1222 683 1246 de
696 1222 1097 1250 Saint-Michel-de-Tonnerre,
1111 1222 1143 1245 de
1158 1222 1255 1246 l'ordre
1271 1222 1306 1246 de

202 1252 403 1277 Saint-Benoit.

150 1284 181 1312 77
201 1284 368 1318 Hamelin
391 1284 430 1318 (M
435 1289 467 1304 me
470 1284 489 1319 ),
516 1292 576 1311 une
601 1284 655 1312 des
678 1284 808 1311 femmes
832 1283 877 1312 les
900 1284 971 1319 plus
994 1283 1133 1311 célèbres
1158 1284 1235 1312 dans
1261 1285 1306 1312 les

202 1319 307 1348 salons
323 1320 363 1347 du
379 1319 570 1352 Directoire,
588 1320 670 1347 amie
691 1319 728 1347 de
751 1319 934 1355 Joséphine,
961 1319 997 1347 de
1024 1320 1053 1348 M
1056 1325 1101 1340 mes
1125 1320 1248 1347 Tallien
1275 1322 1307 1348 et

201 1355 466 1383 Récamieretdu
481 1356 610 1391 général
627 1356 852 1391 Bonaparte.—
870 1355 903 1383 L.
922 1364 949 1383 a.
967 1364 992 1383 s.
1009 1364 1047 1383 au
1066 1355 1162 1383 baron
1177 1355 1305 1391 Taylor;

203 1391 281 1424 1832,
300 1393 310 1418 1
331 1400 360 1427 p.
377 1391 427 1426 1/2
444 1392 522 1419 in-8.
540 1391 730 1419 Charmante
748 1390 861 1427 épître.
1221 1392 1252 1418 17
1292 1403 1305 1416 »

151 1427 183 1455 78
203 1428 545 1463 Hautpoul-Salette
574 1428 610 1463 (J.
642 1427 690 1461 d’),
722 1435 763 1454 un
793 1427 847 1455 des
875 1426 1040 1454 meilleurs
1073 1427 1233 1460 généraux
1269 1427 1306 1455 de

203 1464 360 1491 cavalerie
378 1463 431 1491 des
449 1471 582 1499 guerres
603 1463 640 1491 de
662 1462 822 1498 l'Empire,
849 1463 948 1490 blessé
973 1461 1210 1490 mortellement
1235 1463 1250 1490 à
1277 1463 1307 1491 la

204 1499 336 1527 bataille
362 1499 507 1535 d’Eylau,
532 1499 571 1527 né
596 1508 633 1527 en
661 1499 740 1532 1754,
765 1502 850 1526 mort
874 1507 912 1526 en
941 1498 1017 1526 1807.
1028 1514 1060 1519 —
1090 1498 1123 1526 L.
1154 1507 1181 1526 a.
1211 1507 1235 1526 s.
1267 1507 1306 1526 au

203 1535 359 1563 maréchal
378 1535 458 1569 Nev,
474 1535 700 1563 commandant
713 1543 750 1562 en
768 1534 841 1562 chef
854 1534 982 1562 l’armée
995 1534 1035 1562 du
1049 1534 1145 1569 Rhin;
1162 1535 1308 1570 quartier

204 1571 332 1607 général
349 1570 460 1604 d’Izey,
479 1571 512 1598 19
527 1571 620 1599 vend,
638 1579 677 1598 an
696 1570 775 1602 VIII,
794 1572 803 1596 1
824 1578 851 1606 p.
869 1570 943 1597 in-4.
1220 1570 1254 1598 20
1292 1581 1306 1596 »

233 1607 324 1631 Lettre
343 1607 468 1631 curieuse
488 1613 538 1638 par
558 1614 607 1631 son
626 1606 811 1637 orthographe
832 1606 992 1630 fantaisiste.
1011 1606 1032 1629 Il
1047 1606 1084 1630 lui
1101 1612 1226 1630 annonce
1241 1606 1308 1637 qu’il

203 1645 237 1662 va
252 1645 281 1663 se
302 1639 399 1663 rendre
419 1645 484 1663 avec
509 1645 538 1662 sa
559 1638 678 1663 division
701 1638 717 1662 à
732 1637 890 1663 Oberurnen
911 1640 938 1661 et
962 1636 1025 1668 qu’il
1049 1639 1090 1661 est
1115 1637 1250 1662 enchanté
1274 1638 1307 1662 de

204 1676 299 1699 passer
314 1671 338 1694 le
353 1669 436 1694 Rhin.

151 1701 183 1729 79
202 1702 307 1736 Hauy
325 1701 444 1736 (R.-J.),
461 1700 587 1728 célèbre
611 1700 852 1735 minéralogiste
874 1701 906 1727 et
922 1699 1098 1735 physicien,
1115 1700 1254 1729 membre
1271 1700 1308 1727 de

203 1736 371 1771 l’Institut,
388 1738 426 1765 né
443 1745 481 1764 en
500 1736 648 1764 Picardie
666 1745 703 1764 en
721 1736 800 1770 1745,
817 1737 900 1763 mort
920 1743 958 1762 en
979 1735 1058 1764 1822.
1070 1752 1102 1755 —
1128 1736 1161 1764 L.
1189 1745 1215 1764 a.
1241 1744 1265 1764 s.
1293 1745 1307 1762 a

202 1772 277 1800 MM.
299 1772 578 1801 Gillet-Laumond
603 1774 635 1800 et
659 1772 816 1807 Lelièvre;
841 1771 944 1805 Paris,
969 1771 1003 1799 20
1028 1780 1110 1800 mars
1134 1773 1212 1806 1805,
1238 1772 1254 1798 4
1278 1780 1307 1808 p.

203 1809 270 1836 in-4
1219 1807 1255 1834 12
1295 1818 1307 1833 »

235 1844 327 1869 Lettre
343 1844 516 1876 scientifique
531 1843 595 1868 d’un
610 1844 698 1874 grand
714 1844 813 1868 intérêt
829 1850 877 1867 sur
893 1843 933 1868 les
953 1843 1075 1868 cristaux
1094 1847 1121 1868 et
1141 1844 1180 1869 les
1199 1844 1309 1868 cristai-

203 1875 358 1906 lographes.

149 1907 183 1935 80
203 1908 431 1942 Havercamp
449 1906 632 1942 (Sigebert),
651 1906 837 1942 philologue
862 1907 894 1933 et
918 1906 1109 1934 numismate
1131 1906 1309 1934 hollandais

205 1942 246 1970 du
263 1951 344 1970 xvm
348 1949 359 1963 e
375 1942 482 1976 siècle,
500 1942 539 1970 né
556 1951 594 1970 en
612 1942 690 1976 1683,
707 1945 791 1970 mort
805 1950 843 1969 en
861 1941 976 1969 1742.—
990 1941 1025 1969 L.
1043 1950 1069 1969 a.
1087 1950 1122 1976 s.,
1137 1951 1175 1970 en
1188 1942 1280 1977 latin,
1292 1942 1310 1969 à

203 1978 239 2006 P.
258 1978 368 2012 Sandi,
386 1979 402 2006 à
418 1978 556 2013 Padoue;
575 1978 691 2014 Leyde,
709 1978 787 2011 1723,
805 1979 816 2004 1
835 1985 863 2014 p.
882 1978 958 2011 in-4,
975 1976 1095 2005 cachet.
1223 1977 1256 2005 13
1294 1989 1307 2002 »

150 2014 181 2042 81
204 2015 370 2050 Heinsius
397 2014 505 2050 (Nie.),
533 2014 656 2042 célèbre
683 2013 883 2057 philologue,
907 2014 998 2050 poète
1022 2013 1102 2042 latin
1129 2015 1160 2042 et
1184 2013 1309 2042 homme

205 2050 312 2079 d’Etat
328 2049 519 2081 hollandais,
536 2049 781 2079 bibliothécaire
798 2051 834 2078 de
852 2050 1012 2078 Christine
1029 2050 1066 2078 de
1085 2050 1199 2082 Suède,
1216 2051 1253 2078 né
1270 2059 1309 2078 en

207 2087 291 2121 1620,
310 2088 395 2115 mort
415 2095 452 2114 en
477 2086 555 2115 1681.
565 2103 599 2107 —
610 2087 644 2115 L.
662 2096 689 2115 a.
707 2095 742 2121 s.,
760 2095 798 2114 en
820 2086 917 2121 latin,
935 2087 952 2114 à
971 2086 1025 2114 Ch.
1043 2086 1133 2121 Dati;
1154 2086 1308 2122 Cologne,

203 2123 219 2150 4
236 2123 297 2151 fév.
316 2123 394 2157 1673,
411 2123 426 2150 2
443 2131 471 2159 p.
490 2122 570 2150 in-4.
1221 2122 1255 2150 35
1294 2132 1307 2147 »

239 2158 424 2191 Importante
440 2161 527 2184 lettre
543 2165 613 2190 pour
628 2165 658 2183 sa
675 2157 843 2189 biographie.
859 2158 987 2183 Pendant
1002 2157 1144 2182 l’invasion
1160 2158 1208 2183 dos
1224 2159 1308 2183 Fran-
