1424 2299
668 115 704 119 —
723 99 737 126 7
757 115 792 120 —

215 174 342 199 essentiel
364 175 397 199 de
421 175 489 200 faire
516 177 657 200 connaître
679 182 715 200 un
738 174 853 206 procédé
869 175 916 207 qui
940 176 1003 200 tend
1016 179 1031 200 â
1046 176 1220 201 économiser
1235 178 1313 201 notre

216 206 328 236 poudre,
347 209 454 231 surtout
476 206 544 231 dans
559 214 612 231 une
634 207 822 231 circonstance
840 208 876 232 où
893 213 962 232 nous
979 207 1083 232 devons
1100 208 1231 238 ménager
1249 209 1313 232 tous

219 238 256 261 les
278 244 391 267 moyens
413 238 459 270 qui
481 240 599 269 peuvent
624 239 681 262 être
700 238 838 269 employés
857 239 873 262 à
896 239 1046 269 triompher
1067 240 1100 264 de
1121 244 1170 264 nos
1188 239 1314 263 ennemis

219 269 245 292 et
258 268 273 292 à
287 275 397 293 assurer
413 271 490 294 notre
504 269 598 294 liberté
613 272 639 294 et
655 272 732 294 notre
748 270 961 301 indépendance.
983 278 994 293 »

164 300 194 327 51
217 301 272 327 Du
300 301 416 336 Barry
432 301 474 336 (la
490 301 665 335 comtesse),
683 300 806 328 célèbre
831 301 995 329 maîtresse
1012 301 1048 329 de
1075 301 1170 329 Louis
1195 301 1263 330 XV.
1279 317 1314 321 —

220 335 306 374 Reçu
337 338 401 364 aut.
431 336 455 364 si
461 344 509 373 g.;
539 336 789 371 Louveeiennes,
821 337 853 364 15
882 336 1002 365 février
1034 337 1114 371 1784,
1145 339 1155 364 1
1190 346 1219 374 p.
1249 337 1312 365 in-8

220 365 282 398 obi!
1229 373 1260 400 17
1299 383 1313 398 »

165 407 199 435 52
219 408 274 435 Du
298 408 381 443 Bois
404 407 578 443 (J.-P.-J.),
605 407 783 444 géographe
808 408 945 447 français
970 408 1010 436 du
1035 417 1116 437 xvm
1118 414 1128 426 e
1151 408 1258 439 siècle,
1275 417 1312 436 au

219 443 339 470 service
361 443 400 471 du
423 443 470 471 roi
492 443 529 471 de
550 443 706 479 Pologne,
722 449 754 471 et
775 444 1061 480 qui.accompagna
1080 453 1118 472 en
1140 444 1260 481 qualité
1277 444 1314 472 de

219 478 389 507 secrétaire
411 487 471 506 une
496 479 676 507 ambassade
697 480 835 516 envoyée
856 488 912 516 par
931 489 965 508 ce
986 487 1158 517 monarque
1179 488 1218 508 en
1239 480 1315 508 Hol¬

220 514 322 542 lande.
336 517 368 542 —
383 517 420 542 La
439 516 531 543 Sainte
551 516 623 542 Bible
642 518 665 543 et
685 516 707 542 le
728 517 848 544 Nouveau
871 518 1031 548 Testament,
1052 518 1117 544 mise
1138 525 1169 544 en
1188 524 1244 544 vers
1264 525 1316 551 par

219 552 337 578 J.-P.-J.
353 552 394 578 Du
408 552 468 578 Bois
475 572 482 583 f
500 550 587 586 copie
604 551 644 578 du
666 552 767 587 temps
783 560 857 579 avec
873 551 1052 586 dédicaces,
1069 560 1107 580 au
1129 554 1230 580 comte
1246 554 1279 580 et
1298 553 1316 579 à

221 586 250 613 la
265 587 418 614 comtesse
435 586 471 614 de
489 586 600 619 Brühl,
616 586 650 614 52
668 595 694 622 p.
712 587 791 614 in-4.
1230 588 1263 615 10
1301 598 1314 612 »

167 621 200 649 53
220 622 636 658 Duhamel-Dumonceau
665 622 804 659 (H.-L.),
830 622 956 651 illustre
983 623 1141 652 botaniste
1166 625 1198 651 et
1223 631 1315 659 agro¬

222 666 323 687 nome,
346 658 373 685 le
395 656 543 686 créateur
562 659 599 685 de
620 658 651 686 la
670 658 792 686 science
813 658 850 686 de
871 657 1140 687 l'arboriculture.
1150 675 1183 679 —
1195 658 1228 687 L.
1246 668 1272 687 a.
1290 667 1314 687 s.

220 694 268 728 (au
300 693 462 730 physicien
492 694 610 728 Ludot,
635 694 672 722 de
700 694 846 731 Troyes);
873 695 884 721 1
890 700 911 712 er
936 696 1012 723 août
1042 695 1140 730 (1751),
1165 695 1181 722 5
1211 703 1238 730 p.
1265 695 1316 729 1/4

222 729 298 757 in-4.
1248 730 1262 757 7
1301 741 1314 755 »

252 765 372 795 Superbe
386 766 465 790 lettre
485 765 664 797 scientifique,
686 766 755 790 dans
770 766 885 797 laquelle
900 767 918 790 il
932 774 961 791 se
976 767 1073 791 défend
1088 766 1190 791 d’avoir
1204 767 1316 797 attaqué

225 797 311 821 Ludot
336 803 371 820 au
396 797 467 828 sujet
491 797 693 828 d’expériences
717 798 750 823 de
774 797 930 829 botanique.
956 798 978 822 Il
1002 806 1036 823 en
1063 798 1148 829 prend
1174 798 1190 822 à
1213 798 1316 822 témoin

223 828 257 851 M.
275 828 307 851 de
322 828 442 857 Jussieu,
460 830 487 853 et
502 829 520 853 il
536 829 613 853 saisit
626 831 695 853 cette
710 829 837 854 occasion
853 836 921 860 pour
936 837 1050 861 exposer
1064 831 1090 854 la
1105 829 1233 854 méthode
1248 829 1314 861 qu’il

224 859 340 890 emploie
354 866 423 890 pour
439 867 583 891 composer
598 863 625 885 et
638 861 745 891 publier
757 867 801 885 ses
814 867 957 891 ouvrages.

168 891 201 919 54
221 892 354 927 Dumas
383 891 588 927 (Alexandre)
615 893 703 932 père,
730 892 757 920 le
784 892 882 927 grand
909 892 1096 920 romancier.
1110 908 1142 912 —
1158 891 1251 919 Pièce
1277 892 1314 920 de

223 935 292 954 vers
309 928 374 955 aut.
391 927 463 963 sig.,
480 928 496 954 4
514 936 541 963 p.
560 927 601 963 pl.
618 928 694 956 in-4.
1229 927 1262 955 30
1300 938 1313 953 »

254 963 373 993 Superbe
389 964 464 994 pièce
479 970 512 988 en
528 963 669 988 l’honneur
684 964 720 988 du
735 964 820 994 grand
835 964 995 993 navigateur
1010 963 1193 989 Lapérouse.

167 995 201 1022 55
220 996 275 1022 Du
301 995 405 1030 Tillot
433 995 661 1030 (Guillaume),
692 996 832 1031 marquis
861 995 897 1022 de
928 995 1053 1030 Félino,
1085 995 1230 1022 ministre
1261 995 1315 1023 des

222 1030 340 1058 infants
361 1030 419 1058 don
443 1030 589 1072 Philippe
611 1032 643 1059 et
663 1031 842 1059 Ferdinand
864 1031 900 1058 de
922 1031 1049 1064 Parme,
1067 1030 1190 1058 célèbre
1212 1039 1268 1067 par
1284 1030 1311 1058 la

221 1066 359 1102 vigueur
380 1066 416 1094 de
440 1075 489 1094 ses
511 1067 677 1100 réformes,
700 1067 808 1103 appelé
831 1075 887 1103 par
910 1066 1023 1095 Duclos
1046 1068 1069 1095 le
1087 1067 1173 1102 grand
1192 1068 1315 1094 ministre

222 1103 286 1129 d’un
303 1104 369 1137 petit
392 1104 464 1136 Etat,
487 1102 525 1130 né
546 1111 584 1130 en
606 1103 687 1136 1711,
711 1106 792 1131 mort
812 1111 849 1131 en
874 1102 948 1130 1774.
959 1103 1070 1132 —Let.
1093 1102 1171 1138 sig.,
1191 1110 1265 1130 avec
1286 1103 1316 1130 la

222 1138 389 1174 souscript.
407 1142 491 1172 aut.,
508 1147 547 1166 au
564 1141 664 1166 comte
681 1138 718 1166 de
739 1139 896 1172 Firmian,
913 1139 930 1165 à
950 1138 1065 1173 Milan;
1083 1139 1212 1170 Parme,
1228 1138 1243 1165 8
1260 1146 1312 1166 no¬

223 1174 349 1201 vembre
367 1174 445 1208 1788,
461 1174 477 1201 2
495 1182 521 1210 p.
539 1174 640 1202 in-fol.
658 1174 799 1210 Superbe
815 1175 925 1202 lettre.
1230 1174 1261 1201 15
1300 1185 1313 1199 »

171 1210 205 1237 56
225 1210 376 1246 Elderen
392 1210 607 1246 (Jean-Louis,
626 1211 721 1237 baron
738 1210 786 1245 d’).
802 1210 924 1238 célèbre
941 1210 1043 1246 prélat
1059 1210 1099 1238 du
1115 1217 1182 1238 xvn
1185 1215 1197 1229 e
1208 1208 1316 1243 siècle,

225 1246 324 1281 ranc!
350 1245 451 1282 doyen
479 1249 512 1273 et
536 1245 653 1283 évêque
679 1245 716 1273 de
741 1247 847 1282 Liège,
874 1246 924 1273 élu
951 1248 1058 1274 contre
1085 1246 1113 1274 le
1140 1246 1194 1282 gré
1219 1246 1256 1273 de
1286 1245 1318 1273 la

229 1282 355 1309 rance.
362 1298 397 1301 —
404 1281 473 1310 Let.
490 1282 566 1318 sig.,
580 1290 654 1309 avec
665 1281 695 1309 la
706 1282 873 1318 souscript.
887 1283 970 1314 aut.,
983 1290 1021 1309 au
1035 1281 1081 1309 roi
1094 1281 1315 1316 d’Angleterre

226 1317 419 1353 (Guillaume
443 1317 511 1353 III);
540 1318 644 1354 Liège,
670 1317 685 1345 3
709 1317 873 1345 décembre
899 1317 977 1351 1693,
1002 1317 1018 1344 2
1043 1326 1072 1354 p.
1098 1317 1203 1346 in-fol.
1228 1316 1316 1345 Belle

226 1355 333 1381 lettre.
1232 1353 1265 1379 16
1304 1364 1316 1378 »

174 1386 208 1416 57
224 1389 367 1425 Estrées
384 1389 423 1425 (le
440 1388 528 1416 card.
552 1389 646 1417 César
666 1389 715 1424 d'),
739 1389 856 1425 évêque
874 1391 911 1417 de
927 1389 1024 1423 Laon,
1041 1388 1265 1417 ambassadeur
1281 1388 1318 1416 de

225 1425 321 1453 Louis
346 1424 418 1453 XIV
439 1425 456 1453 à
480 1425 589 1457 Rome,
614 1433 655 1452 un
679 1425 732 1453 des
755 1428 885 1453 auteurs
910 1425 947 1452 de
974 1425 1003 1454 la
1025 1426 1172 1454 Guirlande
1192 1425 1224 1452 de
1237 1425 1308 1452 Julie
1310 1446 1318 1458 ,

227 1460 366 1488 membre
390 1462 427 1488 de
454 1460 641 1488 l’Académie
666 1460 832 1494 française.
862 1477 896 1481 —
925 1461 958 1488 L.
989 1469 1020 1489 a.
1052 1469 1088 1494 s.,
1120 1469 1158 1488 en
1188 1460 1318 1496 italien;

225 1497 255 1523 21
276 1497 334 1524 mai
354 1496 432 1530 1696,
451 1497 459 1523 1
480 1504 510 1532 p.
527 1496 605 1524 in-8.
624 1496 708 1525 Jolie
725 1497 835 1525 lettre.
1234 1496 1267 1523 14
1305 1507 1318 1521 »

173 1529 209 1559 58
227 1533 343 1567 Eudes
360 1532 432 1567 (F.),
449 1531 572 1560 célèbre
590 1532 718 1568 général
743 1533 780 1560 de
805 1532 836 1560 la
857 1532 1039 1565 Commune,
1067 1532 1251 1568 inspecteur
1266 1532 1320 1560 des

227 1568 306 1596 forts
323 1568 363 1596 du
381 1568 456 1596 Sud.
472 1584 508 1588 —
522 1568 615 1596 Pièce
631 1571 698 1596 aut.
719 1568 797 1604 sig.,
813 1568 864 1603 3/4
880 1568 916 1595 de
934 1576 964 1604 p.
992 1568 1089 1603 in-8.,
1110 1567 1221 1596 cachet
1237 1568 1274 1595 de
1292 1567 1322 1595 la

229 1604 413 1632 Commune.
1236 1603 1269 1631 15
1307 1615 1320 1629 »

258 1640 332 1669 Reçu
347 1640 380 1665 de
394 1640 557 1664 l’intendant
571 1640 680 1670 général
700 1640 727 1664 la
745 1646 852 1664 somme
871 1640 904 1666 de
923 1640 993 1667 6,000
1006 1640 1097 1664 francs
1114 1646 1182 1671 pour
1202 1640 1241 1664 les
1257 1639 1322 1664 frais

228 1671 366 1700 généraux
390 1671 538 1696 nécessités
555 1678 603 1702 par
624 1677 672 1696 son
695 1672 944 1696 commandement.
966 1685 993 1688 —
1010 1671 1068 1696 Une
1089 1674 1152 1696 note
1173 1678 1207 1695 en
1227 1677 1321 1701 marge

227 1702 338 1733 indique
351 1711 403 1734 que
417 1704 440 1727 le
453 1703 563 1732 général
578 1702 702 1727 Cluseret
716 1710 731 1726 a
747 1704 835 1727 refusé
849 1703 873 1727 le
889 1703 949 1727 visa
964 1703 996 1727 de
1011 1705 1081 1727 cette
1093 1704 1178 1734 pièce.

174 1733 209 1761 59
227 1735 339 1769 Faure
364 1734 485 1769 (Jules),
512 1734 540 1762 le
565 1733 687 1761 célèbre
712 1734 860 1770 baryton.
877 1749 913 1754 —
929 1734 964 1761 L.
986 1742 1015 1761 a.
1036 1743 1063 1762 s.
1084 1735 1112 1771 (à
1128 1733 1255 1769 Auber),
1271 1733 1323 1768 3/4

228 1769 265 1796 de
284 1777 311 1805 p.
333 1770 413 1797 in-8.
433 1770 516 1798 Jolie
534 1770 640 1798 lettre.
1255 1769 1271 1796 5
1309 1780 1323 1794 »

176 1805 211 1832 60
229 1806 431 1833 Ferdinand
467 1806 529 1839 III,
569 1813 737 1841 empereur
772 1805 999 1842 d’Allemagne.
1038 1822 1071 1825 —
1110 1805 1179 1833 Let.
1210 1805 1273 1841 sig.
1307 1805 1325 1832 à

229 1842 412 1876 Piccolomini;
429 1841 561 1869 château
579 1841 783 1875 d’Eberstorf,
800 1841 833 1868 10
848 1841 1025 1877 septembre
1038 1841 1116 1874 1639,
1134 1841 1149 1868 2
1162 1850 1189 1878 p.
1204 1840 1324 1875 in-fol.,

230 1885 337 1904 sceau.
1239 1877 1272 1904 15
1311 1886 1322 1902 »

262 1912 284 1936 Il
298 1913 322 1937 le
337 1913 435 1937 félicite
454 1919 502 1936 sur
521 1913 545 1937 le
563 1913 616 1938 don
630 1919 682 1944 que
699 1913 773 1937 vient
789 1913 821 1937 de
839 1913 877 1937 lui
892 1913 959 1937 faire
977 1913 1001 1936 le
1021 1913 1060 1937 roi
1076 1913 1240 1944 d’Espagne,
1259 1913 1326 1937 Phi¬

230 1944 301 1975 lippe
317 1944 363 1973 IV,
380 1944 415 1968 du
432 1944 520 1969 duché
534 1944 670 1969 d’Amalfi.

177 1976 208 2003 61
230 1975 443 2008 Ferdinand,
466 1975 571 2004 infant
586 1978 618 2004 et
634 1976 694 2003 duc
710 1975 747 2002 de
765 1975 892 2010 Parme,
910 1975 1018 2004 l’élève
1037 1975 1074 2003 de
1090 1976 1270 2011 Condillac,
1286 1975 1324 2005 né

230 2020 269 2039 en
296 2011 373 2046 1751,
399 2012 481 2039 mort
510 2020 548 2039 en
574 2011 651 2040 1802.
677 2028 712 2032 —
738 2011 771 2039 L.
795 2020 822 2039 a.
848 2019 884 2045 s.,
910 2020 948 2039 en
974 2011 1123 2050 français,
1153 2021 1192 2040 au
1221 2014 1323 2041 comte

231 2048 429 2084 d’Argental;
453 2047 601 2082 Colorno,
627 2048 641 2075 7
662 2047 790 2085 janvier
813 2048 891 2082 1780,
918 2049 928 2076 1
955 2057 984 2084 p.
1007 2053 1071 2085 pet.
1088 2049 1165 2083 in-4,
1182 2050 1292 2078 cachet
1308 2050 1325 2077 à

232 2093 280 2113 ses
296 2092 407 2112 armes.
423 2084 501 2113 Très
512 2083 592 2120 jolie
608 2084 718 2112 lettre.
1241 2084 1272 2113 1$
1310 2096 1324 2110 »
