<?xml version="1.0" encoding="UTF-8" standalone="yes"?>
<PcGts xmlns="http://schema.primaresearch.org/PAGE/gts/pagecontent/2013-07-15" xmlns:xsi="http://www.w3.org/2001/XMLSchema-instance" xsi:schemaLocation="http://schema.primaresearch.org/PAGE/gts/pagecontent/2013-07-15 http://schema.primaresearch.org/PAGE/gts/pagecontent/2013-07-15/pagecontent.xsd">
    <Metadata>
        <Creator></Creator>
        <Created>2018-11-13T17:27:58.23+01:00</Created>
        <LastChange>2018-11-13T21:53:57.895+01:00</LastChange>
        <Comments>
                Measurement unit: pixel
                PrimaryLanguage: English
                Language: FrenchStandard
                Producer: ABBYY FineReader Engine 11</Comments>
        <TranskribusMetadata docId="164157" pageId="6045921" pageNr="11" tsid="10278016" status="DONE" userId="10612" imgUrl="https://files.transkribus.eu/Get?id=WBNFOXBMLCXHTMGLKWDXMGQZ&amp;fileType=view" xmlUrl="https://files.transkribus.eu/Get?id=GLQSSTQZXGCGGHQQTQLHDUYS" imageId="2078984"/>
    </Metadata>
    <Page imageFilename="1883_10_RDA_N080-11.png" imageWidth="1424" imageHeight="2299">
        <PrintSpace>
            <Coords points="165,50 1348,50 1348,2075 165,2075"/>
        </PrintSpace>
        <ReadingOrder>
            <OrderedGroup id="ro_1604139721401" caption="Regions reading order">
                <RegionRefIndexed index="0" regionRef="r_1_1"/>
                <RegionRefIndexed index="1" regionRef="r_2_1"/>
                <RegionRefIndexed index="2" regionRef="r_2_2"/>
                <RegionRefIndexed index="3" regionRef="r_2_3"/>
                <RegionRefIndexed index="4" regionRef="r_2_4"/>
                <RegionRefIndexed index="5" regionRef="r_2_5"/>
                <RegionRefIndexed index="6" regionRef="r_2_6"/>
                <RegionRefIndexed index="7" regionRef="r_2_7"/>
                <RegionRefIndexed index="8" regionRef="r_2_8"/>
                <RegionRefIndexed index="9" regionRef="r_2_9"/>
                <RegionRefIndexed index="10" regionRef="r_2_10"/>
                <RegionRefIndexed index="11" regionRef="r_2_11"/>
                <RegionRefIndexed index="12" regionRef="r_2_12"/>
                <RegionRefIndexed index="13" regionRef="r_2_13"/>
                <RegionRefIndexed index="14" regionRef="r_2_14"/>
                <RegionRefIndexed index="15" regionRef="r_2_15"/>
                <RegionRefIndexed index="16" regionRef="r_2_16"/>
                <RegionRefIndexed index="17" regionRef="r_2_17"/>
                <RegionRefIndexed index="18" regionRef="r_2_18"/>
                <RegionRefIndexed index="19" regionRef="r_2_19"/>
                <RegionRefIndexed index="20" regionRef="r_2_20"/>
                <RegionRefIndexed index="21" regionRef="r_2_21"/>
                <RegionRefIndexed index="22" regionRef="r_2_22"/>
                <RegionRefIndexed index="23" regionRef="r_2_23"/>
                <RegionRefIndexed index="24" regionRef="r_2_24"/>
                <RegionRefIndexed index="25" regionRef="r_2_25"/>
                <RegionRefIndexed index="26" regionRef="r_2_26"/>
                <RegionRefIndexed index="27" regionRef="r_2_27"/>
                <RegionRefIndexed index="28" regionRef="r_2_28"/>
                <RegionRefIndexed index="29" regionRef="r_2_29"/>
                <RegionRefIndexed index="30" regionRef="r_2_30"/>
                <RegionRefIndexed index="31" regionRef="r_2_31"/>
            </OrderedGroup>
        </ReadingOrder>
        <TextRegion type="paragraph" id="r_1_1" custom="readingOrder {index:0;}">
            <Coords points="676,55 816,55 816,83 676,83"/>
            <TextLine id="tl_1" primaryLanguage="English" custom="readingOrder {index:0;}">
                <Coords points="677,56 815,56 815,82 677,82"/>
                <Baseline points="677,75 707,75 742,82 815,76"/>
                <Word id="w_w2aab1b1b2b1b1ab1" language="English" custom="readingOrder {index:0;}">
                    <Coords points="677,56 707,56 707,82 677,82"/>
                    <TextEquiv>
                        <Unicode>-</Unicode>
                    </TextEquiv>
                    <TextStyle fontFamily="Times New Roman" fontSize="10.0"/>
                </Word>
                <Word id="w_w2aab1b1b2b1b1b1b1" language="English" custom="readingOrder {index:1;}">
                    <Coords points="731,56 759,56 759,82 731,82"/>
                    <TextEquiv>
                        <Unicode>11</Unicode>
                    </TextEquiv>
                    <TextStyle fontFamily="Times New Roman" fontSize="8.5"/>
                </Word>
                <Word id="w_w2aab1b1b2b1b1b2b3" language="English" custom="readingOrder {index:2;}">
                    <Coords points="784,71 815,71 815,76 784,76"/>
                    <TextEquiv>
                        <Unicode>-</Unicode>
                    </TextEquiv>
                    <TextStyle fontFamily="Times New Roman" fontSize="10.0"/>
                </Word>
                <TextEquiv>
                    <Unicode>- 11 -</Unicode>
                </TextEquiv>
            </TextLine>
            <TextEquiv>
                <Unicode>- 11 -</Unicode>
            </TextEquiv>
        </TextRegion>
        <TextRegion type="paragraph" id="r_2_1" custom="readingOrder {index:1;}">
            <Coords points="178,128 1331,128 1331,169 178,169"/>
            <TextLine id="tl_2" primaryLanguage="English" custom="readingOrder {index:0;}">
                <Coords points="179,129 1330,129 1330,168 179,168"/>
                <Baseline points="179,158 195,158 253,159 412,159 475,159 597,165 661,158 726,159 829,160 873,152 918,160 971,160 1034,166 1072,158 1222,159 1330,166"/>
                <Word id="w_w2aab1b3b2b1b1ab1" language="English" custom="readingOrder {index:0;}">
                    <Coords points="179,131 214,131 214,159 179,159"/>
                    <TextEquiv>
                        <Unicode>90</Unicode>
                    </TextEquiv>
                    <TextStyle fontFamily="Times New Roman" fontSize="10.0"/>
                </Word>
                <Word id="w_w2aab1b3b2b1b1b1b1" language="English" custom="readingOrder {index:1;}">
                    <Coords points="233,132 337,132 337,162 233,162"/>
                    <TextEquiv>
                        <Unicode>Jean,</Unicode>
                    </TextEquiv>
                    <TextStyle fontFamily="Times New Roman" fontSize="9.5" bold="true"/>
                </Word>
                <Word id="w_w2aab1b3b2b1b1b2b1" language="English" custom="readingOrder {index:2;}">
                    <Coords points="364,130 412,130 412,159 364,159"/>
                    <TextEquiv>
                        <Unicode>roi</Unicode>
                    </TextEquiv>
                    <TextStyle fontFamily="Times New Roman" fontSize="10.0"/>
                </Word>
                <Word id="w_w2aab1b3b2b1b1b2b9" language="English" custom="readingOrder {index:3;}">
                    <Coords points="438,130 475,130 475,159 438,159"/>
                    <TextEquiv>
                        <Unicode>de</Unicode>
                    </TextEquiv>
                    <TextStyle fontFamily="Times New Roman" fontSize="10.0"/>
                </Word>
                <Word id="w_w2aab1b3b2b1b1b2c15" language="English" custom="readingOrder {index:4;}">
                    <Coords points="501,129 597,129 597,165 501,165"/>
                    <TextEquiv>
                        <Unicode>Saxe,</Unicode>
                    </TextEquiv>
                    <TextStyle fontFamily="Times New Roman" fontSize="10.0"/>
                </Word>
                <Word id="w_w2aab1b3b2b1b1b2c27" language="English" custom="readingOrder {index:5;}">
                    <Coords points="622,131 661,131 661,158 622,158"/>
                    <TextEquiv>
                        <Unicode>né</Unicode>
                    </TextEquiv>
                    <TextStyle fontFamily="Times New Roman" fontSize="10.0"/>
                </Word>
                <Word id="w_w2aab1b3b2b1b1b2c33" language="English" custom="readingOrder {index:6;}">
                    <Coords points="687,140 726,140 726,159 687,159"/>
                    <TextEquiv>
                        <Unicode>en</Unicode>
                    </TextEquiv>
                    <TextStyle fontFamily="Times New Roman" fontSize="10.0"/>
                </Word>
                <Word id="w_w2aab1b3b2b1b1b2c39" language="English" custom="readingOrder {index:7;}">
                    <Coords points="752,131 829,131 829,160 752,160"/>
                    <TextEquiv>
                        <Unicode>1801.</Unicode>
                    </TextEquiv>
                    <TextStyle fontFamily="Times New Roman" fontSize="10.0"/>
                </Word>
                <Word id="w_w2aab1b3b2b1b1b2c51" language="English" custom="readingOrder {index:8;}">
                    <Coords points="838,148 873,148 873,152 838,152"/>
                    <TextEquiv>
                        <Unicode>—</Unicode>
                    </TextEquiv>
                    <TextStyle fontFamily="Times New Roman" fontSize="10.0"/>
                </Word>
                <Word id="w_w2aab1b3b2b1b1b2c55" language="English" custom="readingOrder {index:9;}">
                    <Coords points="883,131 918,131 918,160 883,160"/>
                    <TextEquiv>
                        <Unicode>L.</Unicode>
                    </TextEquiv>
                    <TextStyle fontFamily="Times New Roman" fontSize="10.0"/>
                </Word>
                <Word id="w_w2aab1b3b2b1b1b2c61" language="English" custom="readingOrder {index:10;}">
                    <Coords points="945,140 971,140 971,160 945,160"/>
                    <TextEquiv>
                        <Unicode>a.</Unicode>
                    </TextEquiv>
                    <TextStyle fontFamily="Times New Roman" fontSize="10.0"/>
                </Word>
                <Word id="w_w2aab1b3b2b1b1b2c67" language="English" custom="readingOrder {index:11;}">
                    <Coords points="998,140 1034,140 1034,166 998,166"/>
                    <TextEquiv>
                        <Unicode>s.,</Unicode>
                    </TextEquiv>
                    <TextStyle fontFamily="Times New Roman" fontSize="10.0"/>
                </Word>
                <Word id="w_w2aab1b3b2b1b1b2c75" language="English" custom="readingOrder {index:12;}">
                    <Coords points="1058,132 1072,132 1072,158 1058,158"/>
                    <TextEquiv>
                        <Unicode>7</Unicode>
                    </TextEquiv>
                    <TextStyle fontFamily="Times New Roman" fontSize="10.0"/>
                </Word>
                <Word id="w_w2aab1b3b2b1b1b2c79" language="English" custom="readingOrder {index:13;}">
                    <Coords points="1096,131 1222,131 1222,168 1096,168"/>
                    <TextEquiv>
                        <Unicode>janvier</Unicode>
                    </TextEquiv>
                    <TextStyle fontFamily="Times New Roman" fontSize="10.0"/>
                </Word>
                <Word id="w_w2aab1b3b2b1b1b2c95" language="English" custom="readingOrder {index:14;}">
                    <Coords points="1246,132 1330,132 1330,166 1246,166"/>
                    <TextEquiv>
                        <Unicode>1843,</Unicode>
                    </TextEquiv>
                    <TextStyle fontFamily="Times New Roman" fontSize="10.0"/>
                </Word>
                <TextEquiv>
                    <Unicode>90 Jean, roi de Saxe, né en 1801. — L. a. s., 7 janvier 1843,</Unicode>
                </TextEquiv>
            </TextLine>
            <TextEquiv>
                <Unicode>90 Jean, roi de Saxe, né en 1801. — L. a. s., 7 janvier 1843,</Unicode>
            </TextEquiv>
        </TextRegion>
        <TextRegion type="paragraph" id="r_2_2" custom="readingOrder {index:2;}">
            <Coords points="232,166 1329,166 1329,204 232,204"/>
            <TextLine id="tl_3" primaryLanguage="English" custom="readingOrder {index:0;}">
                <Coords points="233,167 1328,167 1328,203 233,203"/>
                <Baseline points="233,193 249,193 293,194 391,194 1277,194 1328,192"/>
                <Word id="w_w2aab1b3b2b3b1ab1" language="English" custom="readingOrder {index:0;}">
                    <Coords points="233,167 249,167 249,193 233,193"/>
                    <TextEquiv>
                        <Unicode>2</Unicode>
                    </TextEquiv>
                    <TextStyle fontFamily="Times New Roman" fontSize="10.0"/>
                </Word>
                <Word id="w_w2aab1b3b2b3b1ab5" language="English" custom="readingOrder {index:1;}">
                    <Coords points="265,175 293,175 293,203 265,203"/>
                    <TextEquiv>
                        <Unicode>j).</Unicode>
                    </TextEquiv>
                    <TextStyle fontFamily="Times New Roman" fontSize="10.0"/>
                </Word>
                <Word id="w_w2aab1b3b2b3b1ac13" language="English" custom="readingOrder {index:2;}">
                    <Coords points="313,167 391,167 391,194 313,194"/>
                    <TextEquiv>
                        <Unicode>in-4.</Unicode>
                    </TextEquiv>
                    <TextStyle fontFamily="Times New Roman" fontSize="10.0"/>
                </Word>
                <Word id="w_w2aab1b3b2b3b1ac25" language="English" custom="readingOrder {index:3;}">
                    <Coords points="1245,167 1277,167 1277,194 1245,194"/>
                    <TextEquiv>
                        <Unicode>12</Unicode>
                    </TextEquiv>
                    <TextStyle fontFamily="Times New Roman" fontSize="10.0"/>
                </Word>
                <Word id="w_w2aab1b3b2b3b1ac31" language="English" custom="readingOrder {index:4;}">
                    <Coords points="1315,179 1328,179 1328,192 1315,192"/>
                    <TextEquiv>
                        <Unicode>»</Unicode>
                    </TextEquiv>
                    <TextStyle fontFamily="Times New Roman" fontSize="10.0"/>
                </Word>
                <TextEquiv>
                    <Unicode>2 p. in-4. 12 »</Unicode>
                </TextEquiv>
                <TextStyle fontFamily="Times New Roman" fontSize="10.0"/>
            </TextLine>
            <TextEquiv>
                <Unicode>2 p. in-4. 12 »</Unicode>
            </TextEquiv>
        </TextRegion>
        <TextRegion type="paragraph" id="r_2_3" custom="readingOrder {index:3;}">
            <Coords points="233,201 1332,201 1332,298 233,298"/>
            <TextLine id="tl_4" primaryLanguage="English" custom="readingOrder {index:0;}">
                <Coords points="268,202 1331,202 1331,234 268,234"/>
                <Baseline points="268,227 344,227 437,227 536,227 656,227 864,227 989,227 1052,228 1165,228 1331,227"/>
                <Word id="w_w2aab1b3b2b5b1ab1" language="English" custom="readingOrder {index:0;}">
                    <Coords points="268,203 344,203 344,227 268,227"/>
                    <TextEquiv>
                        <Unicode>Belle</Unicode>
                    </TextEquiv>
                    <TextStyle fontFamily="Times New Roman" fontSize="8.5"/>
                </Word>
                <Word id="w_w2aab1b3b2b5b1ac13" language="English" custom="readingOrder {index:1;}">
                    <Coords points="359,203 437,203 437,227 359,227"/>
                    <TextEquiv>
                        <Unicode>lettre</Unicode>
                    </TextEquiv>
                    <TextStyle fontFamily="Times New Roman" fontSize="8.5"/>
                </Word>
                <Word id="w_w2aab1b3b2b5b1ac27" language="English" custom="readingOrder {index:2;}">
                    <Coords points="452,202 536,202 536,227 452,227"/>
                    <TextEquiv>
                        <Unicode>écrite</Unicode>
                    </TextEquiv>
                    <TextStyle fontFamily="Times New Roman" fontSize="8.5"/>
                </Word>
                <Word id="w_w2aab1b3b2b5b1ac41" language="English" custom="readingOrder {index:3;}">
                    <Coords points="549,208 656,208 656,227 549,227"/>
                    <TextEquiv>
                        <Unicode>comme</Unicode>
                    </TextEquiv>
                    <TextStyle fontFamily="Times New Roman" fontSize="8.5"/>
                </Word>
                <Word id="w_w2aab1b3b2b5b1ac53" language="English" custom="readingOrder {index:4;}">
                    <Coords points="669,203 864,203 864,228 669,228"/>
                    <TextEquiv>
                        <Unicode>commandant</Unicode>
                    </TextEquiv>
                    <TextStyle fontFamily="Times New Roman" fontSize="8.5"/>
                </Word>
                <Word id="w_w2aab1b3b2b5b1ac75" language="English" custom="readingOrder {index:5;}">
                    <Coords points="878,203 989,203 989,233 878,233"/>
                    <TextEquiv>
                        <Unicode>général</Unicode>
                    </TextEquiv>
                    <TextStyle fontFamily="Times New Roman" fontSize="8.5"/>
                </Word>
                <Word id="w_w2aab1b3b2b5b1ac91" language="English" custom="readingOrder {index:6;}">
                    <Coords points="1004,204 1052,204 1052,228 1004,228"/>
                    <TextEquiv>
                        <Unicode>des</Unicode>
                    </TextEquiv>
                    <TextStyle fontFamily="Times New Roman" fontSize="8.5"/>
                </Word>
                <Word id="w_w2aab1b3b2b5b1ac99" language="English" custom="readingOrder {index:7;}">
                    <Coords points="1066,204 1165,204 1165,234 1066,234"/>
                    <TextEquiv>
                        <Unicode>gardes</Unicode>
                    </TextEquiv>
                    <TextStyle fontFamily="Times New Roman" fontSize="8.5"/>
                </Word>
                <Word id="w_w2aab1b3b2b5b1ad113" language="English" custom="readingOrder {index:8;}">
                    <Coords points="1180,203 1331,203 1331,228 1180,228"/>
                    <TextEquiv>
                        <Unicode>nationales</Unicode>
                    </TextEquiv>
                    <TextStyle fontFamily="Times New Roman" fontSize="8.5"/>
                </Word>
                <TextEquiv>
                    <Unicode>Belle lettre écrite comme commandant général des gardes nationales</Unicode>
                </TextEquiv>
                <TextStyle fontFamily="Times New Roman" fontSize="8.5"/>
            </TextLine>
            <TextLine id="tl_5" primaryLanguage="English" custom="readingOrder {index:1;}">
                <Coords points="234,233 1331,233 1331,266 234,266"/>
                <Baseline points="234,258 334,258 385,258 443,257 736,263 803,258 898,259 936,259 1077,259 1145,259 1186,260 1331,264"/>
                <Word id="w_w2aab1b3b2b5b3ab1" language="English" custom="readingOrder {index:0;}">
                    <Coords points="234,234 334,234 334,265 234,265"/>
                    <TextEquiv>
                        <Unicode>auprès</Unicode>
                    </TextEquiv>
                    <TextStyle fontFamily="Times New Roman" fontSize="8.5"/>
                </Word>
                <Word id="w_w2aab1b3b2b5b3ac15" language="English" custom="readingOrder {index:1;}">
                    <Coords points="350,235 385,235 385,258 350,258"/>
                    <TextEquiv>
                        <Unicode>du</Unicode>
                    </TextEquiv>
                    <TextStyle fontFamily="Times New Roman" fontSize="8.5"/>
                </Word>
                <Word id="w_w2aab1b3b2b5b3ac21" language="English" custom="readingOrder {index:2;}">
                    <Coords points="404,233 443,233 443,258 404,258"/>
                    <TextEquiv>
                        <Unicode>roi</Unicode>
                    </TextEquiv>
                    <TextStyle fontFamily="Times New Roman" fontSize="8.5"/>
                </Word>
                <Word id="w_w2aab1b3b2b5b3ac29" language="English" custom="readingOrder {index:3;}">
                    <Coords points="460,234 736,234 736,264 460,264"/>
                    <TextEquiv>
                        <Unicode>Frédéric-Auguste,</Unicode>
                    </TextEquiv>
                    <TextStyle fontFamily="Times New Roman" fontSize="8.5"/>
                </Word>
                <Word id="w_w2aab1b3b2b5b3ac65" language="English" custom="readingOrder {index:4;}">
                    <Coords points="753,241 803,241 803,259 753,259"/>
                    <TextEquiv>
                        <Unicode>son</Unicode>
                    </TextEquiv>
                    <TextStyle fontFamily="Times New Roman" fontSize="8.5"/>
                </Word>
                <Word id="w_w2aab1b3b2b5b3ac73" language="English" custom="readingOrder {index:5;}">
                    <Coords points="820,235 898,235 898,259 820,259"/>
                    <TextEquiv>
                        <Unicode>irère.</Unicode>
                    </TextEquiv>
                    <TextStyle fontFamily="Times New Roman" fontSize="8.5"/>
                </Word>
                <Word id="w_w2aab1b3b2b5b3ac87" language="English" custom="readingOrder {index:6;}">
                    <Coords points="916,235 936,235 936,259 916,259"/>
                    <TextEquiv>
                        <Unicode>Il</Unicode>
                    </TextEquiv>
                    <TextStyle fontFamily="Times New Roman" fontSize="8.5"/>
                </Word>
                <Word id="w_w2aab1b3b2b5b3ac93" language="English" custom="readingOrder {index:7;}">
                    <Coords points="954,242 1077,242 1077,259 954,259"/>
                    <TextEquiv>
                        <Unicode>annonce</Unicode>
                    </TextEquiv>
                    <TextStyle fontFamily="Times New Roman" fontSize="8.5"/>
                </Word>
                <Word id="w_w2aab1b3b2b5b3ad109" language="English" custom="readingOrder {index:8;}">
                    <Coords points="1093,242 1145,242 1145,266 1093,266"/>
                    <TextEquiv>
                        <Unicode>que</Unicode>
                    </TextEquiv>
                    <TextStyle fontFamily="Times New Roman" fontSize="8.5"/>
                </Word>
                <Word id="w_w2aab1b3b2b5b3ad117" language="English" custom="readingOrder {index:9;}">
                    <Coords points="1162,235 1186,235 1186,260 1162,260"/>
                    <TextEquiv>
                        <Unicode>le</Unicode>
                    </TextEquiv>
                    <TextStyle fontFamily="Times New Roman" fontSize="8.5"/>
                </Word>
                <Word id="w_w2aab1b3b2b5b3ad123" language="English" custom="readingOrder {index:10;}">
                    <Coords points="1204,235 1331,235 1331,264 1204,264"/>
                    <TextEquiv>
                        <Unicode>landstag</Unicode>
                    </TextEquiv>
                    <TextStyle fontFamily="Times New Roman" fontSize="8.5"/>
                </Word>
                <TextEquiv>
                    <Unicode>auprès du roi Frédéric-Auguste, son frère. Il annonce que le landstag</Unicode>
                </TextEquiv>
                <TextStyle fontFamily="Times New Roman" fontSize="8.5"/>
            </TextLine>
            <TextLine id="tl_6" primaryLanguage="English" custom="readingOrder {index:2;}">
                <Coords points="234,264 1330,264 1330,297 234,297"/>
                <Baseline points="234,289 334,288 444,289 481,289 560,289 658,290 689,290 750,290 878,290 1042,291 1083,291 1330,290"/>
                <Word id="w_w2aab1b3b2b5b5ab1" language="English" custom="readingOrder {index:0;}">
                    <Coords points="234,265 334,265 334,290 234,290"/>
                    <TextEquiv>
                        <Unicode>s’étant</Unicode>
                    </TextEquiv>
                    <TextStyle fontFamily="Times New Roman" fontSize="8.5"/>
                </Word>
                <Word id="w_w2aab1b3b2b5b5ac17" language="English" custom="readingOrder {index:1;}">
                    <Coords points="349,266 444,266 444,296 349,296"/>
                    <TextEquiv>
                        <Unicode>séparé</Unicode>
                    </TextEquiv>
                    <TextStyle fontFamily="Times New Roman" fontSize="8.5"/>
                </Word>
                <Word id="w_w2aab1b3b2b5b5ac31" language="English" custom="readingOrder {index:2;}">
                    <Coords points="462,265 481,265 481,289 462,289"/>
                    <TextEquiv>
                        <Unicode>il</Unicode>
                    </TextEquiv>
                    <TextStyle fontFamily="Times New Roman" fontSize="8.5"/>
                </Word>
                <Word id="w_w2aab1b3b2b5b5ac37" language="English" custom="readingOrder {index:3;}">
                    <Coords points="496,264 560,264 560,289 496,289"/>
                    <TextEquiv>
                        <Unicode>s'est</Unicode>
                    </TextEquiv>
                    <TextStyle fontFamily="Times New Roman" fontSize="8.5"/>
                </Word>
                <Word id="w_w2aab1b3b2b5b5ac49" language="English" custom="readingOrder {index:4;}">
                    <Coords points="575,265 658,265 658,290 575,290"/>
                    <TextEquiv>
                        <Unicode>remis</Unicode>
                    </TextEquiv>
                    <TextStyle fontFamily="Times New Roman" fontSize="8.5"/>
                </Word>
                <Word id="w_w2aab1b3b2b5b5ac61" language="English" custom="readingOrder {index:5;}">
                    <Coords points="674,266 689,266 689,290 674,290"/>
                    <TextEquiv>
                        <Unicode>à</Unicode>
                    </TextEquiv>
                    <TextStyle fontFamily="Times New Roman" fontSize="8.5"/>
                </Word>
                <Word id="w_w2aab1b3b2b5b5ac65" language="English" custom="readingOrder {index:6;}">
                    <Coords points="706,272 750,272 750,290 706,290"/>
                    <TextEquiv>
                        <Unicode>ses</Unicode>
                    </TextEquiv>
                    <TextStyle fontFamily="Times New Roman" fontSize="8.5"/>
                </Word>
                <Word id="w_w2aab1b3b2b5b5ac73" language="English" custom="readingOrder {index:7;}">
                    <Coords points="765,268 878,268 878,290 765,290"/>
                    <TextEquiv>
                        <Unicode>travaux</Unicode>
                    </TextEquiv>
                    <TextStyle fontFamily="Times New Roman" fontSize="8.5"/>
                </Word>
                <Word id="w_w2aab1b3b2b5b5ac89" language="English" custom="readingOrder {index:8;}">
                    <Coords points="896,266 1042,266 1042,291 896,291"/>
                    <TextEquiv>
                        <Unicode>littéraires</Unicode>
                    </TextEquiv>
                    <TextStyle fontFamily="Times New Roman" fontSize="8.5"/>
                </Word>
                <Word id="w_w2aab1b3b2b5b5ad113" language="English" custom="readingOrder {index:9;}">
                    <Coords points="1056,269 1083,269 1083,291 1056,291"/>
                    <TextEquiv>
                        <Unicode>et</Unicode>
                    </TextEquiv>
                    <TextStyle fontFamily="Times New Roman" fontSize="8.5"/>
                </Word>
                <Word id="w_w2aab1b3b2b5b5ad119" language="English" custom="readingOrder {index:10;}">
                    <Coords points="1098,266 1330,266 1330,297 1098,297"/>
                    <TextEquiv>
                        <Unicode>archéologiques.</Unicode>
                    </TextEquiv>
                    <TextStyle fontFamily="Times New Roman" fontSize="8.5"/>
                </Word>
                <TextEquiv>
                    <Unicode>s’étant séparé il s'est remis à ses travaux littéraires et archéologiques.</Unicode>
                </TextEquiv>
                <TextStyle fontFamily="Times New Roman" fontSize="8.5"/>
            </TextLine>
            <TextEquiv>
                <Unicode>Belle lettre écrite comme commandant général des gardes nationales
auprès du roi Frédéric-Auguste, son frère. Il annonce que le landstag
s’étant séparé il s'est remis à ses travaux littéraires et archéologiques.</Unicode>
            </TextEquiv>
        </TextRegion>
        <TextRegion type="paragraph" id="r_2_4" custom="readingOrder {index:4;}">
            <Coords points="180,295 1331,295 1331,333 180,333"/>
            <TextLine id="tl_7" primaryLanguage="English" custom="readingOrder {index:0;}">
                <Coords points="181,296 1330,296 1330,332 181,332"/>
                <Baseline points="181,323 198,323 255,324 642,324 720,330 837,325 891,324 1051,325 1099,326 1148,325 1330,317"/>
                <Word id="w_w2aab1b3b2b7b1ab1" language="English" custom="readingOrder {index:0;}">
                    <Coords points="181,297 211,297 211,324 181,324"/>
                    <TextEquiv>
                        <Unicode>91</Unicode>
                    </TextEquiv>
                    <TextStyle fontFamily="Times New Roman" fontSize="10.0"/>
                </Word>
                <Word id="w_w2aab1b3b2b7b1b1b1" language="English" custom="readingOrder {index:1;}">
                    <Coords points="235,297 379,297 379,332 235,332"/>
                    <TextEquiv>
                        <Unicode>Jussieu</Unicode>
                    </TextEquiv>
                    <TextStyle fontFamily="Times New Roman" fontSize="9.5" bold="true"/>
                </Word>
                <Word id="w_w2aab1b3b2b7b1b2b1" language="English" custom="readingOrder {index:2;}">
                    <Coords points="400,296 642,296 642,332 400,332"/>
                    <TextEquiv>
                        <Unicode>(Ant.-Laurent</Unicode>
                    </TextEquiv>
                    <TextStyle fontFamily="Times New Roman" fontSize="10.0"/>
                </Word>
                <Word id="w_w2aab1b3b2b7b1b2c29" language="English" custom="readingOrder {index:3;}">
                    <Coords points="661,297 720,297 720,332 661,332"/>
                    <TextEquiv>
                        <Unicode>de),</Unicode>
                    </TextEquiv>
                    <TextStyle fontFamily="Times New Roman" fontSize="10.0"/>
                </Word>
                <Word id="w_w2aab1b3b2b7b1b2c39" language="English" custom="readingOrder {index:4;}">
                    <Coords points="737,306 837,306 837,325 737,325"/>
                    <TextEquiv>
                        <Unicode>neveu</Unicode>
                    </TextEquiv>
                    <TextStyle fontFamily="Times New Roman" fontSize="10.0"/>
                </Word>
                <Word id="w_w2aab1b3b2b7b1b2c51" language="English" custom="readingOrder {index:5;}">
                    <Coords points="854,297 891,297 891,324 854,324"/>
                    <TextEquiv>
                        <Unicode>de</Unicode>
                    </TextEquiv>
                    <TextStyle fontFamily="Times New Roman" fontSize="10.0"/>
                </Word>
                <Word id="w_w2aab1b3b2b7b1b2c57" language="English" custom="readingOrder {index:6;}">
                    <Coords points="910,298 1051,298 1051,325 910,325"/>
                    <TextEquiv>
                        <Unicode>Bernard</Unicode>
                    </TextEquiv>
                    <TextStyle fontFamily="Times New Roman" fontSize="10.0"/>
                </Word>
                <Word id="w_w2aab1b3b2b7b1b2c73" language="English" custom="readingOrder {index:7;}">
                    <Coords points="1067,299 1099,299 1099,326 1067,326"/>
                    <TextEquiv>
                        <Unicode>et</Unicode>
                    </TextEquiv>
                    <TextStyle fontFamily="Times New Roman" fontSize="10.0"/>
                </Word>
                <Word id="w_w2aab1b3b2b7b1b2c79" language="English" custom="readingOrder {index:8;}">
                    <Coords points="1120,298 1148,298 1148,326 1120,326"/>
                    <TextEquiv>
                        <Unicode>le</Unicode>
                    </TextEquiv>
                    <TextStyle fontFamily="Times New Roman" fontSize="10.0"/>
                </Word>
                <Word id="w_w2aab1b3b2b7b1b2c85" language="English" custom="readingOrder {index:9;}">
                    <Coords points="1165,297 1330,297 1330,325 1165,325"/>
                    <TextEquiv>
                        <Unicode>continua¬</Unicode>
                    </TextEquiv>
                    <TextStyle fontFamily="Times New Roman" fontSize="10.0"/>
                </Word>
                <TextEquiv>
                    <Unicode>91 Jussieu (Ant.-Laurent de), neveu de Bernard et le continua¬</Unicode>
                </TextEquiv>
            </TextLine>
            <TextEquiv>
                <Unicode>91 Jussieu (Ant.-Laurent de), neveu de Bernard et le continua¬</Unicode>
            </TextEquiv>
        </TextRegion>
        <TextRegion type="paragraph" id="r_2_5" custom="readingOrder {index:5;}">
            <Coords points="233,331 1333,331 1333,406 233,406"/>
            <TextLine id="tl_8" primaryLanguage="English" custom="readingOrder {index:0;}">
                <Coords points="234,332 1332,332 1332,370 234,370"/>
                <Baseline points="234,360 308,359 360,359 432,360 655,360 708,360 907,367 962,361 1015,360 1210,361 1253,360 1295,360 1332,360"/>
                <Word id="w_w2aab1b3b2b9b1ab1" language="English" custom="readingOrder {index:0;}">
                    <Coords points="234,335 308,335 308,360 234,360"/>
                    <TextEquiv>
                        <Unicode>teur</Unicode>
                    </TextEquiv>
                    <TextStyle fontFamily="Times New Roman" fontSize="10.0"/>
                </Word>
                <Word id="w_w2aab1b3b2b9b1ac11" language="English" custom="readingOrder {index:1;}">
                    <Coords points="323,332 360,332 360,359 323,359"/>
                    <TextEquiv>
                        <Unicode>de</Unicode>
                    </TextEquiv>
                    <TextStyle fontFamily="Times New Roman" fontSize="10.0"/>
                </Word>
                <Word id="w_w2aab1b3b2b9b1ac17" language="English" custom="readingOrder {index:2;}">
                    <Coords points="384,341 432,341 432,360 384,360"/>
                    <TextEquiv>
                        <Unicode>ses</Unicode>
                    </TextEquiv>
                    <TextStyle fontFamily="Times New Roman" fontSize="10.0"/>
                </Word>
                <Word id="w_w2aab1b3b2b9b1ac25" language="English" custom="readingOrder {index:3;}">
                    <Coords points="448,332 655,332 655,360 448,360"/>
                    <TextEquiv>
                        <Unicode>découvertes</Unicode>
                    </TextEquiv>
                    <TextStyle fontFamily="Times New Roman" fontSize="10.0"/>
                </Word>
                <Word id="w_w2aab1b3b2b9b1ac49" language="English" custom="readingOrder {index:4;}">
                    <Coords points="671,333 708,333 708,360 671,360"/>
                    <TextEquiv>
                        <Unicode>de</Unicode>
                    </TextEquiv>
                    <TextStyle fontFamily="Times New Roman" fontSize="10.0"/>
                </Word>
                <Word id="w_w2aab1b3b2b9b1ac55" language="English" custom="readingOrder {index:5;}">
                    <Coords points="726,332 907,332 907,369 726,369"/>
                    <TextEquiv>
                        <Unicode>botanique,</Unicode>
                    </TextEquiv>
                    <TextStyle fontFamily="Times New Roman" fontSize="10.0"/>
                </Word>
                <Word id="w_w2aab1b3b2b9b1ac77" language="English" custom="readingOrder {index:6;}">
                    <Coords points="924,334 962,334 962,361 924,361"/>
                    <TextEquiv>
                        <Unicode>né</Unicode>
                    </TextEquiv>
                    <TextStyle fontFamily="Times New Roman" fontSize="10.0"/>
                </Word>
                <Word id="w_w2aab1b3b2b9b1ac83" language="English" custom="readingOrder {index:7;}">
                    <Coords points="978,342 1015,342 1015,361 978,361"/>
                    <TextEquiv>
                        <Unicode>en</Unicode>
                    </TextEquiv>
                    <TextStyle fontFamily="Times New Roman" fontSize="10.0"/>
                </Word>
                <Word id="w_w2aab1b3b2b9b1ac89" language="English" custom="readingOrder {index:8;}">
                    <Coords points="1037,333 1210,333 1210,370 1037,370"/>
                    <TextEquiv>
                        <Unicode>Lyon.—L.</Unicode>
                    </TextEquiv>
                    <TextStyle fontFamily="Times New Roman" fontSize="10.0"/>
                </Word>
                <Word id="w_w2aab1b3b2b9b1ad107" language="English" custom="readingOrder {index:9;}">
                    <Coords points="1227,342 1253,342 1253,361 1227,361"/>
                    <TextEquiv>
                        <Unicode>a.</Unicode>
                    </TextEquiv>
                    <TextStyle fontFamily="Times New Roman" fontSize="10.0"/>
                </Word>
                <Word id="w_w2aab1b3b2b9b1ad113" language="English" custom="readingOrder {index:10;}">
                    <Coords points="1271,342 1295,342 1295,361 1271,361"/>
                    <TextEquiv>
                        <Unicode>s.</Unicode>
                    </TextEquiv>
                    <TextStyle fontFamily="Times New Roman" fontSize="10.0"/>
                </Word>
                <Word id="w_w2aab1b3b2b9b1ad119" language="English" custom="readingOrder {index:11;}">
                    <Coords points="1315,333 1332,333 1332,360 1315,360"/>
                    <TextEquiv>
                        <Unicode>à</Unicode>
                    </TextEquiv>
                    <TextStyle fontFamily="Times New Roman" fontSize="10.0"/>
                </Word>
                <TextEquiv>
                    <Unicode>teur de ses découvertes de botanique, né en Lyon. — L. a. s. à</Unicode>
                </TextEquiv>
                <TextStyle fontFamily="Times New Roman" fontSize="10.0"/>
            </TextLine>
            <TextLine id="tl_9" primaryLanguage="English" custom="readingOrder {index:1;}">
                <Coords points="235,368 1330,368 1330,405 235,405"/>
                <Baseline points="235,396 370,396 528,401 579,395 765,396 861,403 886,395 936,396 1030,397 1279,396 1330,393"/>
                <Word id="w_w2aab1b3b2b9b3ab1" language="English" custom="readingOrder {index:0;}">
                    <Coords points="235,368 370,368 370,404 235,404"/>
                    <TextEquiv>
                        <Unicode>Jacques</Unicode>
                    </TextEquiv>
                    <TextStyle fontFamily="Times New Roman" fontSize="10.0"/>
                </Word>
                <Word id="w_w2aab1b3b2b9b3ac17" language="English" custom="readingOrder {index:1;}">
                    <Coords points="385,368 528,368 528,401 385,401"/>
                    <TextEquiv>
                        <Unicode>Laffitte;</Unicode>
                    </TextEquiv>
                    <TextStyle fontFamily="Times New Roman" fontSize="10.0"/>
                </Word>
                <Word id="w_w2aab1b3b2b9b3ac37" language="English" custom="readingOrder {index:2;}">
                    <Coords points="547,369 579,369 579,395 547,395"/>
                    <TextEquiv>
                        <Unicode>14</Unicode>
                    </TextEquiv>
                    <TextStyle fontFamily="Times New Roman" fontSize="10.0"/>
                </Word>
                <Word id="w_w2aab1b3b2b9b3ac43" language="English" custom="readingOrder {index:3;}">
                    <Coords points="596,368 765,368 765,396 596,396"/>
                    <TextEquiv>
                        <Unicode>novembre</Unicode>
                    </TextEquiv>
                    <TextStyle fontFamily="Times New Roman" fontSize="10.0"/>
                </Word>
                <Word id="w_w2aab1b3b2b9b3ac61" language="English" custom="readingOrder {index:4;}">
                    <Coords points="783,369 861,369 861,403 783,403"/>
                    <TextEquiv>
                        <Unicode>1830,</Unicode>
                    </TextEquiv>
                    <TextStyle fontFamily="Times New Roman" fontSize="10.0"/>
                </Word>
                <Word id="w_w2aab1b3b2b9b3ac73" language="English" custom="readingOrder {index:5;}">
                    <Coords points="877,370 886,370 886,395 877,395"/>
                    <TextEquiv>
                        <Unicode>1</Unicode>
                    </TextEquiv>
                    <TextStyle fontFamily="Times New Roman" fontSize="10.0"/>
                </Word>
                <Word id="w_w2aab1b3b2b9b3ac77" language="English" custom="readingOrder {index:6;}">
                    <Coords points="909,377 936,377 936,405 909,405"/>
                    <TextEquiv>
                        <Unicode>p.</Unicode>
                    </TextEquiv>
                    <TextStyle fontFamily="Times New Roman" fontSize="10.0"/>
                </Word>
                <Word id="w_w2aab1b3b2b9b3ac83" language="English" custom="readingOrder {index:7;}">
                    <Coords points="955,369 1030,369 1030,397 955,397"/>
                    <TextEquiv>
                        <Unicode>in-4.</Unicode>
                    </TextEquiv>
                    <TextStyle fontFamily="Times New Roman" fontSize="10.0"/>
                </Word>
                <Word id="w_w2aab1b3b2b9b3ac95" language="English" custom="readingOrder {index:8;}">
                    <Coords points="1250,369 1279,369 1279,396 1250,396"/>
                    <TextEquiv>
                        <Unicode>15</Unicode>
                    </TextEquiv>
                    <TextStyle fontFamily="Times New Roman" fontSize="10.0"/>
                </Word>
                <Word id="w_w2aab1b3b2b9b3ad101" language="English" custom="readingOrder {index:9;}">
                    <Coords points="1317,379 1330,379 1330,393 1317,393"/>
                    <TextEquiv>
                        <Unicode>»</Unicode>
                    </TextEquiv>
                    <TextStyle fontFamily="Times New Roman" fontSize="10.0"/>
                </Word>
                <TextEquiv>
                    <Unicode>Jacques Laffitte; 14 novembre 1830, 1 p. in-4. 15 »</Unicode>
                </TextEquiv>
                <TextStyle fontFamily="Times New Roman" fontSize="10.0"/>
            </TextLine>
            <TextEquiv>
                <Unicode>teur de ses découvertes de botanique, né en Lyon. — L. a. s. à
Jacques Laffitte; 14 novembre 1830, 1 p. in-4. 15 »</Unicode>
            </TextEquiv>
        </TextRegion>
        <TextRegion type="paragraph" id="r_2_6" custom="readingOrder {index:6;}">
            <Coords points="181,402 1333,402 1333,548 181,548"/>
            <TextLine id="tl_10" primaryLanguage="English" custom="readingOrder {index:0;}">
                <Coords points="182,403 1332,403 1332,441 182,441"/>
                <Baseline points="182,431 198,431 267,432 610,438 730,432 781,432 975,438 1029,432 1096,433 1182,432 1332,432"/>
                <Word id="w_w2aab1b3b2c11b1ab1" language="English" custom="readingOrder {index:0;}">
                    <Coords points="182,404 216,404 216,432 182,432"/>
                    <TextEquiv>
                        <Unicode>92</Unicode>
                    </TextEquiv>
                    <TextStyle fontFamily="Times New Roman" fontSize="10.0"/>
                </Word>
                <Word id="w_w2aab1b3b2c11b1b1b1" language="English" custom="readingOrder {index:1;}">
                    <Coords points="236,404 444,404 444,439 236,439"/>
                    <TextEquiv>
                        <Unicode>Koutousofl</Unicode>
                    </TextEquiv>
                    <TextStyle fontFamily="Times New Roman" fontSize="9.5" bold="true"/>
                </Word>
                <Word id="w_w2aab1b3b2c11b1b2b1" language="English" custom="readingOrder {index:2;}">
                    <Coords points="460,403 610,403 610,439 460,439"/>
                    <TextEquiv>
                        <Unicode>(Michel),</Unicode>
                    </TextEquiv>
                    <TextStyle fontFamily="Times New Roman" fontSize="10.0"/>
                </Word>
                <Word id="w_w2aab1b3b2c11b1b2c21" language="English" custom="readingOrder {index:3;}">
                    <Coords points="623,404 730,404 730,439 623,439"/>
                    <TextEquiv>
                        <Unicode>prince</Unicode>
                    </TextEquiv>
                    <TextStyle fontFamily="Times New Roman" fontSize="10.0"/>
                </Word>
                <Word id="w_w2aab1b3b2c11b1b2c35" language="English" custom="readingOrder {index:4;}">
                    <Coords points="744,405 781,405 781,432 744,432"/>
                    <TextEquiv>
                        <Unicode>de</Unicode>
                    </TextEquiv>
                    <TextStyle fontFamily="Times New Roman" fontSize="10.0"/>
                </Word>
                <Word id="w_w2aab1b3b2c11b1b2c41" language="English" custom="readingOrder {index:5;}">
                    <Coords points="797,404 975,404 975,438 797,438"/>
                    <TextEquiv>
                        <Unicode>Smolensk,</Unicode>
                    </TextEquiv>
                    <TextStyle fontFamily="Times New Roman" fontSize="10.0"/>
                </Word>
                <Word id="w_w2aab1b3b2c11b1b2c61" language="English" custom="readingOrder {index:6;}">
                    <Coords points="988,413 1029,413 1029,432 988,432"/>
                    <TextEquiv>
                        <Unicode>un</Unicode>
                    </TextEquiv>
                    <TextStyle fontFamily="Times New Roman" fontSize="10.0"/>
                </Word>
                <Word id="w_w2aab1b3b2c11b1b2c67" language="English" custom="readingOrder {index:7;}">
                    <Coords points="1042,405 1096,405 1096,433 1042,433"/>
                    <TextEquiv>
                        <Unicode>des</Unicode>
                    </TextEquiv>
                    <TextStyle fontFamily="Times New Roman" fontSize="10.0"/>
                </Word>
                <Word id="w_w2aab1b3b2c11b1b2c75" language="English" custom="readingOrder {index:8;}">
                    <Coords points="1112,405 1182,405 1182,441 1112,441"/>
                    <TextEquiv>
                        <Unicode>plus</Unicode>
                    </TextEquiv>
                    <TextStyle fontFamily="Times New Roman" fontSize="10.0"/>
                </Word>
                <Word id="w_w2aab1b3b2c11b1b2c85" language="English" custom="readingOrder {index:9;}">
                    <Coords points="1193,404 1332,404 1332,433 1193,433"/>
                    <TextEquiv>
                        <Unicode>célèbres</Unicode>
                    </TextEquiv>
                    <TextStyle fontFamily="Times New Roman" fontSize="10.0"/>
                </Word>
                <TextEquiv>
                    <Unicode>92 Koutousoff (Michel), prince de Smolensk, un des plus célèbres</Unicode>
                </TextEquiv>
            </TextLine>
            <TextLine id="tl_11" primaryLanguage="English" custom="readingOrder {index:1;}">
                <Coords points="236,439 1328,439 1328,474 236,474"/>
                <Baseline points="236,467 510,467 635,467 688,467 739,467 868,474 923,468 975,468 1076,474 1176,468 1228,468 1328,468"/>
                <Word id="w_w2aab1b3b2c11b3ab1" language="English" custom="readingOrder {index:0;}">
                    <Coords points="236,439 510,439 510,467 236,467"/>
                    <TextEquiv>
                        <Unicode>feld-maréchaux</Unicode>
                    </TextEquiv>
                    <TextStyle fontFamily="Times New Roman" fontSize="10.0"/>
                </Word>
                <Word id="w_w2aab1b3b2c11b3ac31" language="English" custom="readingOrder {index:1;}">
                    <Coords points="530,448 635,448 635,467 530,467"/>
                    <TextEquiv>
                        <Unicode>russes</Unicode>
                    </TextEquiv>
                    <TextStyle fontFamily="Times New Roman" fontSize="10.0"/>
                </Word>
                <Word id="w_w2aab1b3b2c11b3ac45" language="English" custom="readingOrder {index:2;}">
                    <Coords points="651,439 688,439 688,467 651,467"/>
                    <TextEquiv>
                        <Unicode>de</Unicode>
                    </TextEquiv>
                    <TextStyle fontFamily="Times New Roman" fontSize="10.0"/>
                </Word>
                <Word id="w_w2aab1b3b2c11b3ac51" language="English" custom="readingOrder {index:3;}">
                    <Coords points="705,449 739,449 739,467 705,467"/>
                    <TextEquiv>
                        <Unicode>ce</Unicode>
                    </TextEquiv>
                    <TextStyle fontFamily="Times New Roman" fontSize="10.0"/>
                </Word>
                <Word id="w_w2aab1b3b2c11b3ac57" language="English" custom="readingOrder {index:4;}">
                    <Coords points="757,440 868,440 868,474 757,474"/>
                    <TextEquiv>
                        <Unicode>siècle,</Unicode>
                    </TextEquiv>
                    <TextStyle fontFamily="Times New Roman" fontSize="10.0"/>
                </Word>
                <Word id="w_w2aab1b3b2c11b3ac73" language="English" custom="readingOrder {index:5;}">
                    <Coords points="885,440 923,440 923,468 885,468"/>
                    <TextEquiv>
                        <Unicode>né</Unicode>
                    </TextEquiv>
                    <TextStyle fontFamily="Times New Roman" fontSize="10.0"/>
                </Word>
                <Word id="w_w2aab1b3b2c11b3ac79" language="English" custom="readingOrder {index:6;}">
                    <Coords points="938,449 975,449 975,468 938,468"/>
                    <TextEquiv>
                        <Unicode>en</Unicode>
                    </TextEquiv>
                    <TextStyle fontFamily="Times New Roman" fontSize="10.0"/>
                </Word>
                <Word id="w_w2aab1b3b2c11b3ac85" language="English" custom="readingOrder {index:7;}">
                    <Coords points="994,441 1076,441 1076,474 994,474"/>
                    <TextEquiv>
                        <Unicode>1745,</Unicode>
                    </TextEquiv>
                    <TextStyle fontFamily="Times New Roman" fontSize="10.0"/>
                </Word>
                <Word id="w_w2aab1b3b2c11b3ac97" language="English" custom="readingOrder {index:8;}">
                    <Coords points="1093,443 1176,443 1176,468 1093,468"/>
                    <TextEquiv>
                        <Unicode>mort</Unicode>
                    </TextEquiv>
                    <TextStyle fontFamily="Times New Roman" fontSize="10.0"/>
                </Word>
                <Word id="w_w2aab1b3b2c11b3ad107" language="English" custom="readingOrder {index:9;}">
                    <Coords points="1191,449 1228,449 1228,468 1191,468"/>
                    <TextEquiv>
                        <Unicode>en</Unicode>
                    </TextEquiv>
                    <TextStyle fontFamily="Times New Roman" fontSize="10.0"/>
                </Word>
                <Word id="w_w2aab1b3b2c11b3ad113" language="English" custom="readingOrder {index:10;}">
                    <Coords points="1250,440 1328,440 1328,468 1250,468"/>
                    <TextEquiv>
                        <Unicode>1813.</Unicode>
                    </TextEquiv>
                    <TextStyle fontFamily="Times New Roman" fontSize="10.0"/>
                </Word>
                <TextEquiv>
                    <Unicode>feld-maréchaux russes de ce siècle, né en 1745, mort en 1813.</Unicode>
                </TextEquiv>
                <TextStyle fontFamily="Times New Roman" fontSize="10.0"/>
            </TextLine>
            <TextLine id="tl_12" primaryLanguage="English" custom="readingOrder {index:2;}">
                <Coords points="236,475 1331,475 1331,513 236,513"/>
                <Baseline points="236,495 270,495 350,502 436,503 537,502 592,503 785,503 896,512 1001,509 1035,503 1092,504 1190,504 1331,503"/>
                <Word id="w_w2aab1b3b2c11b5ab1" language="English" custom="readingOrder {index:0;}">
                    <Coords points="236,492 270,492 270,495 236,495"/>
                    <TextEquiv>
                        <Unicode>—</Unicode>
                    </TextEquiv>
                    <TextStyle fontFamily="Times New Roman" fontSize="10.0"/>
                </Word>
                <Word id="w_w2aab1b3b2c11b5ab5" language="English" custom="readingOrder {index:1;}">
                    <Coords points="282,475 350,475 350,503 282,503"/>
                    <TextEquiv>
                        <Unicode>Let.</Unicode>
                    </TextEquiv>
                    <TextStyle fontFamily="Times New Roman" fontSize="10.0"/>
                </Word>
                <Word id="w_w2aab1b3b2c11b5ac15" language="English" custom="readingOrder {index:2;}">
                    <Coords points="377,475 436,475 436,511 377,511"/>
                    <TextEquiv>
                        <Unicode>sipr.</Unicode>
                    </TextEquiv>
                    <TextStyle fontFamily="Times New Roman" fontSize="10.0"/>
                </Word>
                <Word id="w_w2aab1b3b2c11b5ac27" language="English" custom="readingOrder {index:3;}">
                    <Coords points="463,483 537,483 537,503 463,503"/>
                    <TextEquiv>
                        <Unicode>avec</Unicode>
                    </TextEquiv>
                    <TextStyle fontFamily="Times New Roman" fontSize="10.0"/>
                </Word>
                <Word id="w_w2aab1b3b2c11b5ac37" language="English" custom="readingOrder {index:4;}">
                    <Coords points="562,475 592,475 592,503 562,503"/>
                    <TextEquiv>
                        <Unicode>la</Unicode>
                    </TextEquiv>
                    <TextStyle fontFamily="Times New Roman" fontSize="10.0"/>
                </Word>
                <Word id="w_w2aab1b3b2c11b5ac43" language="English" custom="readingOrder {index:5;}">
                    <Coords points="616,476 785,476 785,512 616,512"/>
                    <TextEquiv>
                        <Unicode>souscript.</Unicode>
                    </TextEquiv>
                    <TextStyle fontFamily="Times New Roman" fontSize="10.0"/>
                </Word>
                <Word id="w_w2aab1b3b2c11b5ac65" language="English" custom="readingOrder {index:6;}">
                    <Coords points="813,478 896,478 896,512 813,512"/>
                    <TextEquiv>
                        <Unicode>aut.;</Unicode>
                    </TextEquiv>
                    <TextStyle fontFamily="Times New Roman" fontSize="10.0"/>
                </Word>
                <Word id="w_w2aab1b3b2c11b5ac77" language="English" custom="readingOrder {index:7;}">
                    <Coords points="923,476 1001,476 1001,509 923,509"/>
                    <TextEquiv>
                        <Unicode>1789,</Unicode>
                    </TextEquiv>
                    <TextStyle fontFamily="Times New Roman" fontSize="10.0"/>
                </Word>
                <Word id="w_w2aab1b3b2c11b5ac89" language="English" custom="readingOrder {index:8;}">
                    <Coords points="1026,479 1035,479 1035,503 1026,503"/>
                    <TextEquiv>
                        <Unicode>1</Unicode>
                    </TextEquiv>
                    <TextStyle fontFamily="Times New Roman" fontSize="10.0"/>
                </Word>
                <Word id="w_w2aab1b3b2c11b5ac93" language="English" custom="readingOrder {index:9;}">
                    <Coords points="1064,485 1092,485 1092,513 1064,513"/>
                    <TextEquiv>
                        <Unicode>p.</Unicode>
                    </TextEquiv>
                    <TextStyle fontFamily="Times New Roman" fontSize="10.0"/>
                </Word>
                <Word id="w_w2aab1b3b2c11b5ac99" language="English" custom="readingOrder {index:10;}">
                    <Coords points="1116,476 1190,476 1190,504 1116,504"/>
                    <TextEquiv>
                        <Unicode>in-4.</Unicode>
                    </TextEquiv>
                    <TextStyle fontFamily="Times New Roman" fontSize="10.0"/>
                </Word>
                <Word id="w_w2aab1b3b2c11b5ad111" language="English" custom="readingOrder {index:11;}">
                    <Coords points="1213,476 1331,476 1331,512 1213,512"/>
                    <TextEquiv>
                        <Unicode>Piquée</Unicode>
                    </TextEquiv>
                    <TextStyle fontFamily="Times New Roman" fontSize="10.0"/>
                </Word>
                <TextEquiv>
                    <Unicode>— Let. sig. avec la souscript. aut.; 1789, 1 p. in-4. Piquée</Unicode>
                </TextEquiv>
                <TextStyle fontFamily="Times New Roman" fontSize="10.0"/>
            </TextLine>
            <TextLine id="tl_13" primaryLanguage="English" custom="readingOrder {index:3;}">
                <Coords points="238,508 1331,508 1331,547 238,547"/>
                <Baseline points="238,538 426,538 519,539 566,538 684,539 834,539 892,540 963,540 1017,540 1064,540 1189,540 1279,539 1331,536"/>
                <Word id="w_w2aab1b3b2c11b7ab1" language="English" custom="readingOrder {index:0;}">
                    <Coords points="238,508 426,508 426,539 238,539"/>
                    <TextEquiv>
                        <Unicode>d’humidité</Unicode>
                    </TextEquiv>
                    <TextStyle fontFamily="Times New Roman" fontSize="10.0"/>
                </Word>
                <Word id="w_w2aab1b3b2c11b7ac23" language="English" custom="readingOrder {index:1;}">
                    <Coords points="443,511 519,511 519,539 443,539"/>
                    <TextEquiv>
                        <Unicode>dans</Unicode>
                    </TextEquiv>
                    <TextStyle fontFamily="Times New Roman" fontSize="10.0"/>
                </Word>
                <Word id="w_w2aab1b3b2c11b7ac33" language="English" custom="readingOrder {index:2;}">
                    <Coords points="536,511 566,511 566,538 536,538"/>
                    <TextEquiv>
                        <Unicode>la</Unicode>
                    </TextEquiv>
                    <TextStyle fontFamily="Times New Roman" fontSize="10.0"/>
                </Word>
                <Word id="w_w2aab1b3b2c11b7ac39" language="English" custom="readingOrder {index:3;}">
                    <Coords points="581,512 684,512 684,547 581,547"/>
                    <TextEquiv>
                        <Unicode>partie</Unicode>
                    </TextEquiv>
                    <TextStyle fontFamily="Times New Roman" fontSize="10.0"/>
                </Word>
                <Word id="w_w2aab1b3b2c11b7ac53" language="English" custom="readingOrder {index:4;}">
                    <Coords points="702,511 834,511 834,539 702,539"/>
                    <TextEquiv>
                        <Unicode>blanche</Unicode>
                    </TextEquiv>
                    <TextStyle fontFamily="Times New Roman" fontSize="10.0"/>
                </Word>
                <Word id="w_w2aab1b3b2c11b7ac69" language="English" custom="readingOrder {index:5;}">
                    <Coords points="851,512 892,512 892,540 851,540"/>
                    <TextEquiv>
                        <Unicode>du</Unicode>
                    </TextEquiv>
                    <TextStyle fontFamily="Times New Roman" fontSize="10.0"/>
                </Word>
                <Word id="w_w2aab1b3b2c11b7ac75" language="English" custom="readingOrder {index:6;}">
                    <Coords points="909,512 963,512 963,540 909,540"/>
                    <TextEquiv>
                        <Unicode>bas</Unicode>
                    </TextEquiv>
                    <TextStyle fontFamily="Times New Roman" fontSize="10.0"/>
                </Word>
                <Word id="w_w2aab1b3b2c11b7ac83" language="English" custom="readingOrder {index:7;}">
                    <Coords points="980,513 1017,513 1017,540 980,540"/>
                    <TextEquiv>
                        <Unicode>de</Unicode>
                    </TextEquiv>
                    <TextStyle fontFamily="Times New Roman" fontSize="10.0"/>
                </Word>
                <Word id="w_w2aab1b3b2c11b7ac89" language="English" custom="readingOrder {index:8;}">
                    <Coords points="1034,512 1064,512 1064,540 1034,540"/>
                    <TextEquiv>
                        <Unicode>la</Unicode>
                    </TextEquiv>
                    <TextStyle fontFamily="Times New Roman" fontSize="10.0"/>
                </Word>
                <Word id="w_w2aab1b3b2c11b7ac95" language="English" custom="readingOrder {index:9;}">
                    <Coords points="1080,512 1189,512 1189,540 1080,540"/>
                    <TextEquiv>
                        <Unicode>lettre.</Unicode>
                    </TextEquiv>
                    <TextStyle fontFamily="Times New Roman" fontSize="10.0"/>
                </Word>
                <Word id="w_w2aab1b3b2c11b7ad111" language="English" custom="readingOrder {index:10;}">
                    <Coords points="1246,512 1279,512 1279,539 1246,539"/>
                    <TextEquiv>
                        <Unicode>30</Unicode>
                    </TextEquiv>
                    <TextStyle fontFamily="Times New Roman" fontSize="10.0"/>
                </Word>
                <Word id="w_w2aab1b3b2c11b7ad117" language="English" custom="readingOrder {index:11;}">
                    <Coords points="1317,522 1331,522 1331,536 1317,536"/>
                    <TextEquiv>
                        <Unicode>»</Unicode>
                    </TextEquiv>
                    <TextStyle fontFamily="Times New Roman" fontSize="10.0"/>
                </Word>
                <TextEquiv>
                    <Unicode>d’humidité dans la partie blanche du bas de la lettre. 30 »</Unicode>
                </TextEquiv>
                <TextStyle fontFamily="Times New Roman" fontSize="10.0"/>
            </TextLine>
            <TextEquiv>
                <Unicode>92 Koutousoff (Michel), prince de Smolensk, un des plus célèbres
feld-maréchaux russes de ce siècle, né en 1745, mort en 1813.
— Let. sig. avec la souscript. aut.; 1789, 1 p. in-4. Piquée
d’humidité dans la partie blanche du bas de la lettre. 30 »</Unicode>
            </TextEquiv>
        </TextRegion>
        <TextRegion type="paragraph" id="r_2_7" custom="readingOrder {index:7;}">
            <Coords points="182,545 1333,545 1333,583 182,583"/>
            <TextLine id="tl_14" primaryLanguage="English" custom="readingOrder {index:0;}">
                <Coords points="183,546 1332,546 1332,582 183,582"/>
                <Baseline points="183,574 199,574 264,574 638,574 710,581 850,576 1056,582 1332,574"/>
                <Word id="w_w2aab1b3b2c13b1ab1" language="English" custom="readingOrder {index:0;}">
                    <Coords points="183,547 217,547 217,574 183,574"/>
                    <TextEquiv>
                        <Unicode>93</Unicode>
                    </TextEquiv>
                    <TextStyle fontFamily="Times New Roman" fontSize="10.0"/>
                </Word>
                <Word id="w_w2aab1b3b2c13b1b1b1" language="English" custom="readingOrder {index:1;}">
                    <Coords points="237,547 499,547 499,581 237,581"/>
                    <TextEquiv>
                        <Unicode>Lacondamine</Unicode>
                    </TextEquiv>
                    <TextStyle fontFamily="Times New Roman" fontSize="9.5" bold="true"/>
                </Word>
                <Word id="w_w2aab1b3b2c13b1b2b1" language="English" custom="readingOrder {index:2;}">
                    <Coords points="516,546 638,546 638,581 516,581"/>
                    <TextEquiv>
                        <Unicode>(Ch.-M.</Unicode>
                    </TextEquiv>
                    <TextStyle fontFamily="Times New Roman" fontSize="10.0"/>
                </Word>
                <Word id="w_w2aab1b3b2c13b1b2c17" language="English" custom="readingOrder {index:3;}">
                    <Coords points="651,547 710,547 710,581 651,581"/>
                    <TextEquiv>
                        <Unicode>de),</Unicode>
                    </TextEquiv>
                    <TextStyle fontFamily="Times New Roman" fontSize="10.0"/>
                </Word>
                <Word id="w_w2aab1b3b2c13b1b2c27" language="English" custom="readingOrder {index:4;}">
                    <Coords points="723,547 850,547 850,576 723,576"/>
                    <TextEquiv>
                        <Unicode>illustre</Unicode>
                    </TextEquiv>
                    <TextStyle fontFamily="Times New Roman" fontSize="10.0"/>
                </Word>
                <Word id="w_w2aab1b3b2c13b1b2c45" language="English" custom="readingOrder {index:5;}">
                    <Coords points="866,551 1056,551 1056,582 866,582"/>
                    <TextEquiv>
                        <Unicode>astronome,</Unicode>
                    </TextEquiv>
                    <TextStyle fontFamily="Times New Roman" fontSize="10.0"/>
                </Word>
                <Word id="w_w2aab1b3b2c13b1b2c67" language="English" custom="readingOrder {index:6;}">
                    <Coords points="1074,548 1332,548 1332,576 1074,576"/>
                    <TextEquiv>
                        <Unicode>mathématicien</Unicode>
                    </TextEquiv>
                    <TextStyle fontFamily="Times New Roman" fontSize="10.0"/>
                </Word>
                <TextEquiv>
                    <Unicode>93 Lacondamine (Ch.-M. de), illustre astronome, mathématicien</Unicode>
                </TextEquiv>
            </TextLine>
            <TextEquiv>
                <Unicode>93 Lacondamine (Ch.-M. de), illustre astronome, mathématicien</Unicode>
            </TextEquiv>
        </TextRegion>
        <TextRegion type="paragraph" id="r_2_8" custom="readingOrder {index:8;}">
            <Coords points="236,581 1334,581 1334,683 236,683"/>
            <TextLine id="tl_15" primaryLanguage="English" custom="readingOrder {index:0;}">
                <Coords points="237,582 1333,582 1333,623 237,623"/>
                <Baseline points="237,610 270,610 475,617 542,610 761,610 958,611 1005,604 1053,611 1110,612 1163,611 1206,611 1333,610"/>
                <Word id="w_w2aab1b3b2c15b1ab1" language="English" custom="readingOrder {index:0;}">
                    <Coords points="237,585 270,585 270,610 237,610"/>
                    <TextEquiv>
                        <Unicode>et</Unicode>
                    </TextEquiv>
                    <TextStyle fontFamily="Times New Roman" fontSize="10.0"/>
                </Word>
                <Word id="w_w2aab1b3b2c15b1ab7" language="English" custom="readingOrder {index:1;}">
                    <Coords points="298,591 475,591 475,623 298,623"/>
                    <TextEquiv>
                        <Unicode>voyageur,</Unicode>
                    </TextEquiv>
                    <TextStyle fontFamily="Times New Roman" fontSize="10.0"/>
                </Word>
                <Word id="w_w2aab1b3b2c15b1ac27" language="English" custom="readingOrder {index:2;}">
                    <Coords points="505,582 542,582 542,610 505,610"/>
                    <TextEquiv>
                        <Unicode>de</Unicode>
                    </TextEquiv>
                    <TextStyle fontFamily="Times New Roman" fontSize="10.0"/>
                </Word>
                <Word id="w_w2aab1b3b2c15b1ac33" language="English" custom="readingOrder {index:3;}">
                    <Coords points="573,582 761,582 761,611 573,611"/>
                    <TextEquiv>
                        <Unicode>l’Académie</Unicode>
                    </TextEquiv>
                    <TextStyle fontFamily="Times New Roman" fontSize="10.0"/>
                </Word>
                <Word id="w_w2aab1b3b2c15b1ac55" language="English" custom="readingOrder {index:4;}">
                    <Coords points="791,584 958,584 958,622 791,622"/>
                    <TextEquiv>
                        <Unicode>française.</Unicode>
                    </TextEquiv>
                    <TextStyle fontFamily="Times New Roman" fontSize="10.0"/>
                </Word>
                <Word id="w_w2aab1b3b2c15b1ac77" language="English" custom="readingOrder {index:5;}">
                    <Coords points="969,600 1005,600 1005,604 969,604"/>
                    <TextEquiv>
                        <Unicode>—</Unicode>
                    </TextEquiv>
                    <TextStyle fontFamily="Times New Roman" fontSize="10.0"/>
                </Word>
                <Word id="w_w2aab1b3b2c15b1ac81" language="English" custom="readingOrder {index:6;}">
                    <Coords points="1019,584 1053,584 1053,612 1019,612"/>
                    <TextEquiv>
                        <Unicode>L.</Unicode>
                    </TextEquiv>
                    <TextStyle fontFamily="Times New Roman" fontSize="10.0"/>
                </Word>
                <Word id="w_w2aab1b3b2c15b1ac87" language="English" custom="readingOrder {index:7;}">
                    <Coords points="1084,593 1110,593 1110,612 1084,612"/>
                    <TextEquiv>
                        <Unicode>a.</Unicode>
                    </TextEquiv>
                    <TextStyle fontFamily="Times New Roman" fontSize="10.0"/>
                </Word>
                <Word id="w_w2aab1b3b2c15b1ac93" language="English" custom="readingOrder {index:8;}">
                    <Coords points="1139,592 1163,592 1163,611 1139,611"/>
                    <TextEquiv>
                        <Unicode>s.</Unicode>
                    </TextEquiv>
                    <TextStyle fontFamily="Times New Roman" fontSize="10.0"/>
                </Word>
                <Word id="w_w2aab1b3b2c15b1ac99" language="English" custom="readingOrder {index:9;}">
                    <Coords points="1189,584 1206,584 1206,611 1189,611"/>
                    <TextEquiv>
                        <Unicode>à</Unicode>
                    </TextEquiv>
                    <TextStyle fontFamily="Times New Roman" fontSize="10.0"/>
                </Word>
                <Word id="w_w2aab1b3b2c15b1ad103" language="English" custom="readingOrder {index:10;}">
                    <Coords points="1235,583 1333,583 1333,611 1235,611"/>
                    <TextEquiv>
                        <Unicode>l’abbé</Unicode>
                    </TextEquiv>
                    <TextStyle fontFamily="Times New Roman" fontSize="10.0"/>
                </Word>
                <TextEquiv>
                    <Unicode>et voyageur, de l’Académie française. — L. a. s. à l’abbé</Unicode>
                </TextEquiv>
                <TextStyle fontFamily="Times New Roman" fontSize="10.0"/>
            </TextLine>
            <TextLine id="tl_16" primaryLanguage="English" custom="readingOrder {index:1;}">
                <Coords points="237,618 1333,618 1333,656 237,656"/>
                <Baseline points="237,646 375,652 518,652 577,645 677,647 784,654 822,646 883,647 971,647 1076,654 1211,647 1256,646 1333,646"/>
                <Word id="w_w2aab1b3b2c15b3ab1" language="English" custom="readingOrder {index:0;}">
                    <Coords points="237,618 375,618 375,652 237,652"/>
                    <TextEquiv>
                        <Unicode>Venuti;</Unicode>
                    </TextEquiv>
                    <TextStyle fontFamily="Times New Roman" fontSize="10.0"/>
                </Word>
                <Word id="w_w2aab1b3b2c15b3ac17" language="English" custom="readingOrder {index:1;}">
                    <Coords points="401,619 518,619 518,652 401,652"/>
                    <TextEquiv>
                        <Unicode>Rome,</Unicode>
                    </TextEquiv>
                    <TextStyle fontFamily="Times New Roman" fontSize="10.0"/>
                </Word>
                <Word id="w_w2aab1b3b2c15b3ac29" language="English" custom="readingOrder {index:2;}">
                    <Coords points="544,618 577,618 577,645 544,645"/>
                    <TextEquiv>
                        <Unicode>15</Unicode>
                    </TextEquiv>
                    <TextStyle fontFamily="Times New Roman" fontSize="10.0"/>
                </Word>
                <Word id="w_w2aab1b3b2c15b3ac35" language="English" custom="readingOrder {index:3;}">
                    <Coords points="601,618 677,618 677,647 601,647"/>
                    <TextEquiv>
                        <Unicode>août</Unicode>
                    </TextEquiv>
                    <TextStyle fontFamily="Times New Roman" fontSize="10.0"/>
                </Word>
                <Word id="w_w2aab1b3b2c15b3ac45" language="English" custom="readingOrder {index:4;}">
                    <Coords points="702,619 784,619 784,654 702,654"/>
                    <TextEquiv>
                        <Unicode>1755,</Unicode>
                    </TextEquiv>
                    <TextStyle fontFamily="Times New Roman" fontSize="10.0"/>
                </Word>
                <Word id="w_w2aab1b3b2c15b3ac57" language="English" custom="readingOrder {index:5;}">
                    <Coords points="811,621 822,621 822,646 811,646"/>
                    <TextEquiv>
                        <Unicode>1</Unicode>
                    </TextEquiv>
                    <TextStyle fontFamily="Times New Roman" fontSize="10.0"/>
                </Word>
                <Word id="w_w2aab1b3b2c15b3ac61" language="English" custom="readingOrder {index:6;}">
                    <Coords points="855,628 883,628 883,656 855,656"/>
                    <TextEquiv>
                        <Unicode>p.</Unicode>
                    </TextEquiv>
                    <TextStyle fontFamily="Times New Roman" fontSize="10.0"/>
                </Word>
                <Word id="w_w2aab1b3b2c15b3ac67" language="English" custom="readingOrder {index:7;}">
                    <Coords points="909,622 971,622 971,656 909,656"/>
                    <TextEquiv>
                        <Unicode>pet.</Unicode>
                    </TextEquiv>
                    <TextStyle fontFamily="Times New Roman" fontSize="10.0"/>
                </Word>
                <Word id="w_w2aab1b3b2c15b3ac77" language="English" custom="readingOrder {index:8;}">
                    <Coords points="997,621 1076,621 1076,654 997,654"/>
                    <TextEquiv>
                        <Unicode>in-4,</Unicode>
                    </TextEquiv>
                    <TextStyle fontFamily="Times New Roman" fontSize="10.0"/>
                </Word>
                <Word id="w_w2aab1b3b2c15b3ac89" language="English" custom="readingOrder {index:9;}">
                    <Coords points="1101,620 1211,620 1211,647 1101,647"/>
                    <TextEquiv>
                        <Unicode>cachet</Unicode>
                    </TextEquiv>
                    <TextStyle fontFamily="Times New Roman" fontSize="10.0"/>
                </Word>
                <Word id="w_w2aab1b3b2c15b3ad103" language="English" custom="readingOrder {index:10;}">
                    <Coords points="1240,620 1256,620 1256,646 1240,646"/>
                    <TextEquiv>
                        <Unicode>à</Unicode>
                    </TextEquiv>
                    <TextStyle fontFamily="Times New Roman" fontSize="10.0"/>
                </Word>
                <Word id="w_w2aab1b3b2c15b3ad107" language="English" custom="readingOrder {index:11;}">
                    <Coords points="1285,626 1333,626 1333,648 1285,648"/>
                    <TextEquiv>
                        <Unicode>ses</Unicode>
                    </TextEquiv>
                    <TextStyle fontFamily="Times New Roman" fontSize="10.0"/>
                </Word>
                <TextEquiv>
                    <Unicode>Venuti; Rome, 15 août 1755, 1 p. pet. in-4, cachet à ses</Unicode>
                </TextEquiv>
                <TextStyle fontFamily="Times New Roman" fontSize="10.0"/>
            </TextLine>
            <TextLine id="tl_17" primaryLanguage="English" custom="readingOrder {index:2;}">
                <Coords points="238,654 1333,654 1333,682 238,682"/>
                <Baseline points="238,681 352,682 451,682 577,682 1280,682 1333,679"/>
                <Word id="w_w2aab1b3b2c15b5ab1" language="English" custom="readingOrder {index:0;}">
                    <Coords points="238,663 352,663 352,682 238,682"/>
                    <TextEquiv>
                        <Unicode>armes.</Unicode>
                    </TextEquiv>
                    <TextStyle fontFamily="Times New Roman" fontSize="10.0"/>
                </Word>
                <Word id="w_w2aab1b3b2c15b5ac15" language="English" custom="readingOrder {index:1;}">
                    <Coords points="368,654 451,654 451,682 368,682"/>
                    <TextEquiv>
                        <Unicode>Jolie</Unicode>
                    </TextEquiv>
                    <TextStyle fontFamily="Times New Roman" fontSize="10.0"/>
                </Word>
                <Word id="w_w2aab1b3b2c15b5ac27" language="English" custom="readingOrder {index:2;}">
                    <Coords points="468,654 577,654 577,682 468,682"/>
                    <TextEquiv>
                        <Unicode>lettre.</Unicode>
                    </TextEquiv>
                    <TextStyle fontFamily="Times New Roman" fontSize="10.0"/>
                </Word>
                <Word id="w_w2aab1b3b2c15b5ac43" language="English" custom="readingOrder {index:3;}">
                    <Coords points="1249,655 1280,655 1280,682 1249,682"/>
                    <TextEquiv>
                        <Unicode>18</Unicode>
                    </TextEquiv>
                    <TextStyle fontFamily="Times New Roman" fontSize="10.0"/>
                </Word>
                <Word id="w_w2aab1b3b2c15b5ac49" language="English" custom="readingOrder {index:4;}">
                    <Coords points="1319,665 1333,665 1333,679 1319,679"/>
                    <TextEquiv>
                        <Unicode>»</Unicode>
                    </TextEquiv>
                    <TextStyle fontFamily="Times New Roman" fontSize="10.0"/>
                </Word>
                <TextEquiv>
                    <Unicode>armes. Jolie lettre. 18 »</Unicode>
                </TextEquiv>
                <TextStyle fontFamily="Times New Roman" fontSize="10.0"/>
            </TextLine>
            <TextEquiv>
                <Unicode>et voyageur, de l’Académie française. — L. a. s. à l’abbé
Venuti; Rome, 15 août 1755, 1 p. pet. in-4, cachet à ses
armes. Jolie lettre. 18 »</Unicode>
            </TextEquiv>
        </TextRegion>
        <TextRegion type="paragraph" id="r_2_9" custom="readingOrder {index:9;}">
            <Coords points="184,689 1334,689 1334,728 184,728"/>
            <TextLine id="tl_18" primaryLanguage="English" custom="readingOrder {index:0;}">
                <Coords points="185,690 1333,690 1333,727 185,727"/>
                <Baseline points="185,717 201,717 288,717 332,718 586,717 662,724 708,718 828,718 1009,718 1052,711 1157,718 1238,718 1333,724"/>
                <Word id="w_w2aab1b3b2c17b1ab1" language="English" custom="readingOrder {index:0;}">
                    <Coords points="185,691 219,691 219,717 185,717"/>
                    <TextEquiv>
                        <Unicode>94</Unicode>
                    </TextEquiv>
                    <TextStyle fontFamily="Times New Roman" fontSize="10.0"/>
                </Word>
                <Word id="w_w2aab1b3b2c17b1b1b1" language="English" custom="readingOrder {index:1;}">
                    <Coords points="238,691 288,691 288,717 238,717"/>
                    <TextEquiv>
                        <Unicode>La</Unicode>
                    </TextEquiv>
                    <TextStyle fontFamily="Times New Roman" fontSize="9.5" bold="true"/>
                </Word>
                <Word id="w_w2aab1b3b2c17b1b1b7" language="English" custom="readingOrder {index:2;}">
                    <Coords points="307,690 479,690 479,725 307,725"/>
                    <TextEquiv>
                        <Unicode>Fontaine</Unicode>
                    </TextEquiv>
                    <TextStyle fontFamily="Times New Roman" fontSize="9.5" bold="true"/>
                </Word>
                <Word id="w_w2aab1b3b2c17b1b2b1" language="English" custom="readingOrder {index:3;}">
                    <Coords points="498,690 586,690 586,725 498,725"/>
                    <TextEquiv>
                        <Unicode>(Jean</Unicode>
                    </TextEquiv>
                    <TextStyle fontFamily="Times New Roman" fontSize="10.0"/>
                </Word>
                <Word id="w_w2aab1b3b2c17b1b2c13" language="English" custom="readingOrder {index:4;}">
                    <Coords points="604,690 662,690 662,726 604,726"/>
                    <TextEquiv>
                        <Unicode>de),</Unicode>
                    </TextEquiv>
                    <TextStyle fontFamily="Times New Roman" fontSize="10.0"/>
                </Word>
                <Word id="w_w2aab1b3b2c17b1b2c23" language="English" custom="readingOrder {index:5;}">
                    <Coords points="679,690 708,690 708,718 679,718"/>
                    <TextEquiv>
                        <Unicode>le</Unicode>
                    </TextEquiv>
                    <TextStyle fontFamily="Times New Roman" fontSize="10.0"/>
                </Word>
                <Word id="w_w2aab1b3b2c17b1b2c29" language="English" custom="readingOrder {index:6;}">
                    <Coords points="729,690 828,690 828,726 729,726"/>
                    <TextEquiv>
                        <Unicode>grand</Unicode>
                    </TextEquiv>
                    <TextStyle fontFamily="Times New Roman" fontSize="10.0"/>
                </Word>
                <Word id="w_w2aab1b3b2c17b1b2c41" language="English" custom="readingOrder {index:7;}">
                    <Coords points="848,691 1009,691 1009,719 848,719"/>
                    <TextEquiv>
                        <Unicode>fabuliste.</Unicode>
                    </TextEquiv>
                    <TextStyle fontFamily="Times New Roman" fontSize="10.0"/>
                </Word>
                <Word id="w_w2aab1b3b2c17b1b2c63" language="English" custom="readingOrder {index:8;}">
                    <Coords points="1019,708 1052,708 1052,711 1019,711"/>
                    <TextEquiv>
                        <Unicode>—</Unicode>
                    </TextEquiv>
                    <TextStyle fontFamily="Times New Roman" fontSize="10.0"/>
                </Word>
                <Word id="w_w2aab1b3b2c17b1b2c67" language="English" custom="readingOrder {index:9;}">
                    <Coords points="1064,691 1157,691 1157,719 1064,719"/>
                    <TextEquiv>
                        <Unicode>Pièce</Unicode>
                    </TextEquiv>
                    <TextStyle fontFamily="Times New Roman" fontSize="10.0"/>
                </Word>
                <Word id="w_w2aab1b3b2c17b1b2c79" language="English" custom="readingOrder {index:10;}">
                    <Coords points="1174,693 1238,693 1238,718 1174,718"/>
                    <TextEquiv>
                        <Unicode>aut.</Unicode>
                    </TextEquiv>
                    <TextStyle fontFamily="Times New Roman" fontSize="10.0"/>
                </Word>
                <Word id="w_w2aab1b3b2c17b1b2c89" language="English" custom="readingOrder {index:11;}">
                    <Coords points="1256,690 1333,690 1333,727 1256,727"/>
                    <TextEquiv>
                        <Unicode>sig.,</Unicode>
                    </TextEquiv>
                    <TextStyle fontFamily="Times New Roman" fontSize="10.0"/>
                </Word>
                <TextEquiv>
                    <Unicode>94 La Fontaine (Jean de), le grand fabuliste. — Pièce aut. sig.,</Unicode>
                </TextEquiv>
            </TextLine>
            <TextEquiv>
                <Unicode>94 La Fontaine (Jean de), le grand fabuliste. — Pièce aut. sig.,</Unicode>
            </TextEquiv>
        </TextRegion>
        <TextRegion type="paragraph" id="r_2_10" custom="readingOrder {index:10;}">
            <Coords points="238,722 1333,722 1333,763 238,763"/>
            <TextLine id="tl_19" primaryLanguage="English" custom="readingOrder {index:0;}">
                <Coords points="239,723 1332,723 1332,762 239,762"/>
                <Baseline points="239,753 272,753 468,753 565,760 632,752 677,754 756,754 850,754 955,754 989,762 1112,754 1131,754 1281,754 1332,751"/>
                <Word id="w_w2aab1b3b2c19b1ab1" language="English" custom="readingOrder {index:0;}">
                    <Coords points="239,726 272,726 272,753 239,753"/>
                    <TextEquiv>
                        <Unicode>28</Unicode>
                    </TextEquiv>
                    <TextStyle fontFamily="Times New Roman" fontSize="10.0"/>
                </Word>
                <Word id="w_w2aab1b3b2c19b1ab7" language="English" custom="readingOrder {index:1;}">
                    <Coords points="289,726 468,726 468,762 289,762"/>
                    <TextEquiv>
                        <Unicode>septembre</Unicode>
                    </TextEquiv>
                    <TextStyle fontFamily="Times New Roman" fontSize="10.0"/>
                </Word>
                <Word id="w_w2aab1b3b2c19b1ac27" language="English" custom="readingOrder {index:2;}">
                    <Coords points="486,726 565,726 565,760 486,760"/>
                    <TextEquiv>
                        <Unicode>1656,</Unicode>
                    </TextEquiv>
                    <TextStyle fontFamily="Times New Roman" fontSize="10.0"/>
                </Word>
                <Word id="w_w2aab1b3b2c19b1ac39" language="English" custom="readingOrder {index:3;}">
                    <Coords points="582,726 632,726 632,760 582,760"/>
                    <TextEquiv>
                        <Unicode>1/2</Unicode>
                    </TextEquiv>
                    <TextStyle fontFamily="Times New Roman" fontSize="10.0"/>
                </Word>
                <Word id="w_w2aab1b3b2c19b1ac47" language="English" custom="readingOrder {index:4;}">
                    <Coords points="648,734 677,734 677,762 648,762"/>
                    <TextEquiv>
                        <Unicode>p.</Unicode>
                    </TextEquiv>
                    <TextStyle fontFamily="Times New Roman" fontSize="10.0"/>
                </Word>
                <Word id="w_w2aab1b3b2c19b1ac53" language="English" custom="readingOrder {index:5;}">
                    <Coords points="694,723 756,723 756,762 694,762"/>
                    <TextEquiv>
                        <Unicode>pet.</Unicode>
                    </TextEquiv>
                    <TextStyle fontFamily="Times New Roman" fontSize="10.0"/>
                </Word>
                <Word id="w_w2aab1b3b2c19b1ac63" language="English" custom="readingOrder {index:6;}">
                    <Coords points="774,727 850,727 850,754 774,754"/>
                    <TextEquiv>
                        <Unicode>in-4.</Unicode>
                    </TextEquiv>
                    <TextStyle fontFamily="Times New Roman" fontSize="10.0"/>
                </Word>
                <Word id="w_w2aab1b3b2c19b1ac75" language="English" custom="readingOrder {index:7;}">
                    <Coords points="869,727 955,727 955,755 869,755"/>
                    <TextEquiv>
                        <Unicode>Belle</Unicode>
                    </TextEquiv>
                    <TextStyle fontFamily="Times New Roman" fontSize="10.0"/>
                </Word>
                <Word id="w_w2aab1b3b2c19b1ac87" language="English" custom="readingOrder {index:8;}">
                    <Coords points="972,727 1073,727 1073,762 972,762"/>
                    <TextEquiv>
                        <Unicode>pièce.</Unicode>
                    </TextEquiv>
                    <TextStyle fontFamily="Times New Roman" fontSize="10.0"/>
                </Word>
                <Word id="w_w2aab1b3b2c19b1b1b1" language="English" custom="readingOrder {index:9;}">
                    <Coords points="1095,729 1112,729 1112,754 1095,754"/>
                    <TextEquiv>
                        <Unicode>H</Unicode>
                    </TextEquiv>
                    <TextStyle fontFamily="Times New Roman" fontSize="9.5" italic="true"/>
                </Word>
                <Word id="w_w2aab1b3b2c19b1b1b5" language="English" custom="readingOrder {index:10;}">
                    <Coords points="1116,735 1169,735 1169,754 1116,754"/>
                    <TextEquiv>
                        <Unicode>are.</Unicode>
                    </TextEquiv>
                    <TextStyle fontFamily="Times New Roman" fontSize="9.5" italic="true"/>
                </Word>
                <Word id="w_w2aab1b3b2c19b1b2b3" language="English" custom="readingOrder {index:11;}">
                    <Coords points="1248,726 1281,726 1281,754 1248,754"/>
                    <TextEquiv>
                        <Unicode>80</Unicode>
                    </TextEquiv>
                    <TextStyle fontFamily="Times New Roman" fontSize="10.0"/>
                </Word>
                <Word id="w_w2aab1b3b2c19b1b2b9" language="English" custom="readingOrder {index:12;}">
                    <Coords points="1319,737 1332,737 1332,751 1319,751"/>
                    <TextEquiv>
                        <Unicode>»</Unicode>
                    </TextEquiv>
                    <TextStyle fontFamily="Times New Roman" fontSize="10.0"/>
                </Word>
                <TextEquiv>
                    <Unicode>28 septembre 1656, 1/2 p. pet. in-4. Belle pièce. Rare. 80 »</Unicode>
                </TextEquiv>
            </TextLine>
            <TextEquiv>
                <Unicode>28 septembre 1656, 1/2 p. pet. in-4. Belle pièce. Rare. 80 »</Unicode>
            </TextEquiv>
        </TextRegion>
        <TextRegion type="paragraph" id="r_2_11" custom="readingOrder {index:11;}">
            <Coords points="237,761 1336,761 1336,825 237,825"/>
            <TextLine id="tl_20" primaryLanguage="English" custom="readingOrder {index:0;}">
                <Coords points="271,762 1335,762 1335,793 271,793"/>
                <Baseline points="271,786 345,786 464,786 517,785 568,786 685,787 734,786 851,787 968,786 1009,787 1146,787 1209,786 1294,786 1335,786"/>
                <Word id="w_w2aab1b3b2c21b1ab1" language="English" custom="readingOrder {index:0;}">
                    <Coords points="271,762 345,762 345,791 271,791"/>
                    <TextEquiv>
                        <Unicode>Reçu</Unicode>
                    </TextEquiv>
                    <TextStyle fontFamily="Times New Roman" fontSize="8.5"/>
                </Word>
                <Word id="w_w2aab1b3b2c21b1ac11" language="English" custom="readingOrder {index:1;}">
                    <Coords points="362,762 464,762 464,786 362,786"/>
                    <TextEquiv>
                        <Unicode>délivré</Unicode>
                    </TextEquiv>
                    <TextStyle fontFamily="Times New Roman" fontSize="8.5"/>
                </Word>
                <Word id="w_w2aab1b3b2c21b1ac27" language="English" custom="readingOrder {index:2;}">
                    <Coords points="484,769 517,769 517,785 484,785"/>
                    <TextEquiv>
                        <Unicode>en</Unicode>
                    </TextEquiv>
                    <TextStyle fontFamily="Times New Roman" fontSize="8.5"/>
                </Word>
                <Word id="w_w2aab1b3b2c21b1ac33" language="English" custom="readingOrder {index:3;}">
                    <Coords points="537,769 568,769 568,786 537,786"/>
                    <TextEquiv>
                        <Unicode>sa</Unicode>
                    </TextEquiv>
                    <TextStyle fontFamily="Times New Roman" fontSize="8.5"/>
                </Word>
                <Word id="w_w2aab1b3b2c21b1ac39" language="English" custom="readingOrder {index:4;}">
                    <Coords points="583,762 685,762 685,793 583,793"/>
                    <TextEquiv>
                        <Unicode>qualité</Unicode>
                    </TextEquiv>
                    <TextStyle fontFamily="Times New Roman" fontSize="8.5"/>
                </Word>
                <Word id="w_w2aab1b3b2c21b1ac55" language="English" custom="readingOrder {index:5;}">
                    <Coords points="700,762 734,762 734,786 700,786"/>
                    <TextEquiv>
                        <Unicode>de</Unicode>
                    </TextEquiv>
                    <TextStyle fontFamily="Times New Roman" fontSize="8.5"/>
                </Word>
                <Word id="w_w2aab1b3b2c21b1ac61" language="English" custom="readingOrder {index:6;}">
                    <Coords points="754,764 851,764 851,787 754,787"/>
                    <TextEquiv>
                        <Unicode>maître</Unicode>
                    </TextEquiv>
                    <TextStyle fontFamily="Times New Roman" fontSize="8.5"/>
                </Word>
                <Word id="w_w2aab1b3b2c21b1ac75" language="English" custom="readingOrder {index:7;}">
                    <Coords points="870,763 968,763 968,787 870,787"/>
                    <TextEquiv>
                        <Unicode>ancien</Unicode>
                    </TextEquiv>
                    <TextStyle fontFamily="Times New Roman" fontSize="8.5"/>
                </Word>
                <Word id="w_w2aab1b3b2c21b1ac89" language="English" custom="readingOrder {index:8;}">
                    <Coords points="983,765 1009,765 1009,787 983,787"/>
                    <TextEquiv>
                        <Unicode>et</Unicode>
                    </TextEquiv>
                    <TextStyle fontFamily="Times New Roman" fontSize="8.5"/>
                </Word>
                <Word id="w_w2aab1b3b2c21b1ac95" language="English" custom="readingOrder {index:9;}">
                    <Coords points="1028,763 1146,763 1146,787 1028,787"/>
                    <TextEquiv>
                        <Unicode>triennal</Unicode>
                    </TextEquiv>
                    <TextStyle fontFamily="Times New Roman" fontSize="8.5"/>
                </Word>
                <Word id="w_w2aab1b3b2c21b1ad113" language="English" custom="readingOrder {index:10;}">
                    <Coords points="1161,763 1209,763 1209,787 1161,787"/>
                    <TextEquiv>
                        <Unicode>des</Unicode>
                    </TextEquiv>
                    <TextStyle fontFamily="Times New Roman" fontSize="8.5"/>
                </Word>
                <Word id="w_w2aab1b3b2c21b1ad121" language="English" custom="readingOrder {index:11;}">
                    <Coords points="1224,769 1294,769 1294,787 1224,787"/>
                    <TextEquiv>
                        <Unicode>eaux</Unicode>
                    </TextEquiv>
                    <TextStyle fontFamily="Times New Roman" fontSize="8.5"/>
                </Word>
                <Word id="w_w2aab1b3b2c21b1ad131" language="English" custom="readingOrder {index:12;}">
                    <Coords points="1308,763 1335,763 1335,786 1308,786"/>
                    <TextEquiv>
                        <Unicode>et</Unicode>
                    </TextEquiv>
                    <TextStyle fontFamily="Times New Roman" fontSize="8.5"/>
                </Word>
                <TextEquiv>
                    <Unicode>Reçu délivré en sa qualité de maître ancien et triennal des eaux et</Unicode>
                </TextEquiv>
                <TextStyle fontFamily="Times New Roman" fontSize="8.5"/>
            </TextLine>
            <TextLine id="tl_21" primaryLanguage="English" custom="readingOrder {index:1;}">
                <Coords points="238,793 799,793 799,824 238,824"/>
                <Baseline points="238,818 323,818 374,817 477,817 525,817 799,818"/>
                <Word id="w_w2aab1b3b2c21b3ab1" language="English" custom="readingOrder {index:0;}">
                    <Coords points="238,794 323,794 323,818 238,818"/>
                    <TextEquiv>
                        <Unicode>forêts</Unicode>
                    </TextEquiv>
                    <TextStyle fontFamily="Times New Roman" fontSize="8.5"/>
                </Word>
                <Word id="w_w2aab1b3b2c21b3ac15" language="English" custom="readingOrder {index:1;}">
                    <Coords points="338,794 374,794 374,817 338,817"/>
                    <TextEquiv>
                        <Unicode>du</Unicode>
                    </TextEquiv>
                    <TextStyle fontFamily="Times New Roman" fontSize="8.5"/>
                </Word>
                <Word id="w_w2aab1b3b2c21b3ac21" language="English" custom="readingOrder {index:2;}">
                    <Coords points="390,793 477,793 477,818 390,818"/>
                    <TextEquiv>
                        <Unicode>duché</Unicode>
                    </TextEquiv>
                    <TextStyle fontFamily="Times New Roman" fontSize="8.5"/>
                </Word>
                <Word id="w_w2aab1b3b2c21b3ac33" language="English" custom="readingOrder {index:3;}">
                    <Coords points="492,793 525,793 525,817 492,817"/>
                    <TextEquiv>
                        <Unicode>de</Unicode>
                    </TextEquiv>
                    <TextStyle fontFamily="Times New Roman" fontSize="8.5"/>
                </Word>
                <Word id="w_w2aab1b3b2c21b3ac39" language="English" custom="readingOrder {index:4;}">
                    <Coords points="541,793 799,793 799,824 541,824"/>
                    <TextEquiv>
                        <Unicode>Château-Thierry.</Unicode>
                    </TextEquiv>
                    <TextStyle fontFamily="Times New Roman" fontSize="8.5"/>
                </Word>
                <TextEquiv>
                    <Unicode>forêts du duché de Château-Thierry.</Unicode>
                </TextEquiv>
                <TextStyle fontFamily="Times New Roman" fontSize="8.5"/>
            </TextLine>
            <TextEquiv>
                <Unicode>Reçu délivré en sa qualité de maître ancien et triennal des eaux et
forêts du duché de Château-Thierry.</Unicode>
            </TextEquiv>
        </TextRegion>
        <TextRegion type="paragraph" id="r_2_12" custom="readingOrder {index:12;}">
            <Coords points="185,828 1335,828 1335,866 185,866"/>
            <TextLine id="tl_22" primaryLanguage="English" custom="readingOrder {index:0;}">
                <Coords points="186,829 1334,829 1334,865 186,865"/>
                <Baseline points="186,856 202,856 265,856 513,856 734,857 1009,857 1102,863 1334,863"/>
                <Word id="w_w2aab1b3b2c23b1ab1" language="English" custom="readingOrder {index:0;}">
                    <Coords points="186,829 220,829 220,857 186,857"/>
                    <TextEquiv>
                        <Unicode>95</Unicode>
                    </TextEquiv>
                    <TextStyle fontFamily="Times New Roman" fontSize="10.0"/>
                </Word>
                <Word id="w_w2aab1b3b2c23b1b1b1" language="English" custom="readingOrder {index:1;}">
                    <Coords points="239,829 429,829 429,865 239,865"/>
                    <TextEquiv>
                        <Unicode>Lagrange</Unicode>
                    </TextEquiv>
                    <TextStyle fontFamily="Times New Roman" fontSize="9.5" bold="true"/>
                </Word>
                <Word id="w_w2aab1b3b2c23b1b2b1" language="English" custom="readingOrder {index:2;}">
                    <Coords points="454,829 688,829 688,864 454,864"/>
                    <TextEquiv>
                        <Unicode>(Ad.-Edouard</Unicode>
                    </TextEquiv>
                    <TextStyle fontFamily="Times New Roman" fontSize="10.0"/>
                </Word>
                <Word id="w_w2aab1b3b2c23b1b3b1" language="English" custom="readingOrder {index:3;}">
                    <Coords points="714,831 842,831 842,863 714,863"/>
                    <TextEquiv>
                        <Unicode>Lelièvre,</Unicode>
                    </TextEquiv>
                    <TextStyle fontFamily="Times New Roman" fontSize="9.5" italic="true"/>
                </Word>
                <Word id="w_w2aab1b3b2c23b1b4b3" language="English" custom="readingOrder {index:4;}">
                    <Coords points="868,830 1009,830 1009,865 868,865"/>
                    <TextEquiv>
                        <Unicode>marquis</Unicode>
                    </TextEquiv>
                    <TextStyle fontFamily="Times New Roman" fontSize="10.0"/>
                </Word>
                <Word id="w_w2aab1b3b2c23b1b4c19" language="English" custom="readingOrder {index:5;}">
                    <Coords points="1034,830 1102,830 1102,865 1034,865"/>
                    <TextEquiv>
                        <Unicode>de),</Unicode>
                    </TextEquiv>
                    <TextStyle fontFamily="Times New Roman" fontSize="10.0"/>
                </Word>
                <Word id="w_w2aab1b3b2c23b1b4c29" language="English" custom="readingOrder {index:6;}">
                    <Coords points="1128,829 1334,829 1334,863 1128,863"/>
                    <TextEquiv>
                        <Unicode>numismate,</Unicode>
                    </TextEquiv>
                    <TextStyle fontFamily="Times New Roman" fontSize="10.0"/>
                </Word>
                <TextEquiv>
                    <Unicode>95 Lagrange (Ad.-Edouard Lelièvre, marquis de), numismate,</Unicode>
                </TextEquiv>
            </TextLine>
            <TextEquiv>
                <Unicode>95 Lagrange (Ad.-Edouard Lelièvre, marquis de), numismate,</Unicode>
            </TextEquiv>
        </TextRegion>
        <TextRegion type="paragraph" id="r_2_13" custom="readingOrder {index:13;}">
            <Coords points="239,863 1336,863 1336,937 239,937"/>
            <TextLine id="tl_23" primaryLanguage="English" custom="readingOrder {index:0;}">
                <Coords points="240,864 1335,864 1335,899 240,899"/>
                <Baseline points="240,893 406,899 567,892 625,892 900,893 944,893 985,893 1020,893 1081,893 1188,893 1206,899 1335,899"/>
                <Word id="w_w2aab1b3b2c25b1ab1" language="English" custom="readingOrder {index:0;}">
                    <Coords points="240,866 406,866 406,899 240,899"/>
                    <TextEquiv>
                        <Unicode>sénateur,</Unicode>
                    </TextEquiv>
                    <TextStyle fontFamily="Times New Roman" fontSize="10.0"/>
                </Word>
                <Word id="w_w2aab1b3b2c25b1ac21" language="English" custom="readingOrder {index:1;}">
                    <Coords points="427,864 567,864 567,892 427,892"/>
                    <TextEquiv>
                        <Unicode>membre</Unicode>
                    </TextEquiv>
                    <TextStyle fontFamily="Times New Roman" fontSize="10.0"/>
                </Word>
                <Word id="w_w2aab1b3b2c25b1ac35" language="English" custom="readingOrder {index:2;}">
                    <Coords points="588,865 625,865 625,892 588,892"/>
                    <TextEquiv>
                        <Unicode>de</Unicode>
                    </TextEquiv>
                    <TextStyle fontFamily="Times New Roman" fontSize="10.0"/>
                </Word>
                <Word id="w_w2aab1b3b2c25b1ac41" language="English" custom="readingOrder {index:3;}">
                    <Coords points="647,865 900,865 900,893 647,893"/>
                    <TextEquiv>
                        <Unicode>l’Institut.—L.</Unicode>
                    </TextEquiv>
                    <TextStyle fontFamily="Times New Roman" fontSize="10.0"/>
                </Word>
                <Word id="w_w2aab1b3b2c25b1ac71" language="English" custom="readingOrder {index:4;}">
                    <Coords points="918,874 944,874 944,893 918,893"/>
                    <TextEquiv>
                        <Unicode>a.</Unicode>
                    </TextEquiv>
                    <TextStyle fontFamily="Times New Roman" fontSize="10.0"/>
                </Word>
                <Word id="w_w2aab1b3b2c25b1ac77" language="English" custom="readingOrder {index:5;}">
                    <Coords points="962,874 985,874 985,893 962,893"/>
                    <TextEquiv>
                        <Unicode>s.</Unicode>
                    </TextEquiv>
                    <TextStyle fontFamily="Times New Roman" fontSize="10.0"/>
                </Word>
                <Word id="w_w2aab1b3b2c25b1ac83" language="English" custom="readingOrder {index:6;}">
                    <Coords points="1003,866 1020,866 1020,893 1003,893"/>
                    <TextEquiv>
                        <Unicode>à</Unicode>
                    </TextEquiv>
                    <TextStyle fontFamily="Times New Roman" fontSize="10.0"/>
                </Word>
                <Word id="w_w2aab1b3b2c25b1ac87" language="English" custom="readingOrder {index:7;}">
                    <Coords points="1039,866 1081,866 1081,893 1039,893"/>
                    <TextEquiv>
                        <Unicode>M.</Unicode>
                    </TextEquiv>
                    <TextStyle fontFamily="Times New Roman" fontSize="10.0"/>
                </Word>
                <Word id="w_w2aab1b3b2c25b1ac93" language="English" custom="readingOrder {index:8;}">
                    <Coords points="1103,865 1188,865 1188,894 1103,894"/>
                    <TextEquiv>
                        <Unicode>Read</Unicode>
                    </TextEquiv>
                    <TextStyle fontFamily="Times New Roman" fontSize="10.0"/>
                </Word>
                <Word id="w_w2aab1b3b2c25b1ad103" language="English" custom="readingOrder {index:9;}">
                    <Coords points="1200,876 1206,876 1206,899 1200,899"/>
                    <TextEquiv>
                        <Unicode>;</Unicode>
                    </TextEquiv>
                    <TextStyle fontFamily="Times New Roman" fontSize="10.0"/>
                </Word>
                <Word id="w_w2aab1b3b2c25b1ad107" language="English" custom="readingOrder {index:10;}">
                    <Coords points="1227,864 1335,864 1335,899 1227,899"/>
                    <TextEquiv>
                        <Unicode>Paris,</Unicode>
                    </TextEquiv>
                    <TextStyle fontFamily="Times New Roman" fontSize="10.0"/>
                </Word>
                <TextEquiv>
                    <Unicode>sénateur, membre de l’Institut. — L. a. s. à M. Read ; Paris,</Unicode>
                </TextEquiv>
                <TextStyle fontFamily="Times New Roman" fontSize="10.0"/>
            </TextLine>
            <TextLine id="tl_24" primaryLanguage="English" custom="readingOrder {index:1;}">
                <Coords points="241,900 1333,900 1333,936 241,936"/>
                <Baseline points="241,928 272,928 408,928 503,934 535,927 580,929 647,927 742,928 1283,927 1333,926"/>
                <Word id="w_w2aab1b3b2c25b3ab1" language="English" custom="readingOrder {index:0;}">
                    <Coords points="241,901 272,901 272,928 241,928"/>
                    <TextEquiv>
                        <Unicode>17</Unicode>
                    </TextEquiv>
                    <TextStyle fontFamily="Times New Roman" fontSize="10.0"/>
                </Word>
                <Word id="w_w2aab1b3b2c25b3ab7" language="English" custom="readingOrder {index:1;}">
                    <Coords points="289,901 408,901 408,928 289,928"/>
                    <TextEquiv>
                        <Unicode>février</Unicode>
                    </TextEquiv>
                    <TextStyle fontFamily="Times New Roman" fontSize="10.0"/>
                </Word>
                <Word id="w_w2aab1b3b2c25b3ac23" language="English" custom="readingOrder {index:2;}">
                    <Coords points="424,900 503,900 503,934 424,934"/>
                    <TextEquiv>
                        <Unicode>1849,</Unicode>
                    </TextEquiv>
                    <TextStyle fontFamily="Times New Roman" fontSize="10.0"/>
                </Word>
                <Word id="w_w2aab1b3b2c25b3ac35" language="English" custom="readingOrder {index:3;}">
                    <Coords points="519,900 535,900 535,927 519,927"/>
                    <TextEquiv>
                        <Unicode>2</Unicode>
                    </TextEquiv>
                    <TextStyle fontFamily="Times New Roman" fontSize="10.0"/>
                </Word>
                <Word id="w_w2aab1b3b2c25b3ac39" language="English" custom="readingOrder {index:4;}">
                    <Coords points="552,909 580,909 580,936 552,936"/>
                    <TextEquiv>
                        <Unicode>p.</Unicode>
                    </TextEquiv>
                    <TextStyle fontFamily="Times New Roman" fontSize="10.0"/>
                </Word>
                <Word id="w_w2aab1b3b2c25b3ac45" language="English" custom="readingOrder {index:5;}">
                    <Coords points="597,901 647,901 647,935 597,935"/>
                    <TextEquiv>
                        <Unicode>1/2</Unicode>
                    </TextEquiv>
                    <TextStyle fontFamily="Times New Roman" fontSize="10.0"/>
                </Word>
                <Word id="w_w2aab1b3b2c25b3ac53" language="English" custom="readingOrder {index:6;}">
                    <Coords points="663,901 742,901 742,928 663,928"/>
                    <TextEquiv>
                        <Unicode>in-8.</Unicode>
                    </TextEquiv>
                    <TextStyle fontFamily="Times New Roman" fontSize="10.0"/>
                </Word>
                <Word id="w_w2aab1b3b2c25b3ac65" language="English" custom="readingOrder {index:7;}">
                    <Coords points="1251,901 1283,901 1283,927 1251,927"/>
                    <TextEquiv>
                        <Unicode>15</Unicode>
                    </TextEquiv>
                    <TextStyle fontFamily="Times New Roman" fontSize="10.0"/>
                </Word>
                <Word id="w_w2aab1b3b2c25b3ac71" language="English" custom="readingOrder {index:8;}">
                    <Coords points="1320,911 1333,911 1333,926 1320,926"/>
                    <TextEquiv>
                        <Unicode>»</Unicode>
                    </TextEquiv>
                    <TextStyle fontFamily="Times New Roman" fontSize="10.0"/>
                </Word>
                <TextEquiv>
                    <Unicode>17 février 1849, 2 p. 1/2 in-8. 15 »</Unicode>
                </TextEquiv>
                <TextStyle fontFamily="Times New Roman" fontSize="10.0"/>
            </TextLine>
            <TextEquiv>
                <Unicode>sénateur, membre de l’Institut. — L. a. s. à M. Read ; Paris,
17 février 1849, 2 p. 1/2 in-8. 15 »</Unicode>
            </TextEquiv>
        </TextRegion>
        <TextRegion type="paragraph" id="r_2_14" custom="readingOrder {index:14;}">
            <Coords points="239,935 1337,935 1337,1094 239,1094"/>
            <TextLine id="tl_25" primaryLanguage="English" custom="readingOrder {index:0;}">
                <Coords points="276,936 1336,936 1336,968 276,968"/>
                <Baseline points="276,961 406,961 515,961 679,961 711,960 844,961 906,961 959,961 1055,961 1128,961 1289,965 1336,960"/>
                <Word id="w_w2aab1b3b2c27b1ab1" language="English" custom="readingOrder {index:0;}">
                    <Coords points="276,936 406,936 406,961 276,961"/>
                    <TextEquiv>
                        <Unicode>Curieuse</Unicode>
                    </TextEquiv>
                    <TextStyle fontFamily="Times New Roman" fontSize="8.5"/>
                </Word>
                <Word id="w_w2aab1b3b2c27b1ac19" language="English" custom="readingOrder {index:1;}">
                    <Coords points="427,937 515,937 515,967 427,967"/>
                    <TextEquiv>
                        <Unicode>épitre</Unicode>
                    </TextEquiv>
                    <TextStyle fontFamily="Times New Roman" fontSize="8.5"/>
                </Word>
                <Word id="w_w2aab1b3b2c27b1ac33" language="English" custom="readingOrder {index:2;}">
                    <Coords points="536,937 679,937 679,968 536,968"/>
                    <TextEquiv>
                        <Unicode>politique.</Unicode>
                    </TextEquiv>
                    <TextStyle fontFamily="Times New Roman" fontSize="8.5"/>
                </Word>
                <Word id="w_w2aab1b3b2c27b1ac55" language="English" custom="readingOrder {index:3;}">
                    <Coords points="700,945 711,945 711,960 700,960"/>
                    <TextEquiv>
                        <Unicode>«</Unicode>
                    </TextEquiv>
                    <TextStyle fontFamily="Times New Roman" fontSize="8.5"/>
                </Word>
                <Word id="w_w2aab1b3b2c27b1ac59" language="English" custom="readingOrder {index:4;}">
                    <Coords points="734,936 844,936 844,961 734,961"/>
                    <TextEquiv>
                        <Unicode>L’Italie</Unicode>
                    </TextEquiv>
                    <TextStyle fontFamily="Times New Roman" fontSize="8.5"/>
                </Word>
                <Word id="w_w2aab1b3b2c27b1ac77" language="English" custom="readingOrder {index:5;}">
                    <Coords points="865,939 906,939 906,961 865,961"/>
                    <TextEquiv>
                        <Unicode>est</Unicode>
                    </TextEquiv>
                    <TextStyle fontFamily="Times New Roman" fontSize="8.5"/>
                </Word>
                <Word id="w_w2aab1b3b2c27b1ac85" language="English" custom="readingOrder {index:6;}">
                    <Coords points="925,944 959,944 959,961 925,961"/>
                    <TextEquiv>
                        <Unicode>en</Unicode>
                    </TextEquiv>
                    <TextStyle fontFamily="Times New Roman" fontSize="8.5"/>
                </Word>
                <Word id="w_w2aab1b3b2c27b1ac91" language="English" custom="readingOrder {index:7;}">
                    <Coords points="980,937 1055,937 1055,968 980,968"/>
                    <TextEquiv>
                        <Unicode>proie</Unicode>
                    </TextEquiv>
                    <TextStyle fontFamily="Times New Roman" fontSize="8.5"/>
                </Word>
                <Word id="w_w2aab1b3b2c27b1ad103" language="English" custom="readingOrder {index:8;}">
                    <Coords points="1074,944 1128,944 1128,961 1074,961"/>
                    <TextEquiv>
                        <Unicode>aux</Unicode>
                    </TextEquiv>
                    <TextStyle fontFamily="Times New Roman" fontSize="8.5"/>
                </Word>
                <Word id="w_w2aab1b3b2c27b1ad111" language="English" custom="readingOrder {index:9;}">
                    <Coords points="1146,936 1289,936 1289,965 1146,965"/>
                    <TextEquiv>
                        <Unicode>barbares,</Unicode>
                    </TextEquiv>
                    <TextStyle fontFamily="Times New Roman" fontSize="8.5"/>
                </Word>
                <Word id="w_w2aab1b3b2c27b1ad131" language="English" custom="readingOrder {index:10;}">
                    <Coords points="1310,936 1336,936 1336,960 1310,960"/>
                    <TextEquiv>
                        <Unicode>la</Unicode>
                    </TextEquiv>
                    <TextStyle fontFamily="Times New Roman" fontSize="8.5"/>
                </Word>
                <TextEquiv>
                    <Unicode>Curieuse épitre politique. « L’Italie est en proie aux barbares, la</Unicode>
                </TextEquiv>
                <TextStyle fontFamily="Times New Roman" fontSize="8.5"/>
            </TextLine>
            <TextLine id="tl_26" primaryLanguage="English" custom="readingOrder {index:1;}">
                <Coords points="241,968 1336,968 1336,1000 241,1000"/>
                <Baseline points="241,993 344,992 407,992 567,992 636,992 679,992 757,992 955,992 993,992 1062,992 1280,992 1336,992"/>
                <Word id="w_w2aab1b3b2c27b3ab1" language="English" custom="readingOrder {index:0;}">
                    <Coords points="241,969 344,969 344,993 241,993"/>
                    <TextEquiv>
                        <Unicode>France</Unicode>
                    </TextEquiv>
                    <TextStyle fontFamily="Times New Roman" fontSize="8.5"/>
                </Word>
                <Word id="w_w2aab1b3b2c27b3ac15" language="English" custom="readingOrder {index:1;}">
                    <Coords points="366,970 407,970 407,992 366,992"/>
                    <TextEquiv>
                        <Unicode>est</Unicode>
                    </TextEquiv>
                    <TextStyle fontFamily="Times New Roman" fontSize="8.5"/>
                </Word>
                <Word id="w_w2aab1b3b2c27b3ac23" language="English" custom="readingOrder {index:2;}">
                    <Coords points="425,968 567,968 567,999 425,999"/>
                    <TextEquiv>
                        <Unicode>paralysée</Unicode>
                    </TextEquiv>
                    <TextStyle fontFamily="Times New Roman" fontSize="8.5"/>
                </Word>
                <Word id="w_w2aab1b3b2c27b3ac43" language="English" custom="readingOrder {index:3;}">
                    <Coords points="587,975 636,975 636,999 587,999"/>
                    <TextEquiv>
                        <Unicode>par</Unicode>
                    </TextEquiv>
                    <TextStyle fontFamily="Times New Roman" fontSize="8.5"/>
                </Word>
                <Word id="w_w2aab1b3b2c27b3ac51" language="English" custom="readingOrder {index:4;}">
                    <Coords points="656,969 679,969 679,992 656,992"/>
                    <TextEquiv>
                        <Unicode>le</Unicode>
                    </TextEquiv>
                    <TextStyle fontFamily="Times New Roman" fontSize="8.5"/>
                </Word>
                <Word id="w_w2aab1b3b2c27b3ac57" language="English" custom="readingOrder {index:5;}">
                    <Coords points="699,970 757,970 757,993 699,993"/>
                    <TextEquiv>
                        <Unicode>mot</Unicode>
                    </TextEquiv>
                    <TextStyle fontFamily="Times New Roman" fontSize="8.5"/>
                </Word>
                <Word id="w_w2aab1b3b2c27b3ac65" language="English" custom="readingOrder {index:6;}">
                    <Coords points="776,968 955,968 955,993 776,993"/>
                    <TextEquiv>
                        <Unicode>sacramentel</Unicode>
                    </TextEquiv>
                    <TextStyle fontFamily="Times New Roman" fontSize="8.5"/>
                </Word>
                <Word id="w_w2aab1b3b2c27b3ac89" language="English" custom="readingOrder {index:7;}">
                    <Coords points="978,969 1011,969 1011,992 978,992"/>
                    <TextEquiv>
                        <Unicode>de</Unicode>
                    </TextEquiv>
                    <TextStyle fontFamily="Times New Roman" fontSize="8.5"/>
                </Word>
                <Word id="w_w2aab1b3b2c27b3b1b1" language="English" custom="readingOrder {index:8;}">
                    <Coords points="1030,968 1209,968 1209,1000 1030,1000"/>
                    <TextEquiv>
                        <Unicode>république,</Unicode>
                    </TextEquiv>
                    <TextStyle fontFamily="Times New Roman" fontSize="8.5" italic="true"/>
                </Word>
                <Word id="w_w2aab1b3b2c27b3b2b3" language="English" custom="readingOrder {index:9;}">
                    <Coords points="1231,968 1280,968 1280,992 1231,992"/>
                    <TextEquiv>
                        <Unicode>elle</Unicode>
                    </TextEquiv>
                    <TextStyle fontFamily="Times New Roman" fontSize="8.5"/>
                </Word>
                <Word id="w_w2aab1b3b2c27b3b2c13" language="English" custom="readingOrder {index:10;}">
                    <Coords points="1303,974 1336,974 1336,992 1303,992"/>
                    <TextEquiv>
                        <Unicode>ne</Unicode>
                    </TextEquiv>
                    <TextStyle fontFamily="Times New Roman" fontSize="8.5"/>
                </Word>
                <TextEquiv>
                    <Unicode>France est paralysée par le mot sacramentel de république, elle ne</Unicode>
                </TextEquiv>
            </TextLine>
            <TextLine id="tl_27" primaryLanguage="English" custom="readingOrder {index:2;}">
                <Coords points="240,999 1336,999 1336,1031 240,1031"/>
                <Baseline points="240,1030 306,1023 391,1023 445,1024 606,1023 773,1023 843,1030 986,1024 1018,1024 1065,1024 1141,1023 1299,1028 1336,1023"/>
                <Word id="w_w2aab1b3b2c27b5ab1" language="English" custom="readingOrder {index:0;}">
                    <Coords points="240,1002 306,1002 306,1030 240,1030"/>
                    <TextEquiv>
                        <Unicode>peut</Unicode>
                    </TextEquiv>
                    <TextStyle fontFamily="Times New Roman" fontSize="8.5"/>
                </Word>
                <Word id="w_w2aab1b3b2c27b5ac11" language="English" custom="readingOrder {index:1;}">
                    <Coords points="323,999 391,999 391,1030 323,1030"/>
                    <TextEquiv>
                        <Unicode>agir.</Unicode>
                    </TextEquiv>
                    <TextStyle fontFamily="Times New Roman" fontSize="8.5"/>
                </Word>
                <Word id="w_w2aab1b3b2c27b5ac23" language="English" custom="readingOrder {index:2;}">
                    <Coords points="409,1000 445,1000 445,1024 409,1024"/>
                    <TextEquiv>
                        <Unicode>Le</Unicode>
                    </TextEquiv>
                    <TextStyle fontFamily="Times New Roman" fontSize="8.5"/>
                </Word>
                <Word id="w_w2aab1b3b2c27b5ac29" language="English" custom="readingOrder {index:3;}">
                    <Coords points="464,999 606,999 606,1024 464,1024"/>
                    <TextEquiv>
                        <Unicode>Président</Unicode>
                    </TextEquiv>
                    <TextStyle fontFamily="Times New Roman" fontSize="8.5"/>
                </Word>
                <Word id="w_w2aab1b3b2c27b5ac49" language="English" custom="readingOrder {index:4;}">
                    <Coords points="620,1000 773,1000 773,1031 620,1031"/>
                    <TextEquiv>
                        <Unicode>(Napoléon</Unicode>
                    </TextEquiv>
                    <TextStyle fontFamily="Times New Roman" fontSize="8.5"/>
                </Word>
                <Word id="w_w2aab1b3b2c27b5ac69" language="English" custom="readingOrder {index:5;}">
                    <Coords points="790,999 843,999 843,1030 790,1030"/>
                    <TextEquiv>
                        <Unicode>III)</Unicode>
                    </TextEquiv>
                    <TextStyle fontFamily="Times New Roman" fontSize="8.5"/>
                </Word>
                <Word id="w_w2aab1b3b2c27b5ac79" language="English" custom="readingOrder {index:6;}">
                    <Coords points="858,1000 986,1000 986,1025 858,1025"/>
                    <TextEquiv>
                        <Unicode>continue</Unicode>
                    </TextEquiv>
                    <TextStyle fontFamily="Times New Roman" fontSize="8.5"/>
                </Word>
                <Word id="w_w2aab1b3b2c27b5ac97" language="English" custom="readingOrder {index:7;}">
                    <Coords points="1004,1000 1018,1000 1018,1024 1004,1024"/>
                    <TextEquiv>
                        <Unicode>à</Unicode>
                    </TextEquiv>
                    <TextStyle fontFamily="Times New Roman" fontSize="8.5"/>
                </Word>
                <Word id="w_w2aab1b3b2c27b5ad101" language="English" custom="readingOrder {index:8;}">
                    <Coords points="1036,1007 1065,1007 1065,1024 1036,1024"/>
                    <TextEquiv>
                        <Unicode>se</Unicode>
                    </TextEquiv>
                    <TextStyle fontFamily="Times New Roman" fontSize="8.5"/>
                </Word>
                <Word id="w_w2aab1b3b2c27b5ad107" language="English" custom="readingOrder {index:9;}">
                    <Coords points="1081,1000 1141,1000 1141,1024 1081,1024"/>
                    <TextEquiv>
                        <Unicode>bien</Unicode>
                    </TextEquiv>
                    <TextStyle fontFamily="Times New Roman" fontSize="8.5"/>
                </Word>
                <Word id="w_w2aab1b3b2c27b5ad117" language="English" custom="readingOrder {index:10;}">
                    <Coords points="1157,1000 1299,1000 1299,1028 1157,1028"/>
                    <TextEquiv>
                        <Unicode>conduire;</Unicode>
                    </TextEquiv>
                    <TextStyle fontFamily="Times New Roman" fontSize="8.5"/>
                </Word>
                <Word id="w_w2aab1b3b2c27b5ad137" language="English" custom="readingOrder {index:11;}">
                    <Coords points="1318,999 1336,999 1336,1023 1318,1023"/>
                    <TextEquiv>
                        <Unicode>il</Unicode>
                    </TextEquiv>
                    <TextStyle fontFamily="Times New Roman" fontSize="8.5"/>
                </Word>
                <TextEquiv>
                    <Unicode>peut agir. Le Président (Napoléon III) continue à se bien conduire; il</Unicode>
                </TextEquiv>
                <TextStyle fontFamily="Times New Roman" fontSize="8.5"/>
            </TextLine>
            <TextLine id="tl_28" primaryLanguage="English" custom="readingOrder {index:3;}">
                <Coords points="240,1031 1336,1031 1336,1062 240,1062"/>
                <Baseline points="240,1055 347,1055 513,1055 563,1055 627,1055 794,1055 899,1055 954,1055 1055,1061 1090,1055 1228,1054 1336,1055"/>
                <Word id="w_w2aab1b3b2c27b7ab1" language="English" custom="readingOrder {index:0;}">
                    <Coords points="240,1031 347,1031 347,1055 240,1055"/>
                    <TextEquiv>
                        <Unicode>devrait</Unicode>
                    </TextEquiv>
                    <TextStyle fontFamily="Times New Roman" fontSize="8.5"/>
                </Word>
                <Word id="w_w2aab1b3b2c27b7ac17" language="English" custom="readingOrder {index:1;}">
                    <Coords points="361,1031 513,1031 513,1055 361,1055"/>
                    <TextEquiv>
                        <Unicode>seulement</Unicode>
                    </TextEquiv>
                    <TextStyle fontFamily="Times New Roman" fontSize="8.5"/>
                </Word>
                <Word id="w_w2aab1b3b2c27b7ac37" language="English" custom="readingOrder {index:2;}">
                    <Coords points="529,1038 563,1038 563,1055 529,1055"/>
                    <TextEquiv>
                        <Unicode>ne</Unicode>
                    </TextEquiv>
                    <TextStyle fontFamily="Times New Roman" fontSize="8.5"/>
                </Word>
                <Word id="w_w2aab1b3b2c27b7ac43" language="English" custom="readingOrder {index:3;}">
                    <Coords points="577,1038 627,1038 627,1062 577,1062"/>
                    <TextEquiv>
                        <Unicode>pas</Unicode>
                    </TextEquiv>
                    <TextStyle fontFamily="Times New Roman" fontSize="8.5"/>
                </Word>
                <Word id="w_w2aab1b3b2c27b7ac51" language="English" custom="readingOrder {index:4;}">
                    <Coords points="642,1031 794,1031 794,1056 642,1056"/>
                    <TextEquiv>
                        <Unicode>découcher</Unicode>
                    </TextEquiv>
                    <TextStyle fontFamily="Times New Roman" fontSize="8.5"/>
                </Word>
                <Word id="w_w2aab1b3b2c27b7ac71" language="English" custom="readingOrder {index:5;}">
                    <Coords points="811,1033 899,1033 899,1056 811,1056"/>
                    <TextEquiv>
                        <Unicode>toutes</Unicode>
                    </TextEquiv>
                    <TextStyle fontFamily="Times New Roman" fontSize="8.5"/>
                </Word>
                <Word id="w_w2aab1b3b2c27b7ac85" language="English" custom="readingOrder {index:6;}">
                    <Coords points="914,1031 954,1031 954,1056 914,1056"/>
                    <TextEquiv>
                        <Unicode>les</Unicode>
                    </TextEquiv>
                    <TextStyle fontFamily="Times New Roman" fontSize="8.5"/>
                </Word>
                <Word id="w_w2aab1b3b2c27b7ac93" language="English" custom="readingOrder {index:7;}">
                    <Coords points="968,1032 1055,1032 1055,1061 968,1061"/>
                    <TextEquiv>
                        <Unicode>nuits;</Unicode>
                    </TextEquiv>
                    <TextStyle fontFamily="Times New Roman" fontSize="8.5"/>
                </Word>
                <Word id="w_w2aab1b3b2c27b7ad107" language="English" custom="readingOrder {index:8;}">
                    <Coords points="1072,1031 1090,1031 1090,1055 1072,1055"/>
                    <TextEquiv>
                        <Unicode>il</Unicode>
                    </TextEquiv>
                    <TextStyle fontFamily="Times New Roman" fontSize="8.5"/>
                </Word>
                <Word id="w_w2aab1b3b2c27b7ad113" language="English" custom="readingOrder {index:9;}">
                    <Coords points="1103,1032 1228,1032 1228,1055 1103,1055"/>
                    <TextEquiv>
                        <Unicode>vaudrait</Unicode>
                    </TextEquiv>
                    <TextStyle fontFamily="Times New Roman" fontSize="8.5"/>
                </Word>
                <Word id="w_w2aab1b3b2c27b7ad131" language="English" custom="readingOrder {index:10;}">
                    <Coords points="1244,1031 1336,1031 1336,1055 1244,1055"/>
                    <TextEquiv>
                        <Unicode>mieux</Unicode>
                    </TextEquiv>
                    <TextStyle fontFamily="Times New Roman" fontSize="8.5"/>
                </Word>
                <TextEquiv>
                    <Unicode>devrait seulement ne pas découcher toutes les nuits; il vaudrait mieux</Unicode>
                </TextEquiv>
                <TextStyle fontFamily="Times New Roman" fontSize="8.5"/>
            </TextLine>
            <TextLine id="tl_29" primaryLanguage="English" custom="readingOrder {index:4;}">
                <Coords points="241,1062 1027,1062 1027,1093 241,1093"/>
                <Baseline points="241,1086 363,1086 422,1086 532,1087 562,1087 703,1092 751,1087 850,1086 925,1087 995,1086 1027,1086"/>
                <Word id="w_w2aab1b3b2c27b9ab1" language="English" custom="readingOrder {index:0;}">
                    <Coords points="241,1063 363,1063 363,1087 241,1087"/>
                    <TextEquiv>
                        <Unicode>recevoir</Unicode>
                    </TextEquiv>
                    <TextStyle fontFamily="Times New Roman" fontSize="8.5"/>
                </Word>
                <Word id="w_w2aab1b3b2c27b9ac19" language="English" custom="readingOrder {index:1;}">
                    <Coords points="378,1069 422,1069 422,1087 378,1087"/>
                    <TextEquiv>
                        <Unicode>ses</Unicode>
                    </TextEquiv>
                    <TextStyle fontFamily="Times New Roman" fontSize="8.5"/>
                </Word>
                <Word id="w_w2aab1b3b2c27b9ac27" language="English" custom="readingOrder {index:2;}">
                    <Coords points="437,1062 532,1062 532,1087 437,1087"/>
                    <TextEquiv>
                        <Unicode>houris</Unicode>
                    </TextEquiv>
                    <TextStyle fontFamily="Times New Roman" fontSize="8.5"/>
                </Word>
                <Word id="w_w2aab1b3b2c27b9ac41" language="English" custom="readingOrder {index:3;}">
                    <Coords points="546,1063 562,1063 562,1087 546,1087"/>
                    <TextEquiv>
                        <Unicode>à</Unicode>
                    </TextEquiv>
                    <TextStyle fontFamily="Times New Roman" fontSize="8.5"/>
                </Word>
                <Word id="w_w2aab1b3b2c27b9ac45" language="English" custom="readingOrder {index:4;}">
                    <Coords points="578,1062 703,1062 703,1093 578,1093"/>
                    <TextEquiv>
                        <Unicode>l’Elysée;</Unicode>
                    </TextEquiv>
                    <TextStyle fontFamily="Times New Roman" fontSize="8.5"/>
                </Word>
                <Word id="w_w2aab1b3b2c27b9ac65" language="English" custom="readingOrder {index:5;}">
                    <Coords points="721,1070 751,1070 751,1087 721,1087"/>
                    <TextEquiv>
                        <Unicode>ce</Unicode>
                    </TextEquiv>
                    <TextStyle fontFamily="Times New Roman" fontSize="8.5"/>
                </Word>
                <Word id="w_w2aab1b3b2c27b9ac71" language="English" custom="readingOrder {index:6;}">
                    <Coords points="766,1063 850,1063 850,1087 766,1087"/>
                    <TextEquiv>
                        <Unicode>serait</Unicode>
                    </TextEquiv>
                    <TextStyle fontFamily="Times New Roman" fontSize="8.5"/>
                </Word>
                <Word id="w_w2aab1b3b2c27b9ac85" language="English" custom="readingOrder {index:7;}">
                    <Coords points="864,1064 925,1064 925,1093 864,1093"/>
                    <TextEquiv>
                        <Unicode>plus</Unicode>
                    </TextEquiv>
                    <TextStyle fontFamily="Times New Roman" fontSize="8.5"/>
                </Word>
                <Word id="w_w2aab1b3b2c27b9ac95" language="English" custom="readingOrder {index:8;}">
                    <Coords points="939,1064 995,1064 995,1087 939,1087"/>
                    <TextEquiv>
                        <Unicode>sùr.</Unicode>
                    </TextEquiv>
                    <TextStyle fontFamily="Times New Roman" fontSize="8.5"/>
                </Word>
                <Word id="w_w2aab1b3b2c27b9ad105" language="English" custom="readingOrder {index:9;}">
                    <Coords points="1016,1071 1027,1071 1027,1086 1016,1086"/>
                    <TextEquiv>
                        <Unicode>»</Unicode>
                    </TextEquiv>
                    <TextStyle fontFamily="Times New Roman" fontSize="8.5"/>
                </Word>
                <TextEquiv>
                    <Unicode>recevoir ses houris à l’Elysée; ce serait plus sûr. »</Unicode>
                </TextEquiv>
                <TextStyle fontFamily="Times New Roman" fontSize="8.5"/>
            </TextLine>
            <TextEquiv>
                <Unicode>Curieuse épitre politique. « L’Italie est en proie aux barbares, la
France est paralysée par le mot sacramentel de république, elle ne
peut agir. Le Président (Napoléon III) continue à se bien conduire; il
devrait seulement ne pas découcher toutes les nuits; il vaudrait mieux
recevoir ses houris à l’Elysée; ce serait plus sûr. »</Unicode>
            </TextEquiv>
        </TextRegion>
        <TextRegion type="paragraph" id="r_2_15" custom="readingOrder {index:15;}">
            <Coords points="186,1097 1338,1097 1338,1135 186,1135"/>
            <TextLine id="tl_30" primaryLanguage="English" custom="readingOrder {index:0;}">
                <Coords points="187,1098 1337,1098 1337,1134 187,1134"/>
                <Baseline points="187,1125 203,1125 290,1126 342,1126 572,1132 788,1125 848,1125 1063,1125 1263,1125 1301,1126 1314,1118 1337,1132"/>
                <Word id="w_w2aab1b3b2c29b1ab1" language="English" custom="readingOrder {index:0;}">
                    <Coords points="187,1099 221,1099 221,1126 187,1126"/>
                    <TextEquiv>
                        <Unicode>96</Unicode>
                    </TextEquiv>
                    <TextStyle fontFamily="Times New Roman" fontSize="10.0"/>
                </Word>
                <Word id="w_w2aab1b3b2c29b1b1b1" language="English" custom="readingOrder {index:1;}">
                    <Coords points="239,1099 290,1099 290,1126 239,1126"/>
                    <TextEquiv>
                        <Unicode>La</Unicode>
                    </TextEquiv>
                    <TextStyle fontFamily="Times New Roman" fontSize="9.5" bold="true"/>
                </Word>
                <Word id="w_w2aab1b3b2c29b1b1b7" language="English" custom="readingOrder {index:2;}">
                    <Coords points="310,1100 432,1100 432,1133 310,1133"/>
                    <TextEquiv>
                        <Unicode>Harpe</Unicode>
                    </TextEquiv>
                    <TextStyle fontFamily="Times New Roman" fontSize="9.5" bold="true"/>
                </Word>
                <Word id="w_w2aab1b3b2c29b1b2b1" language="English" custom="readingOrder {index:3;}">
                    <Coords points="453,1098 572,1098 572,1133 453,1133"/>
                    <TextEquiv>
                        <Unicode>(F.-C.),</Unicode>
                    </TextEquiv>
                    <TextStyle fontFamily="Times New Roman" fontSize="10.0"/>
                </Word>
                <Word id="w_w2aab1b3b2c29b1b2c19" language="English" custom="readingOrder {index:4;}">
                    <Coords points="595,1098 788,1098 788,1126 595,1126"/>
                    <TextEquiv>
                        <Unicode>instituteur</Unicode>
                    </TextEquiv>
                    <TextStyle fontFamily="Times New Roman" fontSize="10.0"/>
                </Word>
                <Word id="w_w2aab1b3b2c29b1b2c43" language="English" custom="readingOrder {index:5;}">
                    <Coords points="811,1098 848,1098 848,1125 811,1125"/>
                    <TextEquiv>
                        <Unicode>de</Unicode>
                    </TextEquiv>
                    <TextStyle fontFamily="Times New Roman" fontSize="10.0"/>
                </Word>
                <Word id="w_w2aab1b3b2c29b1b2c49" language="English" custom="readingOrder {index:6;}">
                    <Coords points="874,1098 1063,1098 1063,1134 874,1134"/>
                    <TextEquiv>
                        <Unicode>l’empereur</Unicode>
                    </TextEquiv>
                    <TextStyle fontFamily="Times New Roman" fontSize="10.0"/>
                </Word>
                <Word id="w_w2aab1b3b2c29b1b2c71" language="English" custom="readingOrder {index:7;}">
                    <Coords points="1085,1098 1263,1098 1263,1126 1085,1126"/>
                    <TextEquiv>
                        <Unicode>Alexandre</Unicode>
                    </TextEquiv>
                    <TextStyle fontFamily="Times New Roman" fontSize="10.0"/>
                </Word>
                <Word id="w_w2aab1b3b2c29b1b2c91" language="English" custom="readingOrder {index:8;}">
                    <Coords points="1288,1098 1301,1098 1301,1126 1288,1126"/>
                    <TextEquiv>
                        <Unicode>I</Unicode>
                    </TextEquiv>
                    <TextStyle fontFamily="Times New Roman" fontSize="10.0"/>
                </Word>
                <Word id="w_w2aab1b3b2c29b1b3b1" language="English" custom="readingOrder {index:9;}">
                    <Coords points="1303,1103 1326,1103 1326,1118 1303,1118"/>
                    <TextEquiv>
                        <Unicode>er</Unicode>
                    </TextEquiv>
                    <TextStyle fontFamily="Times New Roman" fontSize="10.0" superscript="true"/>
                </Word>
                <Word id="w_w2aab1b3b2c29b1b4b1" language="English" custom="readingOrder {index:10;}">
                    <Coords points="1330,1120 1337,1120 1337,1132 1330,1132"/>
                    <TextEquiv>
                        <Unicode>,</Unicode>
                    </TextEquiv>
                    <TextStyle fontFamily="Times New Roman" fontSize="10.0"/>
                </Word>
                <TextEquiv>
                    <Unicode>96 La Harpe (F.-C.), instituteur de l’empereur Alexandre Ier,</Unicode>
                </TextEquiv>
            </TextLine>
            <TextEquiv>
                <Unicode>96 La Harpe (F.-C.), instituteur de l’empereur Alexandre Ier,</Unicode>
            </TextEquiv>
        </TextRegion>
        <TextRegion type="paragraph" id="r_2_16" custom="readingOrder {index:16;}">
            <Coords points="239,1132 1338,1132 1338,1206 239,1206"/>
            <TextLine id="tl_31" primaryLanguage="English" custom="readingOrder {index:0;}">
                <Coords points="241,1133 1337,1133 1337,1170 241,1170"/>
                <Baseline points="241,1161 405,1161 463,1161 517,1161 739,1161 958,1162 1009,1154 1059,1162 1110,1161 1173,1168 1337,1168"/>
                <Word id="w_w2aab1b3b2c31b1ab1" language="English" custom="readingOrder {index:0;}">
                    <Coords points="241,1134 405,1134 405,1161 241,1161"/>
                    <TextEquiv>
                        <Unicode>directeur</Unicode>
                    </TextEquiv>
                    <TextStyle fontFamily="Times New Roman" fontSize="10.0"/>
                </Word>
                <Word id="w_w2aab1b3b2c31b1ac21" language="English" custom="readingOrder {index:1;}">
                    <Coords points="426,1133 463,1133 463,1161 426,1161"/>
                    <TextEquiv>
                        <Unicode>de</Unicode>
                    </TextEquiv>
                    <TextStyle fontFamily="Times New Roman" fontSize="10.0"/>
                </Word>
                <Word id="w_w2aab1b3b2c31b1ac27" language="English" custom="readingOrder {index:2;}">
                    <Coords points="487,1134 517,1134 517,1162 487,1162"/>
                    <TextEquiv>
                        <Unicode>la</Unicode>
                    </TextEquiv>
                    <TextStyle fontFamily="Times New Roman" fontSize="10.0"/>
                </Word>
                <Word id="w_w2aab1b3b2c31b1ac33" language="English" custom="readingOrder {index:3;}">
                    <Coords points="538,1133 739,1133 739,1170 538,1170"/>
                    <TextEquiv>
                        <Unicode>République</Unicode>
                    </TextEquiv>
                    <TextStyle fontFamily="Times New Roman" fontSize="10.0"/>
                </Word>
                <Word id="w_w2aab1b3b2c31b1ac55" language="English" custom="readingOrder {index:4;}">
                    <Coords points="766,1134 958,1134 958,1170 766,1170"/>
                    <TextEquiv>
                        <Unicode>helvétique.</Unicode>
                    </TextEquiv>
                    <TextStyle fontFamily="Times New Roman" fontSize="10.0"/>
                </Word>
                <Word id="w_w2aab1b3b2c31b1ac79" language="English" custom="readingOrder {index:5;}">
                    <Coords points="975,1150 1009,1150 1009,1154 975,1154"/>
                    <TextEquiv>
                        <Unicode>—</Unicode>
                    </TextEquiv>
                    <TextStyle fontFamily="Times New Roman" fontSize="10.0"/>
                </Word>
                <Word id="w_w2aab1b3b2c31b1ac83" language="English" custom="readingOrder {index:6;}">
                    <Coords points="1025,1134 1059,1134 1059,1162 1025,1162"/>
                    <TextEquiv>
                        <Unicode>L.</Unicode>
                    </TextEquiv>
                    <TextStyle fontFamily="Times New Roman" fontSize="10.0"/>
                </Word>
                <Word id="w_w2aab1b3b2c31b1ac89" language="English" custom="readingOrder {index:7;}">
                    <Coords points="1083,1142 1110,1142 1110,1162 1083,1162"/>
                    <TextEquiv>
                        <Unicode>a.</Unicode>
                    </TextEquiv>
                    <TextStyle fontFamily="Times New Roman" fontSize="10.0"/>
                </Word>
                <Word id="w_w2aab1b3b2c31b1ac95" language="English" custom="readingOrder {index:8;}">
                    <Coords points="1136,1142 1173,1142 1173,1168 1136,1168"/>
                    <TextEquiv>
                        <Unicode>s.,</Unicode>
                    </TextEquiv>
                    <TextStyle fontFamily="Times New Roman" fontSize="10.0"/>
                </Word>
                <Word id="w_w2aab1b3b2c31b1ad103" language="English" custom="readingOrder {index:9;}">
                    <Coords points="1196,1134 1337,1134 1337,1168 1196,1168"/>
                    <TextEquiv>
                        <Unicode>Morges,</Unicode>
                    </TextEquiv>
                    <TextStyle fontFamily="Times New Roman" fontSize="10.0"/>
                </Word>
                <TextEquiv>
                    <Unicode>directeur de la République helvétique. — L. a. s., Morges,</Unicode>
                </TextEquiv>
                <TextStyle fontFamily="Times New Roman" fontSize="10.0"/>
            </TextLine>
            <TextLine id="tl_32" primaryLanguage="English" custom="readingOrder {index:1;}">
                <Coords points="240,1169 1336,1169 1336,1205 240,1205"/>
                <Baseline points="240,1197 274,1196 352,1197 448,1203 480,1196 524,1197 615,1198 800,1197 1286,1197 1336,1194"/>
                <Word id="w_w2aab1b3b2c31b3ab1" language="English" custom="readingOrder {index:0;}">
                    <Coords points="240,1170 274,1170 274,1197 240,1197"/>
                    <TextEquiv>
                        <Unicode>22</Unicode>
                    </TextEquiv>
                    <TextStyle fontFamily="Times New Roman" fontSize="10.0"/>
                </Word>
                <Word id="w_w2aab1b3b2c31b3ab7" language="English" custom="readingOrder {index:1;}">
                    <Coords points="290,1170 352,1170 352,1198 290,1198"/>
                    <TextEquiv>
                        <Unicode>mai</Unicode>
                    </TextEquiv>
                    <TextStyle fontFamily="Times New Roman" fontSize="10.0"/>
                </Word>
                <Word id="w_w2aab1b3b2c31b3ac15" language="English" custom="readingOrder {index:2;}">
                    <Coords points="370,1170 448,1170 448,1203 370,1203"/>
                    <TextEquiv>
                        <Unicode>1813,</Unicode>
                    </TextEquiv>
                    <TextStyle fontFamily="Times New Roman" fontSize="10.0"/>
                </Word>
                <Word id="w_w2aab1b3b2c31b3ac27" language="English" custom="readingOrder {index:3;}">
                    <Coords points="464,1169 480,1169 480,1196 464,1196"/>
                    <TextEquiv>
                        <Unicode>2</Unicode>
                    </TextEquiv>
                    <TextStyle fontFamily="Times New Roman" fontSize="10.0"/>
                </Word>
                <Word id="w_w2aab1b3b2c31b3ac31" language="English" custom="readingOrder {index:4;}">
                    <Coords points="497,1178 524,1178 524,1205 497,1205"/>
                    <TextEquiv>
                        <Unicode>p.</Unicode>
                    </TextEquiv>
                    <TextStyle fontFamily="Times New Roman" fontSize="10.0"/>
                </Word>
                <Word id="w_w2aab1b3b2c31b3ac37" language="English" custom="readingOrder {index:5;}">
                    <Coords points="542,1170 615,1170 615,1198 542,1198"/>
                    <TextEquiv>
                        <Unicode>in-4.</Unicode>
                    </TextEquiv>
                    <TextStyle fontFamily="Times New Roman" fontSize="10.0"/>
                </Word>
                <Word id="w_w2aab1b3b2c31b3ac49" language="English" custom="readingOrder {index:6;}">
                    <Coords points="633,1170 800,1170 800,1198 633,1198"/>
                    <TextEquiv>
                        <Unicode>Curieuse.</Unicode>
                    </TextEquiv>
                    <TextStyle fontFamily="Times New Roman" fontSize="10.0"/>
                </Word>
                <Word id="w_w2aab1b3b2c31b3ac69" language="English" custom="readingOrder {index:7;}">
                    <Coords points="1269,1170 1286,1170 1286,1197 1269,1197"/>
                    <TextEquiv>
                        <Unicode>5</Unicode>
                    </TextEquiv>
                    <TextStyle fontFamily="Times New Roman" fontSize="10.0"/>
                </Word>
                <Word id="w_w2aab1b3b2c31b3ac73" language="English" custom="readingOrder {index:8;}">
                    <Coords points="1323,1180 1336,1180 1336,1194 1323,1194"/>
                    <TextEquiv>
                        <Unicode>»</Unicode>
                    </TextEquiv>
                    <TextStyle fontFamily="Times New Roman" fontSize="10.0"/>
                </Word>
                <TextEquiv>
                    <Unicode>22 mai 1813, 2 p. in-4. Curieuse. 5 »</Unicode>
                </TextEquiv>
                <TextStyle fontFamily="Times New Roman" fontSize="10.0"/>
            </TextLine>
            <TextEquiv>
                <Unicode>directeur de la République helvétique. — L. a. s., Morges,
22 mai 1813, 2 p. in-4. Curieuse. 5 »</Unicode>
            </TextEquiv>
        </TextRegion>
        <TextRegion type="paragraph" id="r_2_17" custom="readingOrder {index:17;}">
            <Coords points="186,1208 1333,1208 1333,1248 186,1248"/>
            <TextLine id="tl_33" primaryLanguage="English" custom="readingOrder {index:0;}">
                <Coords points="187,1209 1332,1209 1332,1247 187,1247"/>
                <Baseline points="187,1239 203,1239 266,1238 632,1238 711,1244 855,1238 1012,1238 1061,1239 1200,1239 1332,1237"/>
                <Word id="w_w2aab1b3b2c33b1ab1" language="English" custom="readingOrder {index:0;}">
                    <Coords points="187,1210 220,1210 220,1239 187,1239"/>
                    <TextEquiv>
                        <Unicode>97</Unicode>
                    </TextEquiv>
                    <TextStyle fontFamily="Times New Roman" fontSize="10.0"/>
                </Word>
                <Word id="w_w2aab1b3b2c33b1b1b1" language="English" custom="readingOrder {index:1;}">
                    <Coords points="240,1210 446,1210 446,1247 240,1247"/>
                    <TextEquiv>
                        <Unicode>Lamartine</Unicode>
                    </TextEquiv>
                    <TextStyle fontFamily="Times New Roman" fontSize="9.5" bold="true"/>
                </Word>
                <Word id="w_w2aab1b3b2c33b1b2b1" language="English" custom="readingOrder {index:2;}">
                    <Coords points="462,1210 632,1210 632,1247 462,1247"/>
                    <TextEquiv>
                        <Unicode>(Alphonse</Unicode>
                    </TextEquiv>
                    <TextStyle fontFamily="Times New Roman" fontSize="10.0"/>
                </Word>
                <Word id="w_w2aab1b3b2c33b1b2c21" language="English" custom="readingOrder {index:3;}">
                    <Coords points="648,1210 711,1210 711,1246 648,1246"/>
                    <TextEquiv>
                        <Unicode>de),</Unicode>
                    </TextEquiv>
                    <TextStyle fontFamily="Times New Roman" fontSize="10.0"/>
                </Word>
                <Word id="w_w2aab1b3b2c33b1b2c31" language="English" custom="readingOrder {index:4;}">
                    <Coords points="729,1210 855,1210 855,1239 729,1239"/>
                    <TextEquiv>
                        <Unicode>illustre</Unicode>
                    </TextEquiv>
                    <TextStyle fontFamily="Times New Roman" fontSize="10.0"/>
                </Word>
                <Word id="w_w2aab1b3b2c33b1b2c49" language="English" custom="readingOrder {index:5;}">
                    <Coords points="871,1209 1012,1209 1012,1238 871,1238"/>
                    <TextEquiv>
                        <Unicode>écrivain</Unicode>
                    </TextEquiv>
                    <TextStyle fontFamily="Times New Roman" fontSize="10.0"/>
                </Word>
                <Word id="w_w2aab1b3b2c33b1b2c67" language="English" custom="readingOrder {index:6;}">
                    <Coords points="1029,1212 1061,1212 1061,1239 1029,1239"/>
                    <TextEquiv>
                        <Unicode>et</Unicode>
                    </TextEquiv>
                    <TextStyle fontFamily="Times New Roman" fontSize="10.0"/>
                </Word>
                <Word id="w_w2aab1b3b2c33b1b2c73" language="English" custom="readingOrder {index:7;}">
                    <Coords points="1076,1209 1200,1209 1200,1239 1076,1239"/>
                    <TextEquiv>
                        <Unicode>homme</Unicode>
                    </TextEquiv>
                    <TextStyle fontFamily="Times New Roman" fontSize="10.0"/>
                </Word>
                <Word id="w_w2aab1b3b2c33b1b2c85" language="English" custom="readingOrder {index:8;}">
                    <Coords points="1217,1210 1332,1210 1332,1239 1217,1239"/>
                    <TextEquiv>
                        <Unicode>d’Etat.</Unicode>
                    </TextEquiv>
                    <TextStyle fontFamily="Times New Roman" fontSize="10.0"/>
                </Word>
                <TextEquiv>
                    <Unicode>97 Lamartine (Alphonse de), illustre écrivain et homme d’Etat.</Unicode>
                </TextEquiv>
            </TextLine>
            <TextEquiv>
                <Unicode>97 Lamartine (Alphonse de), illustre écrivain et homme d’Etat.</Unicode>
            </TextEquiv>
        </TextRegion>
        <TextRegion type="paragraph" id="r_2_18" custom="readingOrder {index:18;}">
            <Coords points="238,1245 1338,1245 1338,1284 238,1284"/>
            <TextLine id="tl_34" primaryLanguage="English" custom="readingOrder {index:0;}">
                <Coords points="239,1246 1337,1246 1337,1283 239,1283"/>
                <Baseline points="239,1267 274,1267 319,1274 364,1275 417,1281 537,1281 586,1274 768,1274 865,1281 892,1273 942,1274 1035,1274 1286,1274 1337,1272"/>
                <Word id="w_w2aab1b3b2c35b1ab1" language="English" custom="readingOrder {index:0;}">
                    <Coords points="239,1263 274,1263 274,1267 239,1267"/>
                    <TextEquiv>
                        <Unicode>—</Unicode>
                    </TextEquiv>
                    <TextStyle fontFamily="Times New Roman" fontSize="10.0"/>
                </Word>
                <Word id="w_w2aab1b3b2c35b1ab5" language="English" custom="readingOrder {index:1;}">
                    <Coords points="286,1247 319,1247 319,1275 286,1275"/>
                    <TextEquiv>
                        <Unicode>L.</Unicode>
                    </TextEquiv>
                    <TextStyle fontFamily="Times New Roman" fontSize="10.0"/>
                </Word>
                <Word id="w_w2aab1b3b2c35b1ac11" language="English" custom="readingOrder {index:2;}">
                    <Coords points="336,1255 364,1255 364,1275 336,1275"/>
                    <TextEquiv>
                        <Unicode>a.</Unicode>
                    </TextEquiv>
                    <TextStyle fontFamily="Times New Roman" fontSize="10.0"/>
                </Word>
                <Word id="w_w2aab1b3b2c35b1ac17" language="English" custom="readingOrder {index:3;}">
                    <Coords points="381,1256 417,1256 417,1281 381,1281"/>
                    <TextEquiv>
                        <Unicode>s.,</Unicode>
                    </TextEquiv>
                    <TextStyle fontFamily="Times New Roman" fontSize="10.0"/>
                </Word>
                <Word id="w_w2aab1b3b2c35b1ac25" language="English" custom="readingOrder {index:4;}">
                    <Coords points="434,1247 537,1247 537,1281 434,1281"/>
                    <TextEquiv>
                        <Unicode>Paris,</Unicode>
                    </TextEquiv>
                    <TextStyle fontFamily="Times New Roman" fontSize="10.0"/>
                </Word>
                <Word id="w_w2aab1b3b2c35b1ac39" language="English" custom="readingOrder {index:5;}">
                    <Coords points="553,1246 586,1246 586,1274 553,1274"/>
                    <TextEquiv>
                        <Unicode>22</Unicode>
                    </TextEquiv>
                    <TextStyle fontFamily="Times New Roman" fontSize="10.0"/>
                </Word>
                <Word id="w_w2aab1b3b2c35b1ac45" language="English" custom="readingOrder {index:6;}">
                    <Coords points="603,1246 768,1246 768,1274 603,1274"/>
                    <TextEquiv>
                        <Unicode>décembre</Unicode>
                    </TextEquiv>
                    <TextStyle fontFamily="Times New Roman" fontSize="10.0"/>
                </Word>
                <Word id="w_w2aab1b3b2c35b1ac63" language="English" custom="readingOrder {index:7;}">
                    <Coords points="786,1246 865,1246 865,1281 786,1281"/>
                    <TextEquiv>
                        <Unicode>1863,</Unicode>
                    </TextEquiv>
                    <TextStyle fontFamily="Times New Roman" fontSize="10.0"/>
                </Word>
                <Word id="w_w2aab1b3b2c35b1ac75" language="English" custom="readingOrder {index:8;}">
                    <Coords points="886,1248 892,1248 892,1273 886,1273"/>
                    <TextEquiv>
                        <Unicode>I</Unicode>
                    </TextEquiv>
                    <TextStyle fontFamily="Times New Roman" fontSize="10.0"/>
                </Word>
                <Word id="w_w2aab1b3b2c35b1ac79" language="English" custom="readingOrder {index:9;}">
                    <Coords points="913,1255 942,1255 942,1283 913,1283"/>
                    <TextEquiv>
                        <Unicode>p.</Unicode>
                    </TextEquiv>
                    <TextStyle fontFamily="Times New Roman" fontSize="10.0"/>
                </Word>
                <Word id="w_w2aab1b3b2c35b1ac85" language="English" custom="readingOrder {index:10;}">
                    <Coords points="959,1246 1035,1246 1035,1274 959,1274"/>
                    <TextEquiv>
                        <Unicode>in-8.</Unicode>
                    </TextEquiv>
                    <TextStyle fontFamily="Times New Roman" fontSize="10.0"/>
                </Word>
                <Word id="w_w2aab1b3b2c35b1ac97" language="English" custom="readingOrder {index:11;}">
                    <Coords points="1270,1247 1286,1247 1286,1274 1270,1274"/>
                    <TextEquiv>
                        <Unicode>6</Unicode>
                    </TextEquiv>
                    <TextStyle fontFamily="Times New Roman" fontSize="10.0"/>
                </Word>
                <Word id="w_w2aab1b3b2c35b1ad101" language="English" custom="readingOrder {index:12;}">
                    <Coords points="1324,1258 1337,1258 1337,1272 1324,1272"/>
                    <TextEquiv>
                        <Unicode>»</Unicode>
                    </TextEquiv>
                    <TextStyle fontFamily="Times New Roman" fontSize="10.0"/>
                </Word>
                <TextEquiv>
                    <Unicode>— L. a. s., Paris, 22 décembre 1863, 1 p. in-8. 6 »</Unicode>
                </TextEquiv>
                <TextStyle fontFamily="Times New Roman" fontSize="10.0"/>
            </TextLine>
            <TextEquiv>
                <Unicode>— L. a. s., Paris, 22 décembre 1863, 1 p. in-8. 6 »</Unicode>
            </TextEquiv>
        </TextRegion>
        <TextRegion type="paragraph" id="r_2_19" custom="readingOrder {index:19;}">
            <Coords points="186,1286 1335,1286 1335,1325 186,1325"/>
            <TextLine id="tl_35" primaryLanguage="English" custom="readingOrder {index:0;}">
                <Coords points="187,1287 1334,1287 1334,1324 187,1324"/>
                <Baseline points="187,1314 203,1314 267,1315 614,1314 772,1314 939,1320 994,1314 1027,1314 1242,1314 1285,1307 1334,1314"/>
                <Word id="w_w2aab1b3b2c37b1ab1" language="English" custom="readingOrder {index:0;}">
                    <Coords points="187,1287 220,1287 220,1315 187,1315"/>
                    <TextEquiv>
                        <Unicode>98</Unicode>
                    </TextEquiv>
                    <TextStyle fontFamily="Times New Roman" fontSize="10.0"/>
                </Word>
                <Word id="w_w2aab1b3b2c37b1b1b1" language="English" custom="readingOrder {index:1;}">
                    <Coords points="241,1287 468,1287 468,1320 241,1320"/>
                    <TextEquiv>
                        <Unicode>Lamennais,</Unicode>
                    </TextEquiv>
                    <TextStyle fontFamily="Times New Roman" fontSize="9.5" bold="true"/>
                </Word>
                <Word id="w_w2aab1b3b2c37b1b2b1" language="English" custom="readingOrder {index:2;}">
                    <Coords points="487,1287 614,1287 614,1315 487,1315"/>
                    <TextEquiv>
                        <Unicode>illustre</Unicode>
                    </TextEquiv>
                    <TextStyle fontFamily="Times New Roman" fontSize="10.0"/>
                </Word>
                <Word id="w_w2aab1b3b2c37b1b2c19" language="English" custom="readingOrder {index:3;}">
                    <Coords points="631,1287 772,1287 772,1315 631,1315"/>
                    <TextEquiv>
                        <Unicode>écrivain</Unicode>
                    </TextEquiv>
                    <TextStyle fontFamily="Times New Roman" fontSize="10.0"/>
                </Word>
                <Word id="w_w2aab1b3b2c37b1b2c37" language="English" custom="readingOrder {index:4;}">
                    <Coords points="791,1287 939,1287 939,1324 791,1324"/>
                    <TextEquiv>
                        <Unicode>français,</Unicode>
                    </TextEquiv>
                    <TextStyle fontFamily="Times New Roman" fontSize="10.0"/>
                </Word>
                <Word id="w_w2aab1b3b2c37b1b2c57" language="English" custom="readingOrder {index:5;}">
                    <Coords points="956,1288 994,1288 994,1314 956,1314"/>
                    <TextEquiv>
                        <Unicode>né</Unicode>
                    </TextEquiv>
                    <TextStyle fontFamily="Times New Roman" fontSize="10.0"/>
                </Word>
                <Word id="w_w2aab1b3b2c37b1b2c63" language="English" custom="readingOrder {index:6;}">
                    <Coords points="1010,1287 1027,1287 1027,1314 1010,1314"/>
                    <TextEquiv>
                        <Unicode>à</Unicode>
                    </TextEquiv>
                    <TextStyle fontFamily="Times New Roman" fontSize="10.0"/>
                </Word>
                <Word id="w_w2aab1b3b2c37b1b2c67" language="English" custom="readingOrder {index:7;}">
                    <Coords points="1043,1287 1242,1287 1242,1316 1043,1316"/>
                    <TextEquiv>
                        <Unicode>Saint-Malo.</Unicode>
                    </TextEquiv>
                    <TextStyle fontFamily="Times New Roman" fontSize="10.0"/>
                </Word>
                <Word id="w_w2aab1b3b2c37b1b2c91" language="English" custom="readingOrder {index:8;}">
                    <Coords points="1254,1303 1285,1303 1285,1307 1254,1307"/>
                    <TextEquiv>
                        <Unicode>—</Unicode>
                    </TextEquiv>
                    <TextStyle fontFamily="Times New Roman" fontSize="10.0"/>
                </Word>
                <Word id="w_w2aab1b3b2c37b1b2c95" language="English" custom="readingOrder {index:9;}">
                    <Coords points="1298,1287 1334,1287 1334,1315 1298,1315"/>
                    <TextEquiv>
                        <Unicode>L.</Unicode>
                    </TextEquiv>
                    <TextStyle fontFamily="Times New Roman" fontSize="10.0"/>
                </Word>
                <TextEquiv>
                    <Unicode>98 Lamennais, illustre écrivain français, né à Saint-Malo. — L.</Unicode>
                </TextEquiv>
            </TextLine>
            <TextEquiv>
                <Unicode>98 Lamennais, illustre écrivain français, né à Saint-Malo. — L.</Unicode>
            </TextEquiv>
        </TextRegion>
        <TextRegion type="paragraph" id="r_2_20" custom="readingOrder {index:20;}">
            <Coords points="240,1322 1338,1322 1338,1360 240,1360"/>
            <TextLine id="tl_36" primaryLanguage="English" custom="readingOrder {index:0;}">
                <Coords points="241,1323 1337,1323 1337,1359 241,1359"/>
                <Baseline points="241,1351 267,1351 308,1351 344,1350 449,1359 581,1358 701,1356 751,1350 850,1350 945,1353 972,1349 1021,1350 1116,1350 1286,1350 1337,1348"/>
                <Word id="w_w2aab1b3b2c39b1ab1" language="English" custom="readingOrder {index:0;}">
                    <Coords points="241,1332 267,1332 267,1351 241,1351"/>
                    <TextEquiv>
                        <Unicode>a.</Unicode>
                    </TextEquiv>
                    <TextStyle fontFamily="Times New Roman" fontSize="10.0"/>
                </Word>
                <Word id="w_w2aab1b3b2c39b1ab7" language="English" custom="readingOrder {index:1;}">
                    <Coords points="285,1332 308,1332 308,1351 285,1351"/>
                    <TextEquiv>
                        <Unicode>s.</Unicode>
                    </TextEquiv>
                    <TextStyle fontFamily="Times New Roman" fontSize="10.0"/>
                </Word>
                <Word id="w_w2aab1b3b2c39b1ac13" language="English" custom="readingOrder {index:2;}">
                    <Coords points="327,1323 344,1323 344,1350 327,1350"/>
                    <TextEquiv>
                        <Unicode>à</Unicode>
                    </TextEquiv>
                    <TextStyle fontFamily="Times New Roman" fontSize="10.0"/>
                </Word>
                <Word id="w_w2aab1b3b2c39b1ac17" language="English" custom="readingOrder {index:3;}">
                    <Coords points="359,1323 449,1323 449,1359 359,1359"/>
                    <TextEquiv>
                        <Unicode>Mary</Unicode>
                    </TextEquiv>
                    <TextStyle fontFamily="Times New Roman" fontSize="10.0"/>
                </Word>
                <Word id="w_w2aab1b3b2c39b1ac27" language="English" custom="readingOrder {index:4;}">
                    <Coords points="468,1323 581,1323 581,1358 468,1358"/>
                    <TextEquiv>
                        <Unicode>Lafon;</Unicode>
                    </TextEquiv>
                    <TextStyle fontFamily="Times New Roman" fontSize="10.0"/>
                </Word>
                <Word id="w_w2aab1b3b2c39b1ac41" language="English" custom="readingOrder {index:5;}">
                    <Coords points="600,1323 701,1323 701,1356 600,1356"/>
                    <TextEquiv>
                        <Unicode>Paris,</Unicode>
                    </TextEquiv>
                    <TextStyle fontFamily="Times New Roman" fontSize="10.0"/>
                </Word>
                <Word id="w_w2aab1b3b2c39b1ac55" language="English" custom="readingOrder {index:6;}">
                    <Coords points="719,1323 751,1323 751,1350 719,1350"/>
                    <TextEquiv>
                        <Unicode>13</Unicode>
                    </TextEquiv>
                    <TextStyle fontFamily="Times New Roman" fontSize="10.0"/>
                </Word>
                <Word id="w_w2aab1b3b2c39b1ac61" language="English" custom="readingOrder {index:7;}">
                    <Coords points="767,1331 850,1331 850,1350 767,1350"/>
                    <TextEquiv>
                        <Unicode>mars</Unicode>
                    </TextEquiv>
                    <TextStyle fontFamily="Times New Roman" fontSize="10.0"/>
                </Word>
                <Word id="w_w2aab1b3b2c39b1ac71" language="English" custom="readingOrder {index:8;}">
                    <Coords points="867,1323 945,1323 945,1353 867,1353"/>
                    <TextEquiv>
                        <Unicode>1848,</Unicode>
                    </TextEquiv>
                    <TextStyle fontFamily="Times New Roman" fontSize="10.0"/>
                </Word>
                <Word id="w_w2aab1b3b2c39b1ac83" language="English" custom="readingOrder {index:9;}">
                    <Coords points="963,1324 972,1324 972,1349 963,1349"/>
                    <TextEquiv>
                        <Unicode>1</Unicode>
                    </TextEquiv>
                    <TextStyle fontFamily="Times New Roman" fontSize="10.0"/>
                </Word>
                <Word id="w_w2aab1b3b2c39b1ac87" language="English" custom="readingOrder {index:10;}">
                    <Coords points="993,1331 1021,1331 1021,1359 993,1359"/>
                    <TextEquiv>
                        <Unicode>p.</Unicode>
                    </TextEquiv>
                    <TextStyle fontFamily="Times New Roman" fontSize="10.0"/>
                </Word>
                <Word id="w_w2aab1b3b2c39b1ac93" language="English" custom="readingOrder {index:11;}">
                    <Coords points="1040,1323 1116,1323 1116,1350 1040,1350"/>
                    <TextEquiv>
                        <Unicode>in-8.</Unicode>
                    </TextEquiv>
                    <TextStyle fontFamily="Times New Roman" fontSize="10.0"/>
                </Word>
                <Word id="w_w2aab1b3b2c39b1ad105" language="English" custom="readingOrder {index:12;}">
                    <Coords points="1254,1323 1286,1323 1286,1350 1254,1350"/>
                    <TextEquiv>
                        <Unicode>12</Unicode>
                    </TextEquiv>
                    <TextStyle fontFamily="Times New Roman" fontSize="10.0"/>
                </Word>
                <Word id="w_w2aab1b3b2c39b1ad111" language="English" custom="readingOrder {index:13;}">
                    <Coords points="1324,1334 1337,1334 1337,1348 1324,1348"/>
                    <TextEquiv>
                        <Unicode>»</Unicode>
                    </TextEquiv>
                    <TextStyle fontFamily="Times New Roman" fontSize="10.0"/>
                </Word>
                <TextEquiv>
                    <Unicode>a. s. à Mary Lafon; Paris, 13 mars 1848, 1 p. in-8. 12 »</Unicode>
                </TextEquiv>
                <TextStyle fontFamily="Times New Roman" fontSize="10.0"/>
            </TextLine>
            <TextEquiv>
                <Unicode>a. s. à Mary Lafon; Paris, 13 mars 1848, 1 p. in-8. 12 »</Unicode>
            </TextEquiv>
        </TextRegion>
        <TextRegion type="paragraph" id="r_2_21" custom="readingOrder {index:21;}">
            <Coords points="240,1358 1341,1358 1341,1454 240,1454"/>
            <TextLine id="tl_37" primaryLanguage="English" custom="readingOrder {index:0;}">
                <Coords points="275,1359 1340,1359 1340,1390 275,1390"/>
                <Baseline points="275,1383 295,1383 419,1383 487,1383 526,1382 569,1383 725,1383 773,1383 834,1383 1025,1382 1177,1382 1208,1383 1340,1382"/>
                <Word id="w_w2aab1b3b2c41b1ab1" language="English" custom="readingOrder {index:0;}">
                    <Coords points="275,1359 295,1359 295,1383 275,1383"/>
                    <TextEquiv>
                        <Unicode>Il</Unicode>
                    </TextEquiv>
                    <TextStyle fontFamily="Times New Roman" fontSize="8.5"/>
                </Word>
                <Word id="w_w2aab1b3b2c41b1ab7" language="English" custom="readingOrder {index:1;}">
                    <Coords points="311,1359 419,1359 419,1383 311,1383"/>
                    <TextEquiv>
                        <Unicode>déclare</Unicode>
                    </TextEquiv>
                    <TextStyle fontFamily="Times New Roman" fontSize="8.5"/>
                </Word>
                <Word id="w_w2aab1b3b2c41b1ac23" language="English" custom="readingOrder {index:2;}">
                    <Coords points="435,1366 487,1366 487,1390 435,1390"/>
                    <TextEquiv>
                        <Unicode>que</Unicode>
                    </TextEquiv>
                    <TextStyle fontFamily="Times New Roman" fontSize="8.5"/>
                </Word>
                <Word id="w_w2aab1b3b2c41b1ac31" language="English" custom="readingOrder {index:3;}">
                    <Coords points="502,1359 526,1359 526,1382 502,1382"/>
                    <TextEquiv>
                        <Unicode>si</Unicode>
                    </TextEquiv>
                    <TextStyle fontFamily="Times New Roman" fontSize="8.5"/>
                </Word>
                <Word id="w_w2aab1b3b2c41b1ac37" language="English" custom="readingOrder {index:4;}">
                    <Coords points="545,1360 569,1360 569,1383 545,1383"/>
                    <TextEquiv>
                        <Unicode>la</Unicode>
                    </TextEquiv>
                    <TextStyle fontFamily="Times New Roman" fontSize="8.5"/>
                </Word>
                <Word id="w_w2aab1b3b2c41b1ac43" language="English" custom="readingOrder {index:5;}">
                    <Coords points="585,1359 725,1359 725,1384 585,1384"/>
                    <TextEquiv>
                        <Unicode>confiance</Unicode>
                    </TextEquiv>
                    <TextStyle fontFamily="Times New Roman" fontSize="8.5"/>
                </Word>
                <Word id="w_w2aab1b3b2c41b1ac63" language="English" custom="readingOrder {index:6;}">
                    <Coords points="740,1359 773,1359 773,1383 740,1383"/>
                    <TextEquiv>
                        <Unicode>de</Unicode>
                    </TextEquiv>
                    <TextStyle fontFamily="Times New Roman" fontSize="8.5"/>
                </Word>
                <Word id="w_w2aab1b3b2c41b1ac69" language="English" custom="readingOrder {index:7;}">
                    <Coords points="790,1366 834,1366 834,1383 790,1383"/>
                    <TextEquiv>
                        <Unicode>ses</Unicode>
                    </TextEquiv>
                    <TextStyle fontFamily="Times New Roman" fontSize="8.5"/>
                </Word>
                <Word id="w_w2aab1b3b2c41b1ac77" language="English" custom="readingOrder {index:8;}">
                    <Coords points="850,1359 1025,1359 1025,1389 850,1389"/>
                    <TextEquiv>
                        <Unicode>concitoyens</Unicode>
                    </TextEquiv>
                    <TextStyle fontFamily="Times New Roman" fontSize="8.5"/>
                </Word>
                <Word id="w_w2aab1b3b2c41b1ad101" language="English" custom="readingOrder {index:9;}">
                    <Coords points="1039,1359 1177,1359 1177,1389 1039,1389"/>
                    <TextEquiv>
                        <Unicode>l’appelait</Unicode>
                    </TextEquiv>
                    <TextStyle fontFamily="Times New Roman" fontSize="8.5"/>
                </Word>
                <Word id="w_w2aab1b3b2c41b1ad123" language="English" custom="readingOrder {index:10;}">
                    <Coords points="1192,1359 1208,1359 1208,1383 1192,1383"/>
                    <TextEquiv>
                        <Unicode>à</Unicode>
                    </TextEquiv>
                    <TextStyle fontFamily="Times New Roman" fontSize="8.5"/>
                </Word>
                <Word id="w_w2aab1b3b2c41b1ad127" language="English" custom="readingOrder {index:11;}">
                    <Coords points="1228,1359 1340,1359 1340,1389 1228,1389"/>
                    <TextEquiv>
                        <Unicode>remplir</Unicode>
                    </TextEquiv>
                    <TextStyle fontFamily="Times New Roman" fontSize="8.5"/>
                </Word>
                <TextEquiv>
                    <Unicode>Il déclare que si la confiance de ses concitoyens l’appelait à remplir</Unicode>
                </TextEquiv>
                <TextStyle fontFamily="Times New Roman" fontSize="8.5"/>
            </TextLine>
            <TextLine id="tl_38" primaryLanguage="English" custom="readingOrder {index:1;}">
                <Coords points="241,1390 1339,1390 1339,1422 241,1422"/>
                <Baseline points="241,1414 280,1415 402,1415 564,1415 621,1415 834,1415 894,1415 1030,1418 1074,1415 1209,1414 1265,1415 1339,1414"/>
                <Word id="w_w2aab1b3b2c41b3ab1" language="English" custom="readingOrder {index:0;}">
                    <Coords points="241,1391 280,1391 280,1415 241,1415"/>
                    <TextEquiv>
                        <Unicode>les</Unicode>
                    </TextEquiv>
                    <TextStyle fontFamily="Times New Roman" fontSize="8.5"/>
                </Word>
                <Word id="w_w2aab1b3b2c41b3ab9" language="English" custom="readingOrder {index:1;}">
                    <Coords points="305,1393 402,1393 402,1415 305,1415"/>
                    <TextEquiv>
                        <Unicode>hautes</Unicode>
                    </TextEquiv>
                    <TextStyle fontFamily="Times New Roman" fontSize="8.5"/>
                </Word>
                <Word id="w_w2aab1b3b2c41b3ac23" language="English" custom="readingOrder {index:2;}">
                    <Coords points="426,1390 564,1390 564,1415 426,1415"/>
                    <TextEquiv>
                        <Unicode>fonctions</Unicode>
                    </TextEquiv>
                    <TextStyle fontFamily="Times New Roman" fontSize="8.5"/>
                </Word>
                <Word id="w_w2aab1b3b2c41b3ac43" language="English" custom="readingOrder {index:3;}">
                    <Coords points="588,1391 621,1391 621,1415 588,1415"/>
                    <TextEquiv>
                        <Unicode>de</Unicode>
                    </TextEquiv>
                    <TextStyle fontFamily="Times New Roman" fontSize="8.5"/>
                </Word>
                <Word id="w_w2aab1b3b2c41b3ac49" language="English" custom="readingOrder {index:4;}">
                    <Coords points="646,1391 834,1391 834,1422 646,1422"/>
                    <TextEquiv>
                        <Unicode>représentant</Unicode>
                    </TextEquiv>
                    <TextStyle fontFamily="Times New Roman" fontSize="8.5"/>
                </Word>
                <Word id="w_w2aab1b3b2c41b3ac75" language="English" custom="readingOrder {index:5;}">
                    <Coords points="858,1391 894,1391 894,1415 858,1415"/>
                    <TextEquiv>
                        <Unicode>du</Unicode>
                    </TextEquiv>
                    <TextStyle fontFamily="Times New Roman" fontSize="8.5"/>
                </Word>
                <Word id="w_w2aab1b3b2c41b3ac81" language="English" custom="readingOrder {index:6;}">
                    <Coords points="919,1391 1030,1391 1030,1422 919,1422"/>
                    <TextEquiv>
                        <Unicode>peuple,</Unicode>
                    </TextEquiv>
                    <TextStyle fontFamily="Times New Roman" fontSize="8.5"/>
                </Word>
                <Word id="w_w2aab1b3b2c41b3ac97" language="English" custom="readingOrder {index:7;}">
                    <Coords points="1056,1390 1074,1390 1074,1415 1056,1415"/>
                    <TextEquiv>
                        <Unicode>il</Unicode>
                    </TextEquiv>
                    <TextStyle fontFamily="Times New Roman" fontSize="8.5"/>
                </Word>
                <Word id="w_w2aab1b3b2c41b3ad103" language="English" custom="readingOrder {index:8;}">
                    <Coords points="1098,1391 1209,1391 1209,1415 1098,1415"/>
                    <TextEquiv>
                        <Unicode>croirait</Unicode>
                    </TextEquiv>
                    <TextStyle fontFamily="Times New Roman" fontSize="8.5"/>
                </Word>
                <Word id="w_w2aab1b3b2c41b3ad121" language="English" custom="readingOrder {index:9;}">
                    <Coords points="1232,1391 1265,1391 1265,1415 1232,1415"/>
                    <TextEquiv>
                        <Unicode>de</Unicode>
                    </TextEquiv>
                    <TextStyle fontFamily="Times New Roman" fontSize="8.5"/>
                </Word>
                <Word id="w_w2aab1b3b2c41b3ad127" language="English" custom="readingOrder {index:10;}">
                    <Coords points="1289,1397 1339,1397 1339,1415 1289,1415"/>
                    <TextEquiv>
                        <Unicode>son</Unicode>
                    </TextEquiv>
                    <TextStyle fontFamily="Times New Roman" fontSize="8.5"/>
                </Word>
                <TextEquiv>
                    <Unicode>les hautes fonctions de représentant du peuple, il croirait de son</Unicode>
                </TextEquiv>
                <TextStyle fontFamily="Times New Roman" fontSize="8.5"/>
            </TextLine>
            <TextLine id="tl_39" primaryLanguage="English" custom="readingOrder {index:2;}">
                <Coords points="241,1422 516,1422 516,1453 241,1453"/>
                <Baseline points="241,1446 336,1446 516,1446"/>
                <Word id="w_w2aab1b3b2c41b5ab1" language="English" custom="readingOrder {index:0;}">
                    <Coords points="241,1422 336,1422 336,1447 241,1447"/>
                    <TextEquiv>
                        <Unicode>devoir</Unicode>
                    </TextEquiv>
                    <TextStyle fontFamily="Times New Roman" fontSize="8.5"/>
                </Word>
                <Word id="w_w2aab1b3b2c41b5ac15" language="English" custom="readingOrder {index:1;}">
                    <Coords points="351,1422 516,1422 516,1453 351,1453"/>
                    <TextEquiv>
                        <Unicode>d’accepter.</Unicode>
                    </TextEquiv>
                    <TextStyle fontFamily="Times New Roman" fontSize="8.5"/>
                </Word>
                <TextEquiv>
                    <Unicode>devoir d’accepter.</Unicode>
                </TextEquiv>
                <TextStyle fontFamily="Times New Roman" fontSize="8.5"/>
            </TextLine>
            <TextEquiv>
                <Unicode>Il déclare que si la confiance de ses concitoyens l’appelait à remplir
les hautes fonctions de représentant du peuple, il croirait de son
devoir d’accepter.</Unicode>
            </TextEquiv>
        </TextRegion>
        <TextRegion type="paragraph" id="r_2_22" custom="readingOrder {index:22;}">
            <Coords points="186,1456 1342,1456 1342,1530 186,1530"/>
            <TextLine id="tl_40" primaryLanguage="English" custom="readingOrder {index:0;}">
                <Coords points="187,1457 1341,1457 1341,1493 187,1493"/>
                <Baseline points="187,1485 203,1485 267,1485 521,1491 670,1485 726,1485 889,1484 967,1484 1018,1484 1202,1491 1341,1484"/>
                <Word id="w_w2aab1b3b2c43b1ab1" language="English" custom="readingOrder {index:0;}">
                    <Coords points="187,1458 221,1458 221,1485 187,1485"/>
                    <TextEquiv>
                        <Unicode>99</Unicode>
                    </TextEquiv>
                    <TextStyle fontFamily="Times New Roman" fontSize="10.0"/>
                </Word>
                <Word id="w_w2aab1b3b2c43b1b1b1" language="English" custom="readingOrder {index:1;}">
                    <Coords points="241,1458 385,1458 385,1492 241,1492"/>
                    <TextEquiv>
                        <Unicode>Landon</Unicode>
                    </TextEquiv>
                    <TextStyle fontFamily="Times New Roman" fontSize="9.5" bold="true"/>
                </Word>
                <Word id="w_w2aab1b3b2c43b1b2b1" language="English" custom="readingOrder {index:2;}">
                    <Coords points="405,1457 521,1457 521,1492 405,1492"/>
                    <TextEquiv>
                        <Unicode>(C.-P.),</Unicode>
                    </TextEquiv>
                    <TextStyle fontFamily="Times New Roman" fontSize="10.0"/>
                </Word>
                <Word id="w_w2aab1b3b2c43b1b2c19" language="English" custom="readingOrder {index:3;}">
                    <Coords points="545,1457 670,1457 670,1493 545,1493"/>
                    <TextEquiv>
                        <Unicode>peintre</Unicode>
                    </TextEquiv>
                    <TextStyle fontFamily="Times New Roman" fontSize="10.0"/>
                </Word>
                <Word id="w_w2aab1b3b2c43b1b2c35" language="English" custom="readingOrder {index:4;}">
                    <Coords points="694,1458 726,1458 726,1485 694,1485"/>
                    <TextEquiv>
                        <Unicode>et</Unicode>
                    </TextEquiv>
                    <TextStyle fontFamily="Times New Roman" fontSize="10.0"/>
                </Word>
                <Word id="w_w2aab1b3b2c43b1b2c41" language="English" custom="readingOrder {index:5;}">
                    <Coords points="748,1457 889,1457 889,1485 748,1485"/>
                    <TextEquiv>
                        <Unicode>écrivain</Unicode>
                    </TextEquiv>
                    <TextStyle fontFamily="Times New Roman" fontSize="10.0"/>
                </Word>
                <Word id="w_w2aab1b3b2c43b1b2c59" language="English" custom="readingOrder {index:6;}">
                    <Coords points="912,1465 967,1465 967,1484 912,1484"/>
                    <TextEquiv>
                        <Unicode>sur</Unicode>
                    </TextEquiv>
                    <TextStyle fontFamily="Times New Roman" fontSize="10.0"/>
                </Word>
                <Word id="w_w2aab1b3b2c43b1b2c67" language="English" custom="readingOrder {index:7;}">
                    <Coords points="987,1457 1018,1457 1018,1485 987,1485"/>
                    <TextEquiv>
                        <Unicode>la</Unicode>
                    </TextEquiv>
                    <TextStyle fontFamily="Times New Roman" fontSize="10.0"/>
                </Word>
                <Word id="w_w2aab1b3b2c43b1b2c73" language="English" custom="readingOrder {index:8;}">
                    <Coords points="1040,1457 1202,1457 1202,1493 1040,1493"/>
                    <TextEquiv>
                        <Unicode>peinture,</Unicode>
                    </TextEquiv>
                    <TextStyle fontFamily="Times New Roman" fontSize="10.0"/>
                </Word>
                <Word id="w_w2aab1b3b2c43b1b2c93" language="English" custom="readingOrder {index:9;}">
                    <Coords points="1225,1458 1341,1458 1341,1484 1225,1484"/>
                    <TextEquiv>
                        <Unicode>auteur</Unicode>
                    </TextEquiv>
                    <TextStyle fontFamily="Times New Roman" fontSize="10.0"/>
                </Word>
                <TextEquiv>
                    <Unicode>99 Landon (C.-P.), peintre et écrivain sur la peinture, auteur</Unicode>
                </TextEquiv>
            </TextLine>
            <TextLine id="tl_41" primaryLanguage="English" custom="readingOrder {index:1;}">
                <Coords points="242,1492 1339,1492 1339,1529 242,1529"/>
                <Baseline points="242,1521 257,1521 430,1521 481,1520 590,1521 631,1513 675,1521 715,1521 751,1521 782,1520 833,1521 986,1526 1103,1519 1145,1520 1232,1520 1287,1520 1339,1517"/>
                <Word id="w_w2aab1b3b2c43b3ab1" language="English" custom="readingOrder {index:0;}">
                    <Coords points="242,1494 296,1494 296,1522 242,1522"/>
                    <TextEquiv>
                        <Unicode>des</Unicode>
                    </TextEquiv>
                    <TextStyle fontFamily="Times New Roman" fontSize="10.0"/>
                </Word>
                <Word id="w_w2aab1b3b2c43b3b1b1" language="English" custom="readingOrder {index:1;}">
                    <Coords points="312,1495 430,1495 430,1521 312,1521"/>
                    <TextEquiv>
                        <Unicode>Annales</Unicode>
                    </TextEquiv>
                    <TextStyle fontFamily="Times New Roman" fontSize="9.5" italic="true"/>
                </Word>
                <Word id="w_w2aab1b3b2c43b3b1c17" language="English" custom="readingOrder {index:2;}">
                    <Coords points="444,1494 481,1494 481,1520 444,1520"/>
                    <TextEquiv>
                        <Unicode>du</Unicode>
                    </TextEquiv>
                    <TextStyle fontFamily="Times New Roman" fontSize="9.5" italic="true"/>
                </Word>
                <Word id="w_w2aab1b3b2c43b3b1c23" language="English" custom="readingOrder {index:3;}">
                    <Coords points="496,1495 590,1495 590,1521 496,1521"/>
                    <TextEquiv>
                        <Unicode>Musée.</Unicode>
                    </TextEquiv>
                    <TextStyle fontFamily="Times New Roman" fontSize="9.5" italic="true"/>
                </Word>
                <Word id="w_w2aab1b3b2c43b3b1c37" language="English" custom="readingOrder {index:4;}">
                    <Coords points="600,1509 631,1509 631,1513 600,1513"/>
                    <TextEquiv>
                        <Unicode>—</Unicode>
                    </TextEquiv>
                    <TextStyle fontFamily="Times New Roman" fontSize="9.5" italic="true"/>
                </Word>
                <Word id="w_w2aab1b3b2c43b3b2b3" language="English" custom="readingOrder {index:5;}">
                    <Coords points="641,1493 675,1493 675,1521 641,1521"/>
                    <TextEquiv>
                        <Unicode>L.</Unicode>
                    </TextEquiv>
                    <TextStyle fontFamily="Times New Roman" fontSize="10.0"/>
                </Word>
                <Word id="w_w2aab1b3b2c43b3b2b9" language="English" custom="readingOrder {index:6;}">
                    <Coords points="688,1502 715,1502 715,1521 688,1521"/>
                    <TextEquiv>
                        <Unicode>a.</Unicode>
                    </TextEquiv>
                    <TextStyle fontFamily="Times New Roman" fontSize="10.0"/>
                </Word>
                <Word id="w_w2aab1b3b2c43b3b2c15" language="English" custom="readingOrder {index:7;}">
                    <Coords points="727,1501 751,1501 751,1521 727,1521"/>
                    <TextEquiv>
                        <Unicode>s.</Unicode>
                    </TextEquiv>
                    <TextStyle fontFamily="Times New Roman" fontSize="10.0"/>
                </Word>
                <Word id="w_w2aab1b3b2c43b3b2c21" language="English" custom="readingOrder {index:8;}">
                    <Coords points="765,1493 782,1493 782,1520 765,1520"/>
                    <TextEquiv>
                        <Unicode>à</Unicode>
                    </TextEquiv>
                    <TextStyle fontFamily="Times New Roman" fontSize="10.0"/>
                </Word>
                <Word id="w_w2aab1b3b2c43b3b2c25" language="English" custom="readingOrder {index:9;}">
                    <Coords points="793,1493 833,1493 833,1521 793,1521"/>
                    <TextEquiv>
                        <Unicode>M.</Unicode>
                    </TextEquiv>
                    <TextStyle fontFamily="Times New Roman" fontSize="10.0"/>
                </Word>
                <Word id="w_w2aab1b3b2c43b3b2c31" language="English" custom="readingOrder {index:10;}">
                    <Coords points="847,1492 986,1492 986,1526 847,1526"/>
                    <TextEquiv>
                        <Unicode>Arnaud,</Unicode>
                    </TextEquiv>
                    <TextStyle fontFamily="Times New Roman" fontSize="10.0"/>
                </Word>
                <Word id="w_w2aab1b3b2c43b3b2c47" language="English" custom="readingOrder {index:11;}">
                    <Coords points="1001,1493 1103,1493 1103,1527 1001,1527"/>
                    <TextEquiv>
                        <Unicode>1810,1</Unicode>
                    </TextEquiv>
                    <TextStyle fontFamily="Times New Roman" fontSize="10.0"/>
                </Word>
                <Word id="w_w2aab1b3b2c43b3b2c61" language="English" custom="readingOrder {index:12;}">
                    <Coords points="1119,1501 1145,1501 1145,1529 1119,1529"/>
                    <TextEquiv>
                        <Unicode>p.</Unicode>
                    </TextEquiv>
                    <TextStyle fontFamily="Times New Roman" fontSize="10.0"/>
                </Word>
                <Word id="w_w2aab1b3b2c43b3b2c67" language="English" custom="readingOrder {index:13;}">
                    <Coords points="1160,1493 1232,1493 1232,1521 1160,1521"/>
                    <TextEquiv>
                        <Unicode>in-4.</Unicode>
                    </TextEquiv>
                    <TextStyle fontFamily="Times New Roman" fontSize="10.0"/>
                </Word>
                <Word id="w_w2aab1b3b2c43b3b2c79" language="English" custom="readingOrder {index:14;}">
                    <Coords points="1272,1492 1287,1492 1287,1520 1272,1520"/>
                    <TextEquiv>
                        <Unicode>5</Unicode>
                    </TextEquiv>
                    <TextStyle fontFamily="Times New Roman" fontSize="10.0"/>
                </Word>
                <Word id="w_w2aab1b3b2c43b3b2c83" language="English" custom="readingOrder {index:15;}">
                    <Coords points="1325,1503 1339,1503 1339,1517 1325,1517"/>
                    <TextEquiv>
                        <Unicode>»</Unicode>
                    </TextEquiv>
                    <TextStyle fontFamily="Times New Roman" fontSize="10.0"/>
                </Word>
                <TextEquiv>
                    <Unicode>des Annales du Musée. — L. a. s. à M. Arnaud, 1810,1 p. in-4. 5 »</Unicode>
                </TextEquiv>
            </TextLine>
            <TextEquiv>
                <Unicode>99 Landon (C.-P.), peintre et écrivain sur la peinture, auteur
des Annales du Musée. — L. a. s. à M. Arnaud, 1810,1 p. in-4. 5 »</Unicode>
            </TextEquiv>
        </TextRegion>
        <TextRegion type="paragraph" id="r_2_23" custom="readingOrder {index:23;}">
            <Coords points="170,1531 1341,1531 1341,1570 170,1570"/>
            <TextLine id="tl_42" primaryLanguage="English" custom="readingOrder {index:0;}">
                <Coords points="171,1532 1340,1532 1340,1569 171,1569"/>
                <Baseline points="171,1561 180,1561 290,1562 342,1562 535,1561 624,1561 708,1567 902,1560 958,1560 1176,1567 1340,1560"/>
                <Word id="w_w2aab1b3b2c45b1ab1" language="English" custom="readingOrder {index:0;}">
                    <Coords points="171,1534 221,1534 221,1562 171,1562"/>
                    <TextEquiv>
                        <Unicode>100</Unicode>
                    </TextEquiv>
                    <TextStyle fontFamily="Times New Roman" fontSize="10.0"/>
                </Word>
                <Word id="w_w2aab1b3b2c45b1b1b1" language="English" custom="readingOrder {index:1;}">
                    <Coords points="240,1534 290,1534 290,1562 240,1562"/>
                    <TextEquiv>
                        <Unicode>La</Unicode>
                    </TextEquiv>
                    <TextStyle fontFamily="Times New Roman" fontSize="9.5" bold="true"/>
                </Word>
                <Word id="w_w2aab1b3b2c45b1b1b7" language="English" custom="readingOrder {index:2;}">
                    <Coords points="311,1534 405,1534 405,1569 311,1569"/>
                    <TextEquiv>
                        <Unicode>Ville</Unicode>
                    </TextEquiv>
                    <TextStyle fontFamily="Times New Roman" fontSize="9.5" bold="true"/>
                </Word>
                <Word id="w_w2aab1b3b2c45b1b2b1" language="English" custom="readingOrder {index:3;}">
                    <Coords points="426,1533 535,1533 535,1569 426,1569"/>
                    <TextEquiv>
                        <Unicode>(l’abbé</Unicode>
                    </TextEquiv>
                    <TextStyle fontFamily="Times New Roman" fontSize="10.0"/>
                </Word>
                <Word id="w_w2aab1b3b2c45b1b2c17" language="English" custom="readingOrder {index:4;}">
                    <Coords points="557,1533 624,1533 624,1562 557,1562"/>
                    <TextEquiv>
                        <Unicode>J.-I.</Unicode>
                    </TextEquiv>
                    <TextStyle fontFamily="Times New Roman" fontSize="10.0"/>
                </Word>
                <Word id="w_w2aab1b3b2c45b1b2c29" language="English" custom="readingOrder {index:5;}">
                    <Coords points="649,1533 708,1533 708,1569 649,1569"/>
                    <TextEquiv>
                        <Unicode>de),</Unicode>
                    </TextEquiv>
                    <TextStyle fontFamily="Times New Roman" fontSize="10.0"/>
                </Word>
                <Word id="w_w2aab1b3b2c45b1b2c39" language="English" custom="readingOrder {index:6;}">
                    <Coords points="730,1533 902,1533 902,1568 730,1568"/>
                    <TextEquiv>
                        <Unicode>diplomate</Unicode>
                    </TextEquiv>
                    <TextStyle fontFamily="Times New Roman" fontSize="10.0"/>
                </Word>
                <Word id="w_w2aab1b3b2c45b1b2c59" language="English" custom="readingOrder {index:7;}">
                    <Coords points="926,1535 958,1535 958,1560 926,1560"/>
                    <TextEquiv>
                        <Unicode>et</Unicode>
                    </TextEquiv>
                    <TextStyle fontFamily="Times New Roman" fontSize="10.0"/>
                </Word>
                <Word id="w_w2aab1b3b2c45b1b2c65" language="English" custom="readingOrder {index:8;}">
                    <Coords points="980,1533 1176,1533 1176,1567 980,1567"/>
                    <TextEquiv>
                        <Unicode>littérateur,</Unicode>
                    </TextEquiv>
                    <TextStyle fontFamily="Times New Roman" fontSize="10.0"/>
                </Word>
                <Word id="w_w2aab1b3b2c45b1b2c91" language="English" custom="readingOrder {index:9;}">
                    <Coords points="1202,1532 1340,1532 1340,1560 1202,1560"/>
                    <TextEquiv>
                        <Unicode>membre</Unicode>
                    </TextEquiv>
                    <TextStyle fontFamily="Times New Roman" fontSize="10.0"/>
                </Word>
                <TextEquiv>
                    <Unicode>100 La Ville (l’abbé J.-I. de), diplomate et littérateur, membre</Unicode>
                </TextEquiv>
            </TextLine>
            <TextEquiv>
                <Unicode>100 La Ville (l’abbé J.-I. de), diplomate et littérateur, membre</Unicode>
            </TextEquiv>
        </TextRegion>
        <TextRegion type="paragraph" id="r_2_24" custom="readingOrder {index:24;}">
            <Coords points="240,1567 1341,1567 1341,1678 240,1678"/>
            <TextLine id="tl_43" primaryLanguage="English" custom="readingOrder {index:0;}">
                <Coords points="241,1568 1340,1568 1340,1608 241,1608"/>
                <Baseline points="241,1597 279,1597 491,1596 682,1602 825,1596 885,1596 1083,1602 1144,1595 1238,1596 1340,1602"/>
                <Word id="w_w2aab1b3b2c47b1ab1" language="English" custom="readingOrder {index:0;}">
                    <Coords points="241,1570 279,1570 279,1597 241,1597"/>
                    <TextEquiv>
                        <Unicode>de</Unicode>
                    </TextEquiv>
                    <TextStyle fontFamily="Times New Roman" fontSize="10.0"/>
                </Word>
                <Word id="w_w2aab1b3b2c47b1ab7" language="English" custom="readingOrder {index:1;}">
                    <Coords points="302,1569 491,1569 491,1598 302,1598"/>
                    <TextEquiv>
                        <Unicode>l’Académie</Unicode>
                    </TextEquiv>
                    <TextStyle fontFamily="Times New Roman" fontSize="10.0"/>
                </Word>
                <Word id="w_w2aab1b3b2c47b1ac29" language="English" custom="readingOrder {index:2;}">
                    <Coords points="514,1569 682,1569 682,1608 514,1608"/>
                    <TextEquiv>
                        <Unicode>française,</Unicode>
                    </TextEquiv>
                    <TextStyle fontFamily="Times New Roman" fontSize="10.0"/>
                </Word>
                <Word id="w_w2aab1b3b2c47b1ac51" language="English" custom="readingOrder {index:3;}">
                    <Coords points="707,1569 825,1569 825,1602 707,1602"/>
                    <TextEquiv>
                        <Unicode>évêque</Unicode>
                    </TextEquiv>
                    <TextStyle fontFamily="Times New Roman" fontSize="10.0"/>
                </Word>
                <Word id="w_w2aab1b3b2c47b1ac65" language="English" custom="readingOrder {index:4;}">
                    <Coords points="848,1568 885,1568 885,1596 848,1596"/>
                    <TextEquiv>
                        <Unicode>de</Unicode>
                    </TextEquiv>
                    <TextStyle fontFamily="Times New Roman" fontSize="10.0"/>
                </Word>
                <Word id="w_w2aab1b3b2c47b1ac71" language="English" custom="readingOrder {index:5;}">
                    <Coords points="908,1568 1083,1568 1083,1602 908,1602"/>
                    <TextEquiv>
                        <Unicode>Tricomie,</Unicode>
                    </TextEquiv>
                    <TextStyle fontFamily="Times New Roman" fontSize="10.0"/>
                </Word>
                <Word id="w_w2aab1b3b2c47b1ac91" language="English" custom="readingOrder {index:6;}">
                    <Coords points="1106,1569 1144,1569 1144,1596 1106,1596"/>
                    <TextEquiv>
                        <Unicode>né</Unicode>
                    </TextEquiv>
                    <TextStyle fontFamily="Times New Roman" fontSize="10.0"/>
                </Word>
                <Word id="w_w2aab1b3b2c47b1ac97" language="English" custom="readingOrder {index:7;}">
                    <Coords points="1168,1577 1238,1577 1238,1596 1168,1596"/>
                    <TextEquiv>
                        <Unicode>vers</Unicode>
                    </TextEquiv>
                    <TextStyle fontFamily="Times New Roman" fontSize="10.0"/>
                </Word>
                <Word id="w_w2aab1b3b2c47b1ad107" language="English" custom="readingOrder {index:8;}">
                    <Coords points="1262,1568 1340,1568 1340,1602 1262,1602"/>
                    <TextEquiv>
                        <Unicode>1690,</Unicode>
                    </TextEquiv>
                    <TextStyle fontFamily="Times New Roman" fontSize="10.0"/>
                </Word>
                <TextEquiv>
                    <Unicode>de l’Académie française, évêque de Tricomie, né vers 1690,</Unicode>
                </TextEquiv>
                <TextStyle fontFamily="Times New Roman" fontSize="10.0"/>
            </TextLine>
            <TextLine id="tl_44" primaryLanguage="English" custom="readingOrder {index:1;}">
                <Coords points="242,1604 1340,1604 1340,1639 242,1639"/>
                <Baseline points="242,1633 325,1633 383,1633 483,1633 528,1625 572,1633 617,1633 659,1633 693,1632 750,1632 901,1639 1108,1638 1157,1632 1240,1632 1340,1639"/>
                <Word id="w_w2aab1b3b2c47b3ab1" language="English" custom="readingOrder {index:0;}">
                    <Coords points="242,1607 325,1607 325,1633 242,1633"/>
                    <TextEquiv>
                        <Unicode>mort</Unicode>
                    </TextEquiv>
                    <TextStyle fontFamily="Times New Roman" fontSize="10.0"/>
                </Word>
                <Word id="w_w2aab1b3b2c47b3ac11" language="English" custom="readingOrder {index:1;}">
                    <Coords points="345,1614 383,1614 383,1633 345,1633"/>
                    <TextEquiv>
                        <Unicode>en</Unicode>
                    </TextEquiv>
                    <TextStyle fontFamily="Times New Roman" fontSize="10.0"/>
                </Word>
                <Word id="w_w2aab1b3b2c47b3ac17" language="English" custom="readingOrder {index:2;}">
                    <Coords points="405,1605 483,1605 483,1633 405,1633"/>
                    <TextEquiv>
                        <Unicode>1774.</Unicode>
                    </TextEquiv>
                    <TextStyle fontFamily="Times New Roman" fontSize="10.0"/>
                </Word>
                <Word id="w_w2aab1b3b2c47b3ac29" language="English" custom="readingOrder {index:3;}">
                    <Coords points="493,1621 528,1621 528,1625 493,1625"/>
                    <TextEquiv>
                        <Unicode>—</Unicode>
                    </TextEquiv>
                    <TextStyle fontFamily="Times New Roman" fontSize="10.0"/>
                </Word>
                <Word id="w_w2aab1b3b2c47b3ac33" language="English" custom="readingOrder {index:4;}">
                    <Coords points="537,1605 572,1605 572,1633 537,1633"/>
                    <TextEquiv>
                        <Unicode>L.</Unicode>
                    </TextEquiv>
                    <TextStyle fontFamily="Times New Roman" fontSize="10.0"/>
                </Word>
                <Word id="w_w2aab1b3b2c47b3ac39" language="English" custom="readingOrder {index:5;}">
                    <Coords points="590,1614 617,1614 617,1633 590,1633"/>
                    <TextEquiv>
                        <Unicode>a.</Unicode>
                    </TextEquiv>
                    <TextStyle fontFamily="Times New Roman" fontSize="10.0"/>
                </Word>
                <Word id="w_w2aab1b3b2c47b3ac45" language="English" custom="readingOrder {index:6;}">
                    <Coords points="634,1613 659,1613 659,1633 634,1633"/>
                    <TextEquiv>
                        <Unicode>s.</Unicode>
                    </TextEquiv>
                    <TextStyle fontFamily="Times New Roman" fontSize="10.0"/>
                </Word>
                <Word id="w_w2aab1b3b2c47b3ac51" language="English" custom="readingOrder {index:7;}">
                    <Coords points="676,1605 693,1605 693,1632 676,1632"/>
                    <TextEquiv>
                        <Unicode>à</Unicode>
                    </TextEquiv>
                    <TextStyle fontFamily="Times New Roman" fontSize="10.0"/>
                </Word>
                <Word id="w_w2aab1b3b2c47b3ac55" language="English" custom="readingOrder {index:8;}">
                    <Coords points="708,1605 750,1605 750,1633 708,1633"/>
                    <TextEquiv>
                        <Unicode>M.</Unicode>
                    </TextEquiv>
                    <TextStyle fontFamily="Times New Roman" fontSize="10.0"/>
                </Word>
                <Word id="w_w2aab1b3b2c47b3ac61" language="English" custom="readingOrder {index:9;}">
                    <Coords points="769,1604 901,1604 901,1639 769,1639"/>
                    <TextEquiv>
                        <Unicode>Rodier;</Unicode>
                    </TextEquiv>
                    <TextStyle fontFamily="Times New Roman" fontSize="10.0"/>
                </Word>
                <Word id="w_w2aab1b3b2c47b3ac77" language="English" custom="readingOrder {index:10;}">
                    <Coords points="921,1604 1108,1604 1108,1638 921,1638"/>
                    <TextEquiv>
                        <Unicode>Versailles,</Unicode>
                    </TextEquiv>
                    <TextStyle fontFamily="Times New Roman" fontSize="10.0"/>
                </Word>
                <Word id="w_w2aab1b3b2c47b3ad101" language="English" custom="readingOrder {index:11;}">
                    <Coords points="1124,1604 1157,1604 1157,1632 1124,1632"/>
                    <TextEquiv>
                        <Unicode>23</Unicode>
                    </TextEquiv>
                    <TextStyle fontFamily="Times New Roman" fontSize="10.0"/>
                </Word>
                <Word id="w_w2aab1b3b2c47b3ad107" language="English" custom="readingOrder {index:12;}">
                    <Coords points="1178,1604 1240,1604 1240,1632 1178,1632"/>
                    <TextEquiv>
                        <Unicode>mai</Unicode>
                    </TextEquiv>
                    <TextStyle fontFamily="Times New Roman" fontSize="10.0"/>
                </Word>
                <Word id="w_w2aab1b3b2c47b3ad115" language="English" custom="readingOrder {index:13;}">
                    <Coords points="1258,1604 1340,1604 1340,1639 1258,1639"/>
                    <TextEquiv>
                        <Unicode>1765,</Unicode>
                    </TextEquiv>
                    <TextStyle fontFamily="Times New Roman" fontSize="10.0"/>
                </Word>
                <TextEquiv>
                    <Unicode>mort en 1774. — L. a. s. à M. Rodier; Versailles, 23 mai 1765,</Unicode>
                </TextEquiv>
                <TextStyle fontFamily="Times New Roman" fontSize="10.0"/>
            </TextLine>
            <TextLine id="tl_45" primaryLanguage="English" custom="readingOrder {index:2;}">
                <Coords points="242,1641 1339,1641 1339,1677 242,1677"/>
                <Baseline points="242,1668 251,1668 300,1669 327,1669 432,1669 1288,1667 1339,1665"/>
                <Word id="w_w2aab1b3b2c47b5ab1" language="English" custom="readingOrder {index:0;}">
                    <Coords points="242,1643 251,1643 251,1668 242,1668"/>
                    <TextEquiv>
                        <Unicode>1</Unicode>
                    </TextEquiv>
                    <TextStyle fontFamily="Times New Roman" fontSize="10.0"/>
                </Word>
                <Word id="w_w2aab1b3b2c47b5ab5" language="English" custom="readingOrder {index:1;}">
                    <Coords points="272,1650 300,1650 300,1677 272,1677"/>
                    <TextEquiv>
                        <Unicode>p.</Unicode>
                    </TextEquiv>
                    <TextStyle fontFamily="Times New Roman" fontSize="10.0"/>
                </Word>
                <Word id="w_w2aab1b3b2c47b5ac11" language="English" custom="readingOrder {index:2;}">
                    <Coords points="318,1641 396,1641 396,1669 318,1669"/>
                    <TextEquiv>
                        <Unicode>in-4.</Unicode>
                    </TextEquiv>
                    <TextStyle fontFamily="Times New Roman" fontSize="10.0"/>
                </Word>
                <Word id="w_w2aab1b3b2c47b5b1b1" language="English" custom="readingOrder {index:3;}">
                    <Coords points="413,1643 494,1643 494,1669 413,1669"/>
                    <TextEquiv>
                        <Unicode>Lare.</Unicode>
                    </TextEquiv>
                    <TextStyle fontFamily="Times New Roman" fontSize="9.5" italic="true"/>
                </Word>
                <Word id="w_w2aab1b3b2c47b5b2b3" language="English" custom="readingOrder {index:4;}">
                    <Coords points="1256,1641 1288,1641 1288,1667 1256,1667"/>
                    <TextEquiv>
                        <Unicode>14</Unicode>
                    </TextEquiv>
                    <TextStyle fontFamily="Times New Roman" fontSize="10.0"/>
                </Word>
                <Word id="w_w2aab1b3b2c47b5b2b9" language="English" custom="readingOrder {index:5;}">
                    <Coords points="1326,1651 1339,1651 1339,1665 1326,1665"/>
                    <TextEquiv>
                        <Unicode>»</Unicode>
                    </TextEquiv>
                    <TextStyle fontFamily="Times New Roman" fontSize="10.0"/>
                </Word>
                <TextEquiv>
                    <Unicode>1 p. in-4. Lare. 14 »</Unicode>
                </TextEquiv>
            </TextLine>
            <TextEquiv>
                <Unicode>de l’Académie française, évêque de Tricomie, né vers 1690,
mort en 1774. — L. a. s. à M. Rodier; Versailles, 23 mai 1765,
1 p. in-4. Lare. 14 »</Unicode>
            </TextEquiv>
        </TextRegion>
        <TextRegion type="paragraph" id="r_2_25" custom="readingOrder {index:25;}">
            <Coords points="170,1678 1337,1678 1337,1718 170,1718"/>
            <TextLine id="tl_46" primaryLanguage="English" custom="readingOrder {index:0;}">
                <Coords points="171,1679 1336,1679 1336,1717 171,1717"/>
                <Baseline points="171,1709 182,1709 266,1709 509,1709 684,1716 730,1708 870,1707 1012,1707 1066,1708 1245,1708 1290,1700 1336,1707"/>
                <Word id="w_w2aab1b3b2c49b1ab1" language="English" custom="readingOrder {index:0;}">
                    <Coords points="171,1682 218,1682 218,1709 171,1709"/>
                    <TextEquiv>
                        <Unicode>101</Unicode>
                    </TextEquiv>
                    <TextStyle fontFamily="Times New Roman" fontSize="10.0"/>
                </Word>
                <Word id="w_w2aab1b3b2c49b1b1b1" language="English" custom="readingOrder {index:1;}">
                    <Coords points="240,1682 438,1682 438,1716 240,1716"/>
                    <TextEquiv>
                        <Unicode>Lawrence</Unicode>
                    </TextEquiv>
                    <TextStyle fontFamily="Times New Roman" fontSize="9.5" bold="true"/>
                </Word>
                <Word id="w_w2aab1b3b2c49b1b2b1" language="English" custom="readingOrder {index:2;}">
                    <Coords points="454,1682 509,1682 509,1716 454,1716"/>
                    <TextEquiv>
                        <Unicode>(sir</Unicode>
                    </TextEquiv>
                    <TextStyle fontFamily="Times New Roman" fontSize="10.0"/>
                </Word>
                <Word id="w_w2aab1b3b2c49b1b2c11" language="English" custom="readingOrder {index:3;}">
                    <Coords points="523,1681 684,1681 684,1717 523,1717"/>
                    <TextEquiv>
                        <Unicode>Thomas),</Unicode>
                    </TextEquiv>
                    <TextStyle fontFamily="Times New Roman" fontSize="10.0"/>
                </Word>
                <Word id="w_w2aab1b3b2c49b1b2c29" language="English" custom="readingOrder {index:4;}">
                    <Coords points="702,1681 730,1681 730,1709 702,1709"/>
                    <TextEquiv>
                        <Unicode>le</Unicode>
                    </TextEquiv>
                    <TextStyle fontFamily="Times New Roman" fontSize="10.0"/>
                </Word>
                <Word id="w_w2aab1b3b2c49b1b2c35" language="English" custom="readingOrder {index:5;}">
                    <Coords points="747,1679 870,1679 870,1708 747,1708"/>
                    <TextEquiv>
                        <Unicode>célèbre</Unicode>
                    </TextEquiv>
                    <TextStyle fontFamily="Times New Roman" fontSize="10.0"/>
                </Word>
                <Word id="w_w2aab1b3b2c49b1b2c51" language="English" custom="readingOrder {index:6;}">
                    <Coords points="887,1680 1012,1680 1012,1716 887,1716"/>
                    <TextEquiv>
                        <Unicode>peintre</Unicode>
                    </TextEquiv>
                    <TextStyle fontFamily="Times New Roman" fontSize="10.0"/>
                </Word>
                <Word id="w_w2aab1b3b2c49b1b2c67" language="English" custom="readingOrder {index:7;}">
                    <Coords points="1028,1680 1066,1680 1066,1708 1028,1708"/>
                    <TextEquiv>
                        <Unicode>de</Unicode>
                    </TextEquiv>
                    <TextStyle fontFamily="Times New Roman" fontSize="10.0"/>
                </Word>
                <Word id="w_w2aab1b3b2c49b1b2c73" language="English" custom="readingOrder {index:8;}">
                    <Coords points="1083,1680 1245,1680 1245,1717 1083,1717"/>
                    <TextEquiv>
                        <Unicode>portraits.</Unicode>
                    </TextEquiv>
                    <TextStyle fontFamily="Times New Roman" fontSize="10.0"/>
                </Word>
                <Word id="w_w2aab1b3b2c49b1b2c95" language="English" custom="readingOrder {index:9;}">
                    <Coords points="1254,1697 1290,1697 1290,1700 1254,1700"/>
                    <TextEquiv>
                        <Unicode>—</Unicode>
                    </TextEquiv>
                    <TextStyle fontFamily="Times New Roman" fontSize="10.0"/>
                </Word>
                <Word id="w_w2aab1b3b2c49b1b2c99" language="English" custom="readingOrder {index:10;}">
                    <Coords points="1300,1681 1336,1681 1336,1708 1300,1708"/>
                    <TextEquiv>
                        <Unicode>L.</Unicode>
                    </TextEquiv>
                    <TextStyle fontFamily="Times New Roman" fontSize="10.0"/>
                </Word>
                <TextEquiv>
                    <Unicode>101 Lawrence (sir Thomas), le célèbre peintre de portraits. — L.</Unicode>
                </TextEquiv>
            </TextLine>
            <TextEquiv>
                <Unicode>101 Lawrence (sir Thomas), le célèbre peintre de portraits. — L.</Unicode>
            </TextEquiv>
        </TextRegion>
        <TextRegion type="paragraph" id="r_2_26" custom="readingOrder {index:26;}">
            <Coords points="241,1716 1341,1716 1341,1755 241,1755"/>
            <TextLine id="tl_47" primaryLanguage="English" custom="readingOrder {index:0;}">
                <Coords points="242,1717 1340,1717 1340,1754 242,1754"/>
                <Baseline points="242,1746 269,1746 328,1752 446,1752 474,1744 523,1745 621,1744 1289,1744 1340,1742"/>
                <Word id="w_w2aab1b3b2c51b1ab1" language="English" custom="readingOrder {index:0;}">
                    <Coords points="242,1726 269,1726 269,1746 242,1746"/>
                    <TextEquiv>
                        <Unicode>a.</Unicode>
                    </TextEquiv>
                    <TextStyle fontFamily="Times New Roman" fontSize="10.0"/>
                </Word>
                <Word id="w_w2aab1b3b2c51b1ab7" language="English" custom="readingOrder {index:1;}">
                    <Coords points="286,1726 328,1726 328,1752 286,1752"/>
                    <TextEquiv>
                        <Unicode>s.;</Unicode>
                    </TextEquiv>
                    <TextStyle fontFamily="Times New Roman" fontSize="10.0"/>
                </Word>
                <Word id="w_w2aab1b3b2c51b1ac15" language="English" custom="readingOrder {index:2;}">
                    <Coords points="346,1717 446,1717 446,1754 346,1754"/>
                    <TextEquiv>
                        <Unicode>(1815),</Unicode>
                    </TextEquiv>
                    <TextStyle fontFamily="Times New Roman" fontSize="10.0"/>
                </Word>
                <Word id="w_w2aab1b3b2c51b1ac31" language="English" custom="readingOrder {index:3;}">
                    <Coords points="467,1719 474,1719 474,1744 467,1744"/>
                    <TextEquiv>
                        <Unicode>1</Unicode>
                    </TextEquiv>
                    <TextStyle fontFamily="Times New Roman" fontSize="10.0"/>
                </Word>
                <Word id="w_w2aab1b3b2c51b1ac35" language="English" custom="readingOrder {index:4;}">
                    <Coords points="495,1725 523,1725 523,1753 495,1753"/>
                    <TextEquiv>
                        <Unicode>p.</Unicode>
                    </TextEquiv>
                    <TextStyle fontFamily="Times New Roman" fontSize="10.0"/>
                </Word>
                <Word id="w_w2aab1b3b2c51b1ac41" language="English" custom="readingOrder {index:5;}">
                    <Coords points="540,1717 621,1717 621,1745 540,1745"/>
                    <TextEquiv>
                        <Unicode>in-8.</Unicode>
                    </TextEquiv>
                    <TextStyle fontFamily="Times New Roman" fontSize="10.0"/>
                </Word>
                <Word id="w_w2aab1b3b2c51b1ac53" language="English" custom="readingOrder {index:6;}">
                    <Coords points="1256,1717 1289,1717 1289,1744 1256,1744"/>
                    <TextEquiv>
                        <Unicode>15</Unicode>
                    </TextEquiv>
                    <TextStyle fontFamily="Times New Roman" fontSize="10.0"/>
                </Word>
                <Word id="w_w2aab1b3b2c51b1ac59" language="English" custom="readingOrder {index:7;}">
                    <Coords points="1326,1727 1340,1727 1340,1742 1326,1742"/>
                    <TextEquiv>
                        <Unicode>»</Unicode>
                    </TextEquiv>
                    <TextStyle fontFamily="Times New Roman" fontSize="10.0"/>
                </Word>
                <TextEquiv>
                    <Unicode>a. s.; (1815), 1 p. in-8. 15 »</Unicode>
                </TextEquiv>
                <TextStyle fontFamily="Times New Roman" fontSize="10.0"/>
            </TextLine>
            <TextEquiv>
                <Unicode>a. s.; (1815), 1 p. in-8. 15 »</Unicode>
            </TextEquiv>
        </TextRegion>
        <TextRegion type="paragraph" id="r_2_27" custom="readingOrder {index:27;}">
            <Coords points="172,1755 1341,1755 1341,1795 172,1795"/>
            <TextLine id="tl_48" primaryLanguage="English" custom="readingOrder {index:0;}">
                <Coords points="173,1756 1340,1756 1340,1794 173,1794"/>
                <Baseline points="173,1786 182,1786 289,1786 331,1785 600,1791 659,1785 713,1785 787,1785 971,1784 1154,1785 1224,1784 1296,1785 1340,1784"/>
                <Word id="w_w2aab1b3b2c53b1ab1" language="English" custom="readingOrder {index:0;}">
                    <Coords points="173,1758 221,1758 221,1786 173,1786"/>
                    <TextEquiv>
                        <Unicode>102</Unicode>
                    </TextEquiv>
                    <TextStyle fontFamily="Times New Roman" fontSize="9.5" bold="true"/>
                </Word>
                <Word id="w_w2aab1b3b2c53b1b2b1" language="English" custom="readingOrder {index:1;}">
                    <Coords points="241,1758 289,1758 289,1786 241,1786"/>
                    <TextEquiv>
                        <Unicode>Le</Unicode>
                    </TextEquiv>
                    <TextStyle fontFamily="Times New Roman" fontSize="9.5" bold="true"/>
                </Word>
                <Word id="w_w2aab1b3b2c53b1b2b7" language="English" custom="readingOrder {index:2;}">
                    <Coords points="305,1759 423,1759 423,1793 305,1793"/>
                    <TextEquiv>
                        <Unicode>Bailly</Unicode>
                    </TextEquiv>
                    <TextStyle fontFamily="Times New Roman" fontSize="9.5" bold="true"/>
                </Word>
                <Word id="w_w2aab1b3b2c53b1b3b1" language="English" custom="readingOrder {index:3;}">
                    <Coords points="440,1757 600,1757 600,1794 440,1794"/>
                    <TextEquiv>
                        <Unicode>(Ant.-F.),</Unicode>
                    </TextEquiv>
                    <TextStyle fontFamily="Times New Roman" fontSize="10.0"/>
                </Word>
                <Word id="w_w2aab1b3b2c53b1b3c23" language="English" custom="readingOrder {index:4;}">
                    <Coords points="617,1766 659,1766 659,1785 617,1785"/>
                    <TextEquiv>
                        <Unicode>un</Unicode>
                    </TextEquiv>
                    <TextStyle fontFamily="Times New Roman" fontSize="10.0"/>
                </Word>
                <Word id="w_w2aab1b3b2c53b1b3c29" language="English" custom="readingOrder {index:5;}">
                    <Coords points="676,1756 713,1756 713,1785 676,1785"/>
                    <TextEquiv>
                        <Unicode>de</Unicode>
                    </TextEquiv>
                    <TextStyle fontFamily="Times New Roman" fontSize="10.0"/>
                </Word>
                <Word id="w_w2aab1b3b2c53b1b3c35" language="English" custom="readingOrder {index:6;}">
                    <Coords points="730,1765 787,1765 787,1785 730,1785"/>
                    <TextEquiv>
                        <Unicode>nos</Unicode>
                    </TextEquiv>
                    <TextStyle fontFamily="Times New Roman" fontSize="10.0"/>
                </Word>
                <Word id="w_w2aab1b3b2c53b1b3c43" language="English" custom="readingOrder {index:7;}">
                    <Coords points="802,1756 971,1756 971,1784 802,1784"/>
                    <TextEquiv>
                        <Unicode>fabulistes</Unicode>
                    </TextEquiv>
                    <TextStyle fontFamily="Times New Roman" fontSize="10.0"/>
                </Word>
                <Word id="w_w2aab1b3b2c53b1b3c65" language="English" custom="readingOrder {index:8;}">
                    <Coords points="989,1756 1154,1756 1154,1785 989,1785"/>
                    <TextEquiv>
                        <Unicode>modernes</Unicode>
                    </TextEquiv>
                    <TextStyle fontFamily="Times New Roman" fontSize="10.0"/>
                </Word>
                <Word id="w_w2aab1b3b2c53b1b3c83" language="English" custom="readingOrder {index:9;}">
                    <Coords points="1171,1757 1224,1757 1224,1793 1171,1793"/>
                    <TextEquiv>
                        <Unicode>qui</Unicode>
                    </TextEquiv>
                    <TextStyle fontFamily="Times New Roman" fontSize="10.0"/>
                </Word>
                <Word id="w_w2aab1b3b2c53b1b3c91" language="English" custom="readingOrder {index:10;}">
                    <Coords points="1242,1762 1296,1762 1296,1785 1242,1785"/>
                    <TextEquiv>
                        <Unicode>ont</Unicode>
                    </TextEquiv>
                    <TextStyle fontFamily="Times New Roman" fontSize="10.0"/>
                </Word>
                <Word id="w_w2aab1b3b2c53b1b3c99" language="English" custom="readingOrder {index:11;}">
                    <Coords points="1313,1757 1340,1757 1340,1784 1313,1784"/>
                    <TextEquiv>
                        <Unicode>le</Unicode>
                    </TextEquiv>
                    <TextStyle fontFamily="Times New Roman" fontSize="10.0"/>
                </Word>
                <TextEquiv>
                    <Unicode>102 Le Bailly (Ant.-F.), un de nos fabulistes modernes qui ont le</Unicode>
                </TextEquiv>
            </TextLine>
            <TextEquiv>
                <Unicode>102 Le Bailly (Ant.-F.), un de nos fabulistes modernes qui ont le</Unicode>
            </TextEquiv>
        </TextRegion>
        <TextRegion type="paragraph" id="r_2_28" custom="readingOrder {index:28;}">
            <Coords points="239,1791 1343,1791 1343,1870 239,1870"/>
            <TextLine id="tl_49" primaryLanguage="English" custom="readingOrder {index:0;}">
                <Coords points="241,1792 1342,1792 1342,1830 241,1830"/>
                <Baseline points="241,1830 312,1822 488,1825 546,1820 611,1821 803,1826 858,1820 892,1820 1000,1820 1089,1820 1133,1820 1173,1821 1209,1820 1265,1820 1342,1813"/>
                <Word id="w_w2aab1b3b2c55b1ab1" language="English" custom="readingOrder {index:0;}">
                    <Coords points="241,1794 312,1794 312,1830 241,1830"/>
                    <TextEquiv>
                        <Unicode>plus</Unicode>
                    </TextEquiv>
                    <TextStyle fontFamily="Times New Roman" fontSize="10.0"/>
                </Word>
                <Word id="w_w2aab1b3b2c55b1ac11" language="English" custom="readingOrder {index:1;}">
                    <Coords points="333,1793 488,1793 488,1830 333,1830"/>
                    <TextEquiv>
                        <Unicode>approché</Unicode>
                    </TextEquiv>
                    <TextStyle fontFamily="Times New Roman" fontSize="10.0"/>
                </Word>
                <Word id="w_w2aab1b3b2c55b1ac29" language="English" custom="readingOrder {index:2;}">
                    <Coords points="509,1794 546,1794 546,1821 509,1821"/>
                    <TextEquiv>
                        <Unicode>de</Unicode>
                    </TextEquiv>
                    <TextStyle fontFamily="Times New Roman" fontSize="10.0"/>
                </Word>
                <Word id="w_w2aab1b3b2c55b1ac35" language="English" custom="readingOrder {index:3;}">
                    <Coords points="567,1792 611,1792 611,1821 567,1821"/>
                    <TextEquiv>
                        <Unicode>La</Unicode>
                    </TextEquiv>
                    <TextStyle fontFamily="Times New Roman" fontSize="10.0"/>
                </Word>
                <Word id="w_w2aab1b3b2c55b1ac41" language="English" custom="readingOrder {index:4;}">
                    <Coords points="631,1793 803,1793 803,1826 631,1826"/>
                    <TextEquiv>
                        <Unicode>Fontaine,</Unicode>
                    </TextEquiv>
                    <TextStyle fontFamily="Times New Roman" fontSize="10.0"/>
                </Word>
                <Word id="w_w2aab1b3b2c55b1ac61" language="English" custom="readingOrder {index:5;}">
                    <Coords points="820,1792 858,1792 858,1820 820,1820"/>
                    <TextEquiv>
                        <Unicode>né</Unicode>
                    </TextEquiv>
                    <TextStyle fontFamily="Times New Roman" fontSize="10.0"/>
                </Word>
                <Word id="w_w2aab1b3b2c55b1ac67" language="English" custom="readingOrder {index:6;}">
                    <Coords points="875,1792 892,1792 892,1820 875,1820"/>
                    <TextEquiv>
                        <Unicode>à</Unicode>
                    </TextEquiv>
                    <TextStyle fontFamily="Times New Roman" fontSize="10.0"/>
                </Word>
                <Word id="w_w2aab1b3b2c55b1ac71" language="English" custom="readingOrder {index:7;}">
                    <Coords points="907,1792 1000,1792 1000,1820 907,1820"/>
                    <TextEquiv>
                        <Unicode>Caen.</Unicode>
                    </TextEquiv>
                    <TextStyle fontFamily="Times New Roman" fontSize="10.0"/>
                </Word>
                <Word id="w_w2aab1b3b2c55b1ac83" language="English" custom="readingOrder {index:8;}">
                    <Coords points="1010,1793 1089,1793 1089,1820 1010,1820"/>
                    <TextEquiv>
                        <Unicode>—L.</Unicode>
                    </TextEquiv>
                    <TextStyle fontFamily="Times New Roman" fontSize="10.0"/>
                </Word>
                <Word id="w_w2aab1b3b2c55b1ac91" language="English" custom="readingOrder {index:9;}">
                    <Coords points="1107,1801 1133,1801 1133,1820 1107,1820"/>
                    <TextEquiv>
                        <Unicode>a.</Unicode>
                    </TextEquiv>
                    <TextStyle fontFamily="Times New Roman" fontSize="10.0"/>
                </Word>
                <Word id="w_w2aab1b3b2c55b1ac97" language="English" custom="readingOrder {index:10;}">
                    <Coords points="1150,1802 1173,1802 1173,1821 1150,1821"/>
                    <TextEquiv>
                        <Unicode>s.</Unicode>
                    </TextEquiv>
                    <TextStyle fontFamily="Times New Roman" fontSize="10.0"/>
                </Word>
                <Word id="w_w2aab1b3b2c55b1ad103" language="English" custom="readingOrder {index:11;}">
                    <Coords points="1192,1794 1209,1794 1209,1820 1192,1820"/>
                    <TextEquiv>
                        <Unicode>à</Unicode>
                    </TextEquiv>
                    <TextStyle fontFamily="Times New Roman" fontSize="10.0"/>
                </Word>
                <Word id="w_w2aab1b3b2c55b1ad107" language="English" custom="readingOrder {index:12;}">
                    <Coords points="1224,1793 1265,1793 1265,1821 1224,1821"/>
                    <TextEquiv>
                        <Unicode>M.</Unicode>
                    </TextEquiv>
                    <TextStyle fontFamily="Times New Roman" fontSize="10.0"/>
                </Word>
                <Word id="w_w2aab1b3b2c55b1ad113" language="English" custom="readingOrder {index:13;}">
                    <Coords points="1284,1793 1342,1793 1342,1820 1284,1820"/>
                    <TextEquiv>
                        <Unicode>De-</Unicode>
                    </TextEquiv>
                    <TextStyle fontFamily="Times New Roman" fontSize="10.0"/>
                </Word>
                <TextEquiv>
                    <Unicode>plus approché de La Fontaine, né à Caen. — L. a. s. à M. De¬</Unicode>
                </TextEquiv>
                <TextStyle fontFamily="Times New Roman" fontSize="10.0"/>
            </TextLine>
            <TextLine id="tl_50" primaryLanguage="English" custom="readingOrder {index:1;}">
                <Coords points="240,1827 1340,1827 1340,1869 240,1869"/>
                <Baseline points="240,1857 329,1863 504,1864 623,1863 674,1856 771,1856 866,1862 934,1854 978,1856 1059,1856 1158,1856 1287,1855 1340,1853"/>
                <Word id="w_w2aab1b3b2c55b3ab1" language="English" custom="readingOrder {index:0;}">
                    <Coords points="240,1830 329,1830 329,1863 240,1863"/>
                    <TextEquiv>
                        <Unicode>ville,</Unicode>
                    </TextEquiv>
                    <TextStyle fontFamily="Times New Roman" fontSize="10.0"/>
                </Word>
                <Word id="w_w2aab1b3b2c55b3ac15" language="English" custom="readingOrder {index:1;}">
                    <Coords points="347,1829 504,1829 504,1864 347,1864"/>
                    <TextEquiv>
                        <Unicode>médecin;</Unicode>
                    </TextEquiv>
                    <TextStyle fontFamily="Times New Roman" fontSize="10.0"/>
                </Word>
                <Word id="w_w2aab1b3b2c55b3ac33" language="English" custom="readingOrder {index:2;}">
                    <Coords points="522,1829 623,1829 623,1863 522,1863"/>
                    <TextEquiv>
                        <Unicode>Paris,</Unicode>
                    </TextEquiv>
                    <TextStyle fontFamily="Times New Roman" fontSize="10.0"/>
                </Word>
                <Word id="w_w2aab1b3b2c55b3ac47" language="English" custom="readingOrder {index:3;}">
                    <Coords points="641,1829 674,1829 674,1856 641,1856"/>
                    <TextEquiv>
                        <Unicode>14</Unicode>
                    </TextEquiv>
                    <TextStyle fontFamily="Times New Roman" fontSize="10.0"/>
                </Word>
                <Word id="w_w2aab1b3b2c55b3ac53" language="English" custom="readingOrder {index:4;}">
                    <Coords points="689,1828 771,1828 771,1856 689,1856"/>
                    <TextEquiv>
                        <Unicode>avril</Unicode>
                    </TextEquiv>
                    <TextStyle fontFamily="Times New Roman" fontSize="10.0"/>
                </Word>
                <Word id="w_w2aab1b3b2c55b3ac65" language="English" custom="readingOrder {index:5;}">
                    <Coords points="789,1828 866,1828 866,1862 789,1862"/>
                    <TextEquiv>
                        <Unicode>1820,</Unicode>
                    </TextEquiv>
                    <TextStyle fontFamily="Times New Roman" fontSize="10.0"/>
                </Word>
                <Word id="w_w2aab1b3b2c55b3ac77" language="English" custom="readingOrder {index:6;}">
                    <Coords points="884,1827 934,1827 934,1863 884,1863"/>
                    <TextEquiv>
                        <Unicode>1/2</Unicode>
                    </TextEquiv>
                    <TextStyle fontFamily="Times New Roman" fontSize="10.0"/>
                </Word>
                <Word id="w_w2aab1b3b2c55b3ac85" language="English" custom="readingOrder {index:7;}">
                    <Coords points="952,1836 978,1836 978,1869 952,1869"/>
                    <TextEquiv>
                        <Unicode>p.</Unicode>
                    </TextEquiv>
                    <TextStyle fontFamily="Times New Roman" fontSize="10.0"/>
                </Word>
                <Word id="w_w2aab1b3b2c55b3ac91" language="English" custom="readingOrder {index:8;}">
                    <Coords points="996,1830 1059,1830 1059,1864 996,1864"/>
                    <TextEquiv>
                        <Unicode>pet.</Unicode>
                    </TextEquiv>
                    <TextStyle fontFamily="Times New Roman" fontSize="10.0"/>
                </Word>
                <Word id="w_w2aab1b3b2c55b3ad101" language="English" custom="readingOrder {index:9;}">
                    <Coords points="1078,1828 1158,1828 1158,1856 1078,1856"/>
                    <TextEquiv>
                        <Unicode>in-4.</Unicode>
                    </TextEquiv>
                    <TextStyle fontFamily="Times New Roman" fontSize="10.0"/>
                </Word>
                <Word id="w_w2aab1b3b2c55b3ad113" language="English" custom="readingOrder {index:10;}">
                    <Coords points="1272,1828 1287,1828 1287,1855 1272,1855"/>
                    <TextEquiv>
                        <Unicode>8</Unicode>
                    </TextEquiv>
                    <TextStyle fontFamily="Times New Roman" fontSize="10.0"/>
                </Word>
                <Word id="w_w2aab1b3b2c55b3ad117" language="English" custom="readingOrder {index:11;}">
                    <Coords points="1326,1839 1340,1839 1340,1853 1326,1853"/>
                    <TextEquiv>
                        <Unicode>»</Unicode>
                    </TextEquiv>
                    <TextStyle fontFamily="Times New Roman" fontSize="10.0"/>
                </Word>
                <TextEquiv>
                    <Unicode>ville, médecin; Paris, 14 avril 1820, 1/2 p. pet. in-4. 8 »</Unicode>
                </TextEquiv>
                <TextStyle fontFamily="Times New Roman" fontSize="10.0"/>
            </TextLine>
            <TextEquiv>
                <Unicode>plus approché de La Fontaine, né à Caen. — L. a. s. à M. De¬
ville, médecin; Paris, 14 avril 1820, 1/2 p. pet. in-4. 8 »</Unicode>
            </TextEquiv>
        </TextRegion>
        <TextRegion type="paragraph" id="r_2_29" custom="readingOrder {index:29;}">
            <Coords points="242,1862 1343,1862 1343,1922 242,1922"/>
            <TextLine id="tl_51" primaryLanguage="English" custom="readingOrder {index:0;}">
                <Coords points="277,1863 1342,1863 1342,1897 277,1897"/>
                <Baseline points="277,1890 431,1890 537,1889 625,1889 761,1889 800,1888 861,1888 1007,1888 1040,1888 1184,1888 1234,1888 1342,1888"/>
                <Word id="w_w2aab1b3b2c57b1ab1" language="English" custom="readingOrder {index:0;}">
                    <Coords points="277,1865 431,1865 431,1896 277,1896"/>
                    <TextEquiv>
                        <Unicode>Spirituelle</Unicode>
                    </TextEquiv>
                    <TextStyle fontFamily="Times New Roman" fontSize="8.5"/>
                </Word>
                <Word id="w_w2aab1b3b2c57b1ac25" language="English" custom="readingOrder {index:1;}">
                    <Coords points="452,1866 537,1866 537,1896 452,1896"/>
                    <TextEquiv>
                        <Unicode>épitre</Unicode>
                    </TextEquiv>
                    <TextStyle fontFamily="Times New Roman" fontSize="8.5"/>
                </Word>
                <Word id="w_w2aab1b3b2c57b1ac39" language="English" custom="readingOrder {index:2;}">
                    <Coords points="556,1865 625,1865 625,1889 556,1889"/>
                    <TextEquiv>
                        <Unicode>dans</Unicode>
                    </TextEquiv>
                    <TextStyle fontFamily="Times New Roman" fontSize="8.5"/>
                </Word>
                <Word id="w_w2aab1b3b2c57b1ac49" language="English" custom="readingOrder {index:3;}">
                    <Coords points="646,1865 761,1865 761,1897 646,1897"/>
                    <TextEquiv>
                        <Unicode>laquelle</Unicode>
                    </TextEquiv>
                    <TextStyle fontFamily="Times New Roman" fontSize="8.5"/>
                </Word>
                <Word id="w_w2aab1b3b2c57b1ac67" language="English" custom="readingOrder {index:4;}">
                    <Coords points="780,1864 800,1864 800,1888 780,1888"/>
                    <TextEquiv>
                        <Unicode>il</Unicode>
                    </TextEquiv>
                    <TextStyle fontFamily="Times New Roman" fontSize="8.5"/>
                </Word>
                <Word id="w_w2aab1b3b2c57b1ac73" language="English" custom="readingOrder {index:5;}">
                    <Coords points="819,1866 861,1866 861,1888 819,1888"/>
                    <TextEquiv>
                        <Unicode>est</Unicode>
                    </TextEquiv>
                    <TextStyle fontFamily="Times New Roman" fontSize="8.5"/>
                </Word>
                <Word id="w_w2aab1b3b2c57b1ac81" language="English" custom="readingOrder {index:6;}">
                    <Coords points="880,1864 1007,1864 1007,1895 880,1895"/>
                    <TextEquiv>
                        <Unicode>question</Unicode>
                    </TextEquiv>
                    <TextStyle fontFamily="Times New Roman" fontSize="8.5"/>
                </Word>
                <Word id="w_w2aab1b3b2c57b1ac99" language="English" custom="readingOrder {index:7;}">
                    <Coords points="1023,1864 1071,1864 1071,1889 1023,1889"/>
                    <TextEquiv>
                        <Unicode>des</Unicode>
                    </TextEquiv>
                    <TextStyle fontFamily="Times New Roman" fontSize="8.5"/>
                </Word>
                <Word id="w_w2aab1b3b2c57b1b1b1" language="English" custom="readingOrder {index:8;}">
                    <Coords points="1088,1864 1184,1864 1184,1889 1088,1889"/>
                    <TextEquiv>
                        <Unicode>Fables</Unicode>
                    </TextEquiv>
                    <TextStyle fontFamily="Times New Roman" fontSize="8.5" italic="true"/>
                </Word>
                <Word id="w_w2aab1b3b2c57b1b1c15" language="English" custom="readingOrder {index:9;}">
                    <Coords points="1201,1863 1234,1863 1234,1888 1201,1888"/>
                    <TextEquiv>
                        <Unicode>cle</Unicode>
                    </TextEquiv>
                    <TextStyle fontFamily="Times New Roman" fontSize="8.5" italic="true"/>
                </Word>
                <Word id="w_w2aab1b3b2c57b1b1c23" language="English" custom="readingOrder {index:10;}">
                    <Coords points="1247,1864 1342,1864 1342,1888 1247,1888"/>
                    <TextEquiv>
                        <Unicode>Marie</Unicode>
                    </TextEquiv>
                    <TextStyle fontFamily="Times New Roman" fontSize="8.5" italic="true"/>
                </Word>
                <TextEquiv>
                    <Unicode>Spirituelle épitre dans laquelle il est question des Fables de Marie</Unicode>
                </TextEquiv>
            </TextLine>
            <TextLine id="tl_52" primaryLanguage="English" custom="readingOrder {index:1;}">
                <Coords points="243,1896 643,1896 643,1921 243,1921"/>
                <Baseline points="243,1921 269,1921 298,1921 449,1921 512,1921 643,1920"/>
                <Word id="w_w2aab1b3b2c57b3ab1" language="English" custom="readingOrder {index:0;}">
                    <Coords points="243,1899 269,1899 269,1921 243,1921"/>
                    <TextEquiv>
                        <Unicode>et</Unicode>
                    </TextEquiv>
                    <TextStyle fontFamily="Times New Roman" fontSize="8.5"/>
                </Word>
                <Word id="w_w2aab1b3b2c57b3ab7" language="English" custom="readingOrder {index:1;}">
                    <Coords points="284,1896 320,1896 320,1921 284,1921"/>
                    <TextEquiv>
                        <Unicode>du</Unicode>
                    </TextEquiv>
                    <TextStyle fontFamily="Times New Roman" fontSize="8.5"/>
                </Word>
                <Word id="w_w2aab1b3b2c57b3b1b1" language="English" custom="readingOrder {index:2;}">
                    <Coords points="336,1896 449,1896 449,1921 336,1921"/>
                    <TextEquiv>
                        <Unicode>Fablier</Unicode>
                    </TextEquiv>
                    <TextStyle fontFamily="Times New Roman" fontSize="8.5" italic="true"/>
                </Word>
                <Word id="w_w2aab1b3b2c57b3b1c17" language="English" custom="readingOrder {index:3;}">
                    <Coords points="465,1896 512,1896 512,1921 465,1921"/>
                    <TextEquiv>
                        <Unicode>des</Unicode>
                    </TextEquiv>
                    <TextStyle fontFamily="Times New Roman" fontSize="8.5" italic="true"/>
                </Word>
                <Word id="w_w2aab1b3b2c57b3b1c25" language="English" custom="readingOrder {index:4;}">
                    <Coords points="527,1896 643,1896 643,1921 527,1921"/>
                    <TextEquiv>
                        <Unicode>Dames.</Unicode>
                    </TextEquiv>
                    <TextStyle fontFamily="Times New Roman" fontSize="8.5" italic="true"/>
                </Word>
                <TextEquiv>
                    <Unicode>et du Fablier des Dames.</Unicode>
                </TextEquiv>
            </TextLine>
            <TextEquiv>
                <Unicode>Spirituelle épitre dans laquelle il est question des Fables de Marie
et du Fablier des Dames.</Unicode>
            </TextEquiv>
        </TextRegion>
        <TextRegion type="paragraph" id="r_2_30" custom="readingOrder {index:30;}">
            <Coords points="172,1930 1342,1930 1342,1969 172,1969"/>
            <TextLine id="tl_53" primaryLanguage="English" custom="readingOrder {index:0;}">
                <Coords points="173,1931 1341,1931 1341,1968 173,1968"/>
                <Baseline points="173,1960 183,1960 267,1960 568,1965 718,1959 888,1959 943,1959 1153,1959 1341,1964"/>
                <Word id="w_w2aab1b3b2c59b1ab1" language="English" custom="readingOrder {index:0;}">
                    <Coords points="173,1932 221,1932 221,1960 173,1960"/>
                    <TextEquiv>
                        <Unicode>103</Unicode>
                    </TextEquiv>
                    <TextStyle fontFamily="Times New Roman" fontSize="10.0"/>
                </Word>
                <Word id="w_w2aab1b3b2c59b1b1b1" language="English" custom="readingOrder {index:1;}">
                    <Coords points="241,1933 386,1933 386,1968 241,1968"/>
                    <TextEquiv>
                        <Unicode>Leclerc</Unicode>
                    </TextEquiv>
                    <TextStyle fontFamily="Times New Roman" fontSize="9.5" bold="true"/>
                </Word>
                <Word id="w_w2aab1b3b2c59b1b2b1" language="English" custom="readingOrder {index:2;}">
                    <Coords points="410,1932 568,1932 568,1968 410,1968"/>
                    <TextEquiv>
                        <Unicode>(Daniel),</Unicode>
                    </TextEquiv>
                    <TextStyle fontFamily="Times New Roman" fontSize="10.0"/>
                </Word>
                <Word id="w_w2aab1b3b2c59b1b2c21" language="English" custom="readingOrder {index:3;}">
                    <Coords points="594,1931 718,1931 718,1960 594,1960"/>
                    <TextEquiv>
                        <Unicode>célèbre</Unicode>
                    </TextEquiv>
                    <TextStyle fontFamily="Times New Roman" fontSize="10.0"/>
                </Word>
                <Word id="w_w2aab1b3b2c59b1b2c37" language="English" custom="readingOrder {index:4;}">
                    <Coords points="744,1931 888,1931 888,1959 744,1959"/>
                    <TextEquiv>
                        <Unicode>médecin</Unicode>
                    </TextEquiv>
                    <TextStyle fontFamily="Times New Roman" fontSize="10.0"/>
                </Word>
                <Word id="w_w2aab1b3b2c59b1b2c53" language="English" custom="readingOrder {index:5;}">
                    <Coords points="913,1932 943,1932 943,1959 913,1959"/>
                    <TextEquiv>
                        <Unicode>et</Unicode>
                    </TextEquiv>
                    <TextStyle fontFamily="Times New Roman" fontSize="10.0"/>
                </Word>
                <Word id="w_w2aab1b3b2c59b1b2c59" language="English" custom="readingOrder {index:6;}">
                    <Coords points="967,1931 1153,1931 1153,1960 967,1960"/>
                    <TextEquiv>
                        <Unicode>littérateur</Unicode>
                    </TextEquiv>
                    <TextStyle fontFamily="Times New Roman" fontSize="10.0"/>
                </Word>
                <Word id="w_w2aab1b3b2c59b1b2c83" language="English" custom="readingOrder {index:7;}">
                    <Coords points="1176,1931 1341,1931 1341,1968 1176,1968"/>
                    <TextEquiv>
                        <Unicode>gènevois,</Unicode>
                    </TextEquiv>
                    <TextStyle fontFamily="Times New Roman" fontSize="10.0"/>
                </Word>
                <TextEquiv>
                    <Unicode>103 Leclerc (Daniel), célèbre médecin et littérateur gènevois,</Unicode>
                </TextEquiv>
            </TextLine>
            <TextEquiv>
                <Unicode>103 Leclerc (Daniel), célèbre médecin et littérateur gènevois,</Unicode>
            </TextEquiv>
        </TextRegion>
        <TextRegion type="paragraph" id="r_2_31" custom="readingOrder {index:31;}">
            <Coords points="240,1966 1341,1966 1341,2070 240,2070"/>
            <TextLine id="tl_54" primaryLanguage="English" custom="readingOrder {index:0;}">
                <Coords points="242,1967 1340,1967 1340,2001 242,2001"/>
                <Baseline points="242,1996 359,1996 392,1996 600,1996 645,1995 686,1995 730,1995 896,1995 952,1994 1048,2001 1149,1996 1203,1996 1298,1995 1340,1988"/>
                <Word id="w_w2aab1b3b2c61b1ab1" language="English" custom="readingOrder {index:0;}">
                    <Coords points="242,1970 359,1970 359,1996 242,1996"/>
                    <TextEquiv>
                        <Unicode>auteur</Unicode>
                    </TextEquiv>
                    <TextStyle fontFamily="Times New Roman" fontSize="10.0"/>
                </Word>
                <Word id="w_w2aab1b3b2c61b1ac15" language="English" custom="readingOrder {index:1;}">
                    <Coords points="374,1969 467,1969 467,1996 374,1996"/>
                    <TextEquiv>
                        <Unicode>d’une</Unicode>
                    </TextEquiv>
                    <TextStyle fontFamily="Times New Roman" fontSize="10.0"/>
                </Word>
                <Word id="w_w2aab1b3b2c61b1b1b1" language="English" custom="readingOrder {index:2;}">
                    <Coords points="483,1970 600,1970 600,1996 483,1996"/>
                    <TextEquiv>
                        <Unicode>Histoire</Unicode>
                    </TextEquiv>
                    <TextStyle fontFamily="Times New Roman" fontSize="9.5" italic="true"/>
                </Word>
                <Word id="w_w2aab1b3b2c61b1b1c19" language="English" custom="readingOrder {index:3;}">
                    <Coords points="613,1968 645,1968 645,1995 613,1995"/>
                    <TextEquiv>
                        <Unicode>de</Unicode>
                    </TextEquiv>
                    <TextStyle fontFamily="Times New Roman" fontSize="9.5" italic="true"/>
                </Word>
                <Word id="w_w2aab1b3b2c61b1b1c25" language="English" custom="readingOrder {index:4;}">
                    <Coords points="659,1969 686,1969 686,1995 659,1995"/>
                    <TextEquiv>
                        <Unicode>la</Unicode>
                    </TextEquiv>
                    <TextStyle fontFamily="Times New Roman" fontSize="9.5" italic="true"/>
                </Word>
                <Word id="w_w2aab1b3b2c61b1b1c31" language="English" custom="readingOrder {index:5;}">
                    <Coords points="700,1968 842,1968 842,2001 700,2001"/>
                    <TextEquiv>
                        <Unicode>Médecine,</Unicode>
                    </TextEquiv>
                    <TextStyle fontFamily="Times New Roman" fontSize="9.5" italic="true"/>
                </Word>
                <Word id="w_w2aab1b3b2c61b1b2b3" language="English" custom="readingOrder {index:6;}">
                    <Coords points="860,1967 896,1967 896,1995 860,1995"/>
                    <TextEquiv>
                        <Unicode>né</Unicode>
                    </TextEquiv>
                    <TextStyle fontFamily="Times New Roman" fontSize="10.0"/>
                </Word>
                <Word id="w_w2aab1b3b2c61b1b2b9" language="English" custom="readingOrder {index:7;}">
                    <Coords points="913,1975 952,1975 952,1995 913,1995"/>
                    <TextEquiv>
                        <Unicode>en</Unicode>
                    </TextEquiv>
                    <TextStyle fontFamily="Times New Roman" fontSize="10.0"/>
                </Word>
                <Word id="w_w2aab1b3b2c61b1b2c15" language="English" custom="readingOrder {index:8;}">
                    <Coords points="970,1967 1048,1967 1048,2001 970,2001"/>
                    <TextEquiv>
                        <Unicode>1652,</Unicode>
                    </TextEquiv>
                    <TextStyle fontFamily="Times New Roman" fontSize="10.0"/>
                </Word>
                <Word id="w_w2aab1b3b2c61b1b2c27" language="English" custom="readingOrder {index:9;}">
                    <Coords points="1066,1970 1149,1970 1149,1996 1066,1996"/>
                    <TextEquiv>
                        <Unicode>mort</Unicode>
                    </TextEquiv>
                    <TextStyle fontFamily="Times New Roman" fontSize="10.0"/>
                </Word>
                <Word id="w_w2aab1b3b2c61b1b2c37" language="English" custom="readingOrder {index:10;}">
                    <Coords points="1165,1977 1203,1977 1203,1996 1165,1996"/>
                    <TextEquiv>
                        <Unicode>en</Unicode>
                    </TextEquiv>
                    <TextStyle fontFamily="Times New Roman" fontSize="10.0"/>
                </Word>
                <Word id="w_w2aab1b3b2c61b1b2c43" language="English" custom="readingOrder {index:11;}">
                    <Coords points="1221,1967 1298,1967 1298,1995 1221,1995"/>
                    <TextEquiv>
                        <Unicode>1728.</Unicode>
                    </TextEquiv>
                    <TextStyle fontFamily="Times New Roman" fontSize="10.0"/>
                </Word>
                <Word id="w_w2aab1b3b2c61b1b2c55" language="English" custom="readingOrder {index:12;}">
                    <Coords points="1309,1983 1340,1983 1340,1988 1309,1988"/>
                    <TextEquiv>
                        <Unicode>—</Unicode>
                    </TextEquiv>
                    <TextStyle fontFamily="Times New Roman" fontSize="10.0"/>
                </Word>
                <TextEquiv>
                    <Unicode>auteur d’une Histoire de la Médecine, né en 1652, mort en 1728. —</Unicode>
                </TextEquiv>
            </TextLine>
            <TextLine id="tl_55" primaryLanguage="English" custom="readingOrder {index:1;}">
                <Coords points="241,2003 1340,2003 1340,2040 241,2040"/>
                <Baseline points="241,2032 275,2031 320,2032 360,2032 401,2032 623,2038 779,2037 829,2030 973,2031 1069,2038 1102,2031 1145,2032 1236,2031 1340,2030"/>
                <Word id="w_w2aab1b3b2c61b3ab1" language="English" custom="readingOrder {index:0;}">
                    <Coords points="241,2003 275,2003 275,2032 241,2032"/>
                    <TextEquiv>
                        <Unicode>L.</Unicode>
                    </TextEquiv>
                    <TextStyle fontFamily="Times New Roman" fontSize="10.0"/>
                </Word>
                <Word id="w_w2aab1b3b2c61b3ab7" language="English" custom="readingOrder {index:1;}">
                    <Coords points="292,2012 320,2012 320,2032 292,2032"/>
                    <TextEquiv>
                        <Unicode>a.</Unicode>
                    </TextEquiv>
                    <TextStyle fontFamily="Times New Roman" fontSize="10.0"/>
                </Word>
                <Word id="w_w2aab1b3b2c61b3ac13" language="English" custom="readingOrder {index:2;}">
                    <Coords points="336,2012 360,2012 360,2032 336,2032"/>
                    <TextEquiv>
                        <Unicode>s.</Unicode>
                    </TextEquiv>
                    <TextStyle fontFamily="Times New Roman" fontSize="10.0"/>
                </Word>
                <Word id="w_w2aab1b3b2c61b3ac19" language="English" custom="readingOrder {index:3;}">
                    <Coords points="373,2004 401,2004 401,2040 373,2040"/>
                    <TextEquiv>
                        <Unicode>(à</Unicode>
                    </TextEquiv>
                    <TextStyle fontFamily="Times New Roman" fontSize="10.0"/>
                </Word>
                <Word id="w_w2aab1b3b2c61b3ac25" language="English" custom="readingOrder {index:4;}">
                    <Coords points="417,2003 623,2003 623,2039 417,2039"/>
                    <TextEquiv>
                        <Unicode>Bernouilli);</Unicode>
                    </TextEquiv>
                    <TextStyle fontFamily="Times New Roman" fontSize="10.0"/>
                </Word>
                <Word id="w_w2aab1b3b2c61b3ac51" language="English" custom="readingOrder {index:5;}">
                    <Coords points="641,2004 779,2004 779,2037 641,2037"/>
                    <TextEquiv>
                        <Unicode>Genève,</Unicode>
                    </TextEquiv>
                    <TextStyle fontFamily="Times New Roman" fontSize="10.0"/>
                </Word>
                <Word id="w_w2aab1b3b2c61b3ac67" language="English" custom="readingOrder {index:6;}">
                    <Coords points="796,2003 829,2003 829,2030 796,2030"/>
                    <TextEquiv>
                        <Unicode>19</Unicode>
                    </TextEquiv>
                    <TextStyle fontFamily="Times New Roman" fontSize="10.0"/>
                </Word>
                <Word id="w_w2aab1b3b2c61b3ac73" language="English" custom="readingOrder {index:7;}">
                    <Coords points="845,2003 973,2003 973,2031 845,2031"/>
                    <TextEquiv>
                        <Unicode>octobre</Unicode>
                    </TextEquiv>
                    <TextStyle fontFamily="Times New Roman" fontSize="10.0"/>
                </Word>
                <Word id="w_w2aab1b3b2c61b3ac89" language="English" custom="readingOrder {index:8;}">
                    <Coords points="995,2003 1069,2003 1069,2038 995,2038"/>
                    <TextEquiv>
                        <Unicode>1716,</Unicode>
                    </TextEquiv>
                    <TextStyle fontFamily="Times New Roman" fontSize="10.0"/>
                </Word>
                <Word id="w_w2aab1b3b2c61b3ad101" language="English" custom="readingOrder {index:9;}">
                    <Coords points="1084,2004 1102,2004 1102,2031 1084,2031"/>
                    <TextEquiv>
                        <Unicode>3</Unicode>
                    </TextEquiv>
                    <TextStyle fontFamily="Times New Roman" fontSize="10.0"/>
                </Word>
                <Word id="w_w2aab1b3b2c61b3ad105" language="English" custom="readingOrder {index:10;}">
                    <Coords points="1117,2012 1145,2012 1145,2040 1117,2040"/>
                    <TextEquiv>
                        <Unicode>p.</Unicode>
                    </TextEquiv>
                    <TextStyle fontFamily="Times New Roman" fontSize="10.0"/>
                </Word>
                <Word id="w_w2aab1b3b2c61b3ad111" language="English" custom="readingOrder {index:11;}">
                    <Coords points="1164,2004 1236,2004 1236,2033 1164,2033"/>
                    <TextEquiv>
                        <Unicode>in-4.</Unicode>
                    </TextEquiv>
                    <TextStyle fontFamily="Times New Roman" fontSize="10.0"/>
                </Word>
                <Word id="w_w2aab1b3b2c61b3ad123" language="English" custom="readingOrder {index:12;}">
                    <Coords points="1254,2003 1340,2003 1340,2032 1254,2032"/>
                    <TextEquiv>
                        <Unicode>Belle</Unicode>
                    </TextEquiv>
                    <TextStyle fontFamily="Times New Roman" fontSize="10.0"/>
                </Word>
                <TextEquiv>
                    <Unicode>L. a. s. (à Bernouilli); Genève, 19 octobre 1716, 3 p. in-4. Belle</Unicode>
                </TextEquiv>
                <TextStyle fontFamily="Times New Roman" fontSize="10.0"/>
            </TextLine>
            <TextLine id="tl_56" primaryLanguage="English" custom="readingOrder {index:2;}">
                <Coords points="242,2039 1337,2039 1337,2069 242,2069"/>
                <Baseline points="242,2067 275,2068 502,2067 631,2067 1290,2066 1337,2066"/>
                <Word id="w_w2aab1b3b2c61b5ab1" language="English" custom="readingOrder {index:0;}">
                    <Coords points="242,2042 275,2042 275,2068 242,2068"/>
                    <TextEquiv>
                        <Unicode>et</Unicode>
                    </TextEquiv>
                    <TextStyle fontFamily="Times New Roman" fontSize="10.0"/>
                </Word>
                <Word id="w_w2aab1b3b2c61b5ab7" language="English" custom="readingOrder {index:1;}">
                    <Coords points="285,2040 502,2040 502,2069 285,2069"/>
                    <TextEquiv>
                        <Unicode>intéressante</Unicode>
                    </TextEquiv>
                    <TextStyle fontFamily="Times New Roman" fontSize="10.0"/>
                </Word>
                <Word id="w_w2aab1b3b2c61b5ac33" language="English" custom="readingOrder {index:2;}">
                    <Coords points="521,2040 631,2040 631,2068 521,2068"/>
                    <TextEquiv>
                        <Unicode>lettre.</Unicode>
                    </TextEquiv>
                    <TextStyle fontFamily="Times New Roman" fontSize="10.0"/>
                </Word>
                <Word id="w_w2aab1b3b2c61b5ac49" language="English" custom="readingOrder {index:3;}">
                    <Coords points="1258,2039 1290,2039 1290,2067 1258,2067"/>
                    <TextEquiv>
                        <Unicode>12</Unicode>
                    </TextEquiv>
                    <TextStyle fontFamily="Times New Roman" fontSize="10.0"/>
                </Word>
                <Word id="w_w2aab1b3b2c61b5ac55" language="English" custom="readingOrder {index:4;}">
                    <Coords points="1327,2049 1337,2049 1337,2064 1327,2064"/>
                    <TextEquiv>
                        <Unicode>&gt;■</Unicode>
                    </TextEquiv>
                    <TextStyle fontFamily="Times New Roman" fontSize="10.0"/>
                </Word>
                <TextEquiv>
                    <Unicode>et intéressante lettre. 12 »</Unicode>
                </TextEquiv>
                <TextStyle fontFamily="Times New Roman" fontSize="10.0"/>
            </TextLine>
            <TextEquiv>
                <Unicode>auteur d’une Histoire de la Médecine, né en 1652, mort en 1728. —
L. a. s. (à Bernouilli); Genève, 19 octobre 1716, 3 p. in-4. Belle
et intéressante lettre. 12 »</Unicode>
            </TextEquiv>
        </TextRegion>
    </Page>
</PcGts>
