1424 2299
623 120 765 180 - 15 -
111 217 162 244 142
182 218 325 253 Orléans
340 218 543 254 (Ferdinand,
563 219 623 248 duc
639 220 687 255 d’),
705 220 754 248 fils
770 219 841 247 aîné
863 220 904 248 du
926 220 973 247 roi
995 219 1272 256 Louis-Philippe.

180 269 215 273 —
229 252 263 281 L.
281 262 308 282 a.
324 262 366 289 s.;
382 253 525 291 Neuilly,
541 255 556 283 8
569 255 654 292 juin,
674 258 681 282 1
702 264 731 291 p.
748 255 799 290 1/2
814 255 892 283 in-4.
908 255 991 284 Jolie
1007 256 1118 284 lettre.
1208 256 1224 283 9
1262 266 1275 282 »

113 292 163 321 143
181 294 302 329 Périer
323 294 487 330 (Casimir),
510 295 539 323 le
565 295 688 324 célèbre
714 296 860 324 ministre
887 295 924 324 de
947 295 1219 336 Louis-Philippe.
1242 312 1278 316 —

183 329 216 357 L.
234 338 260 357 a.
278 338 301 358 s.
319 330 336 357 à
350 330 391 358 M.
408 330 520 366 Jacob;
535 332 628 367 (mars
645 332 735 368 1817),
761 331 777 359 3
802 339 830 368 p.
856 332 933 360 in-4.
949 331 1068 368 Légère
1089 332 1272 360 déchirure.

183 365 270 393 Belle
287 367 319 394 et
334 374 404 393 rare
422 366 530 395 lettre.
1192 367 1225 395 12
1262 378 1277 392 »

113 405 163 432 144
183 406 316 441 Peucer
331 406 504 442 (Gaspard),
521 407 644 435 célèbre
661 408 802 435 médecin
819 409 851 436 et
872 407 1085 435 réformateur
1106 408 1276 442 allemand,

183 442 301 474 gendre
318 442 354 469 de
372 442 585 476 Mélanchton,
602 443 679 471 dont
695 443 718 471 il
736 443 844 479 publia
858 443 904 472 les
920 445 1044 472 Œuvres.
1067 460 1103 464 —
1122 444 1216 471 Pièce
1239 443 1276 471 de

181 476 197 504 6
214 477 328 512 petites
344 477 448 513 lignes
464 480 532 506 aut.
553 479 578 506 si
584 486 625 515 g.,
638 479 657 506 3
673 479 842 507 novembre
860 479 939 513 1571,
958 480 969 505 1
988 487 1019 515 p.
1040 480 1138 507 in-18.
1193 480 1225 506 15
1262 490 1276 504 »

113 516 163 544 145
183 518 344 553 Philippe
371 519 419 552 II,
446 518 492 546 roi
522 518 711 555 d’Espagne.
739 535 775 539 —
803 519 896 547 Pièce
925 519 1003 554 sig.,
1034 528 1072 547 en
1103 519 1277 555 allemand;

184 552 318 586 Madrid,
349 553 381 580 16
406 554 535 590 janvier
564 554 642 589 1566,
673 557 682 582 1
713 563 744 591 p.
770 554 886 583 double
910 555 1025 590 in-fol.,
1059 555 1134 590 obi.,
1166 563 1273 583 sceau.

184 588 324 624 Superbe
341 589 441 625 pièce.
1193 591 1222 617 17
1262 601 1276 616 »

114 623 165 651 146
184 625 243 652 Pie
263 626 319 661 IX,
337 633 428 661 pape.
446 642 481 645 —
495 625 530 653 L.
548 634 574 653 a.
592 634 615 654 s.
633 626 650 653 à
664 626 830 659 Foschini;
847 626 880 653 22
896 635 969 654 nov.
991 627 1070 661 1845,
1090 626 1138 662 1/2
1154 635 1182 663 p.
1201 627 1277 655 in-4.

185 660 272 688 Belle
289 661 386 696 pièce.
1189 662 1222 690 20
1263 674 1276 688 »

115 700 164 727 147
184 701 407 736 Pompadour
439 700 484 735 (la
517 701 675 738 marquise
710 701 780 740 de),
813 702 844 730 la
877 701 1001 730 célèbre
1036 702 1202 730 maîtresse
1240 702 1278 730 de

186 736 281 764 Louis
296 736 368 765 XV.
384 753 419 756 —
433 736 532 765 Billet
548 740 625 772 aut.;
641 737 835 772 (Versailles,
851 737 884 764 22
900 738 980 766 avril
999 738 1088 773 1759),
1106 740 1115 765 1
1136 747 1165 775 p.
1182 738 1279 773 in-8.,

185 771 250 799 obi.
1191 774 1225 801 32
1263 784 1275 800 »

114 814 163 841 148
183 815 316 849 Rachel
340 814 383 849 (M
387 815 415 832 Mo
418 815 435 850 ),
466 814 497 842 la
526 814 644 850 grande
673 815 893 851 tragédienne.
923 832 958 836 —
986 816 1079 844 Pièce
1110 818 1176 844 aut.
1206 817 1278 853 sig.,

184 850 321 884 Rennes,
339 850 370 877 19
386 850 462 878 août
479 850 555 884 1849,
573 852 584 877 1
604 859 631 886 p.
650 851 726 878 in-8.
744 851 890 879 Relative
908 852 925 879 à
940 860 988 880 ses
1007 852 1278 888 représentations

184 886 321 914 données
338 895 375 914 au
393 886 516 914 théâtre
534 886 571 914 de
591 887 724 914 Rennes.
1194 888 1226 915 10
1264 900 1278 914 »

114 926 165 953 149
185 927 422 962 Rambouillet
446 926 631 962 (Catherine
658 927 695 954 de
723 928 855 961 Vivonne,
882 927 1040 963 marquise
1070 927 1132 963 de),
1164 928 1278 956 femme

186 962 319 996 célèbre,
340 962 394 998 qui
416 962 524 990 réunit
544 962 621 990 dans
640 971 695 990 son
719 962 805 991 hôtel
822 966 928 991 toutes
944 963 989 991 les
1005 963 1221 992 illustrations
1237 964 1278 991 du

186 1006 252 1025 xvii
255 1003 264 1015 D
288 998 394 1030 siècle,
421 998 505 1025 mère
528 998 565 1026 de
589 997 675 1026 Julie
699 998 908 1034 d’Angennes.
933 1015 968 1018 —
989 998 1082 1027 Pièce
1103 999 1177 1035 sig.;
1200 999 1278 1034 1653,

185 1033 201 1061 3
218 1042 245 1069 p.
263 1033 369 1062 in-fol.
1192 1035 1226 1062 22
1264 1046 1278 1061 »

115 1073 165 1101 150
185 1074 370 1109 Récamier
392 1073 433 1109 (M
436 1078 467 1093 rae
470 1078 488 1108 ),
513 1073 543 1101 la
568 1074 656 1101 reine
674 1073 710 1101 de
728 1073 1033 1110 l’Abbaye-au-Bois.
1053 1091 1088 1094 —
1104 1075 1137 1102 L.
1156 1083 1182 1103 a.
1200 1084 1224 1103 s.
1242 1076 1279 1103 de

184 1118 232 1137 ses
248 1109 391 1138 initiales
406 1110 422 1137 à
438 1109 466 1137 M
472 1114 502 1128 me
520 1109 550 1137 la
565 1111 717 1137 comtesse
734 1109 937 1146 d’Hautpoul,
951 1111 961 1136 1
977 1118 1004 1146 p.
1018 1111 1029 1137 1
1039 1110 1068 1144 /2
1080 1110 1172 1138 in-18.
1197 1111 1228 1138 15
1265 1122 1279 1136 »>

115 1154 162 1181 151
185 1154 352 1190 Regnard
375 1153 501 1190 (J.-F.),
524 1162 565 1181 un
587 1153 640 1181 des
661 1154 825 1182 meilleurs
843 1155 949 1190 poètes
965 1154 1124 1191 comiques
1140 1155 1280 1193 français

186 1190 226 1218 du
243 1197 308 1218 xvn
311 1196 323 1210 e
338 1190 446 1218 siècle.
468 1205 499 1209 —
516 1189 690 1226 Fragment
713 1191 779 1217 aut.
800 1190 920 1218 extrait
944 1190 980 1218 de
1004 1198 1052 1218 ses
1076 1192 1279 1225 manuscrits,

185 1225 201 1252 2
217 1234 245 1261 p.
262 1226 338 1254 in-4.
1194 1227 1226 1253 17
1264 1238 1278 1252 »

116 1265 167 1294 152
186 1265 350 1301 Régnier,
371 1265 431 1293 duc
451 1265 488 1293 de
509 1265 621 1299 Massa,
643 1265 852 1299 constituant,
874 1265 1068 1302 grand-juge
1085 1267 1117 1294 et
1133 1266 1280 1295 ministre

186 1302 223 1329 de
246 1304 276 1329 la
296 1301 425 1338 justice,
443 1301 481 1328 né
506 1301 523 1328 à
546 1301 693 1329 Blamont
709 1301 890 1337 (Meurthe).
910 1317 943 1321 —
958 1301 1027 1329 Let.
1045 1302 1105 1337 sig.
1122 1310 1162 1329 au
1179 1303 1281 1337 préfet

185 1338 226 1365 du
261 1337 481 1373 département
514 1336 551 1364 de
585 1336 885 1371 Rhin-et-Moselle,
921 1337 938 1364 à
971 1337 1135 1373 Coblentz;
1171 1338 1281 1372 Paris,

184 1373 200 1400 2
216 1373 348 1409 prairial
364 1381 403 1400 an
420 1372 473 1406 XI,
490 1372 506 1399 3
522 1380 553 1414 p.
574 1372 648 1400 in-4.
1213 1374 1226 1400 7
1266 1384 1279 1399 »

223 1409 353 1434 Curieuse
367 1409 445 1433 lettre
458 1408 570 1432 relative
584 1409 599 1432 à
614 1408 795 1433 l’arrestation
807 1408 856 1432 des
868 1408 982 1438 Anglais
996 1409 1117 1433 résidant
1130 1415 1164 1433 en
1179 1410 1280 1434 France

186 1448 219 1464 en
232 1443 311 1465 vertu
326 1441 361 1465 du
378 1440 469 1464 décret
483 1439 520 1464 du
536 1439 567 1463 22
580 1440 634 1463 mai
652 1439 709 1464 1813
735 1440 808 1464 Ceux
821 1440 868 1471 qui
882 1439 1007 1464 habitent
1025 1447 1074 1465 son
1091 1441 1281 1471 département

187 1473 302 1497 devront
315 1479 344 1496 se
360 1471 510 1496 constituer
525 1471 695 1502 prisonniers
711 1471 780 1495 dans
795 1471 834 1495 les
848 1471 878 1496 24
895 1471 1002 1500 heures,
1023 1474 1092 1496 cette
1111 1478 1220 1496 mesure
1239 1474 1281 1496 est

185 1503 336 1534 applicable
349 1504 364 1527 à
378 1504 436 1527 tout
449 1503 565 1532 Anglais
580 1503 630 1533 âgé
644 1502 677 1526 de
691 1503 752 1533 plus
765 1503 798 1526 de
812 1502 839 1526 18
850 1509 902 1529 an^
914 1505 941 1527 et
953 1502 985 1527 de
996 1503 1087 1527 moins
1103 1504 1137 1527 de
1150 1503 1187 1532 60,
1205 1506 1256 1528 etc.

115 1543 166 1571 153
186 1544 332 1579 Restout
351 1543 461 1579 (J.-B.),
478 1542 507 1570 le
519 1541 630 1578 jeune,
648 1551 689 1570 un
706 1542 759 1570 des
776 1542 917 1578 peintres
933 1543 978 1570 les
995 1542 1065 1579 plus
1082 1542 1222 1571 célèbres
1238 1543 1279 1571 du

184 1587 264 1607 xviii
266 1584 276 1596 0
293 1579 399 1612 siècle,
416 1578 503 1606 élève
519 1577 556 1605 de
572 1578 741 1612 Jouvenet,
758 1586 813 1606 son
830 1578 1021 1606 oncle.—L.
1038 1587 1065 1607 a.
1084 1587 1123 1613 s.;
1140 1579 1156 1606 8
1168 1579 1281 1615 juillet

187 1615 266 1649 1789,
282 1615 298 1642 3
314 1623 345 1651 p.
366 1614 443 1642 in-4.
460 1616 537 1642 Rare.
1196 1615 1229 1642 15
1266 1626 1281 1640 »

115 1660 166 1687 154
185 1661 318 1696 Ristori
338 1659 526 1696 (Adélaïde),
544 1659 574 1686 la
589 1657 707 1694 grande
724 1658 932 1694 tragédienne
949 1658 1117 1687 italienne.
1133 1676 1169 1679 —
1190 1659 1226 1687 L.
1247 1667 1277 1687 a.

186 1704 227 1730 s.;
245 1696 346 1729 Paris,
362 1695 396 1722 29
412 1694 488 1722 août
508 1694 582 1728 1855,
600 1694 615 1721 3
630 1702 659 1729 p.
682 1693 722 1728 pl.
740 1693 818 1721 in-8.
1196 1695 1228 1722 15
1266 1706 1280 1720 »

224 1731 279 1756 Elle
305 1738 320 1756 a
343 1732 371 1755 lu
394 1732 418 1755 le
440 1730 608 1761 magnifique
635 1729 729 1754 article
753 1729 786 1753 de
808 1730 833 1754 la
855 1730 953 1754 Revue
978 1729 1026 1754 des
1050 1730 1282 1760 Deux-Mondes;

186 1763 349 1794 quoiqu’elle
366 1769 394 1787 se
409 1764 505 1786 trouve
522 1762 634 1791 indigne
656 1761 689 1785 de
706 1762 763 1785 tant
778 1761 906 1791 d'éloges,
925 1762 976 1786 elle
991 1761 1052 1786 n’en
1072 1764 1113 1786 est
1130 1769 1178 1793 pas
1193 1762 1283 1787 moins

186 1795 408 1819 reconnaissante
421 1794 454 1817 de
469 1796 559 1818 toutes
572 1792 611 1817 les
625 1792 722 1816 bontés
735 1799 787 1823 que
802 1793 856 1817 l’on
872 1795 935 1817 veut
953 1793 1015 1817 bien
1030 1794 1107 1818 avoir
1126 1800 1196 1824 pour
1217 1794 1278 1818 elle.

187 1824 245 1849 Elle
261 1826 330 1850 croit
343 1826 407 1857 qu’il
428 1825 511 1849 serait
526 1823 684 1855 impossible
703 1824 816 1848 d’écrire
839 1824 956 1855 quelque
976 1824 1058 1849 chose
1079 1825 1111 1849 de
1134 1826 1197 1855 plus
1214 1825 1281 1854 vrai,

188 1857 217 1880 ni
229 1857 261 1881 de
278 1858 372 1882 mieux
386 1856 456 1881 senti
474 1863 520 1880 sur
538 1855 598 1880 l’art
614 1855 647 1879 de
667 1856 692 1879 la
710 1855 863 1879 littérature
880 1855 1052 1887 dramatique
1068 1856 1207 1883 italienne,
1225 1859 1278 1881 etc.

117 1896 167 1923 155
186 1897 375 1932 Rochefort
391 1896 521 1932 (Henri),
542 1895 713 1932 publiciste
734 1896 766 1923 et
786 1895 912 1931 député,
930 1896 1070 1923 membre
1086 1896 1126 1924 du
1146 1904 1282 1928 gouver¬

187 1936 315 1960 nement
340 1933 377 1960 de
402 1933 430 1960 la
454 1932 587 1959 Défense
610 1930 785 1958 nationale.
804 1947 838 1950 —
859 1931 895 1959 L.
912 1940 939 1958 a.
957 1939 981 1959 s.
999 1932 1016 1958 à
1032 1932 1076 1959 M.
1097 1931 1133 1959 de
1152 1932 1281 1966 Villars,

186 1968 237 2002 3/4
253 1968 290 1995 de
308 1976 335 2004 p.
354 1968 426 1996 in-8.
443 1967 525 1996 Jolie
542 1967 650 2000 lettre,
665 1965 775 2002 signée
791 1968 875 1994 Henri
890 1968 922 1994 de
936 1968 1081 2001 Rochefort.
1214 1967 1230 1994 9
1268 1978 1282 1993 »

117 2012 167 2039 156
186 2011 646 2046 Romanzoff-Zadounaiski
679 2010 829 2046 (Pierre,
865 2012 1002 2047 comte),
1043 2020 1084 2039 un
1123 2011 1178 2039 dés
1212 2012 1283 2049 plus

187 2047 326 2076 célèbres
351 2048 510 2085 généraux
535 2056 640 2076 russes
666 2046 702 2075 de
729 2046 869 2083 l’époque
895 2048 932 2076 de
959 2048 1129 2076 Catherine
1151 2048 1189 2082 II,
1212 2056 1282 2076 sur¬

187 2084 310 2112 nommé
327 2084 355 2112 le
373 2087 491 2112 Turenne
505 2092 580 2111 russe
583 2105 589 2118 ,
606 2084 643 2111 né
660 2092 699 2111 en
716 2082 794 2117 1725,
811 2085 894 2112 mort
912 2092 951 2111 en
967 2084 1048 2112 1796.
1069 2100 1101 2105 —
1117 2085 1189 2112 Let.
1210 2084 1283 2120 sig.,

189 2119 267 2154 1795,
284 2120 296 2146 1
315 2127 346 2155 p.
367 2119 477 2148 in-fol.
496 2122 575 2148 Rare.
1197 2119 1231 2147 20
1269 2131 1282 2145 »
