1432 2245
604 168 633 172 -
657 153 672 179 4
693 168 717 172 -

95 225 128 253 26
147 228 350 264 Bonaparte
367 227 406 264 (le
423 227 531 263 prince
548 227 732 263 Napoléon),
750 228 799 256 fils
816 228 856 256 du
875 228 920 256 roi
934 228 1071 263 Jérôme,
1088 229 1197 257 cousin
1210 229 1247 256 de

147 263 308 300 Napoléon
324 263 382 297 III,
407 263 526 299 gendre
549 263 585 290 de
608 263 931 292 Victor-Emmanuel.
947 280 981 283 —
999 264 1033 292 L.
1054 273 1084 291 a.
1111 272 1138 292 s.
1165 265 1182 291 à
1205 273 1247 292 un

150 299 364 336 journaliste;
381 299 414 326 20
426 299 498 335 juin
518 299 595 333 1848,
613 299 628 325 2
645 307 673 334 p.
691 299 767 327 in-8.
1163 300 1195 327 10
1233 311 1247 325 »

177 337 244 361 Très
259 336 384 361 curieuse
400 336 477 359 lettre
493 342 542 366 par
557 336 673 366 laquelle
691 335 709 360 il
724 335 836 360 dément
856 335 894 360 les
909 335 997 360 bruits
1012 334 1074 367 qu’a
1092 336 1139 359 fait
1157 337 1248 360 courir

147 368 170 393 le
183 367 309 392 Journal
330 367 365 392 de
385 366 484 391 Rouen
506 367 695 391 relativement
722 367 737 391 à
758 374 812 391 une
835 367 986 398 prétendue
1007 367 1195 397 conspiration
1214 367 1248 391 de

148 407 197 424 son
213 398 318 428 cousin,
337 406 348 422 «
366 398 389 423 le
402 398 510 429 citoyen
525 398 610 423 Louis
625 398 788 429 Bonaparte.
807 407 818 421 »

92 441 125 468 27
146 440 304 468 Bouillon
320 438 657 474 (Godefroy-Maurice
674 438 711 466 de
728 440 765 466 La
782 441 849 466 Tour
853 461 859 472 ,
878 439 938 466 duc
954 439 1014 475 de),
1032 438 1130 475 grand
1145 440 1249 466 cham¬

147 475 253 503 bellan
270 474 306 502 de
324 473 461 505 France,
486 474 589 511 époux
605 474 642 501 de
659 474 862 502 Marie-Anne
880 474 917 502 de
933 474 1087 508 Mancini,
1104 474 1193 501 nièce
1210 474 1247 502 de

146 510 298 543 Mazarin,
316 512 399 538 mort
414 518 452 537 en
470 510 547 537 1721.
565 526 601 529 —
615 510 648 537 L.
666 518 692 538 a.
709 518 751 544 s.,
768 509 784 536 2
800 518 831 545 p.
853 510 929 538 in-4.
1161 509 1194 537 22
1233 522 1247 535 »

177 547 250 572 Belle
266 548 291 571 et
307 546 486 570 intéressante
510 546 588 570 lettre
612 546 695 570 écrite
717 552 751 569 au
773 546 857 570 début
876 546 910 570 de
931 546 955 570 la
974 552 1072 576 guerre
1090 546 1123 570 de
1138 546 1163 569 la
1184 552 1249 570 suc¬

148 579 253 603 cession
276 577 440 608 d’Espagne,
457 584 493 601 au
506 576 577 607 sujet
599 577 632 601 de
653 577 679 601 la
700 577 774 601 levée
796 576 859 601 d’un
880 577 1016 607 régiment
1035 578 1050 601 à
1075 584 1194 607 envoyer
1214 584 1247 601 en

145 610 280 634 Piémont.
297 609 409 633 Comme
424 609 463 632 les
480 608 583 633 soldats
597 615 631 633 ne
643 609 778 633 serviront
795 615 848 639 que
863 608 933 632 dans
948 608 993 633 dix
1010 609 1080 633 mois
1095 611 1122 633 et
1141 608 1248 633 revien¬

145 641 253 666 draient
268 641 283 665 à
301 641 331 664 50
346 641 419 668 écus,
438 640 456 663 il
470 641 513 664 est
527 640 580 664 bon
596 640 747 664 d’attendre
760 640 785 664 la
800 640 916 671 réponse
932 640 965 664 de
980 639 1196 665 l’ambassadeur
1215 639 1248 664 de

147 673 260 697 Bavière
283 674 310 696 et
332 672 372 695 les
395 671 560 696 résolutions
585 672 618 695 de
638 671 664 695 la
689 678 761 695 cour.
786 671 835 701 (Le
860 671 912 696 duc
935 672 968 696 de
989 671 1115 696 Bouillon
1138 671 1249 696 hésitait

145 706 223 729 entre
237 703 332 727 l’Italie
347 705 374 727 et
388 702 566 732 l’Allemagne
580 704 616 727 où
631 703 655 727 le
670 703 722 727 duc
737 702 770 726 de
786 702 900 727 Bavière
917 703 983 727 était
999 705 1076 728 notre
1095 703 1177 733 allié.)

91 745 125 772 28
145 743 312 779 Bourbon
328 742 673 779 (Ferdinand-Charles
684 742 726 770 III
743 742 806 778 de),
824 742 885 770 duc
902 743 938 770 de
956 743 1080 777 Parme,
1093 742 1247 770 assassiné

145 789 183 808 en
210 779 275 806 1854
291 779 368 806 dans
386 786 446 805 une
464 786 520 805 rue
536 778 573 806 de
589 787 623 806 sa
639 778 784 814 capitale,
813 778 995 806 beau-frère
1019 779 1060 806 du
1085 781 1186 806 comte
1210 778 1248 806 de

144 814 379 844 Chambord.—
394 814 432 841 L.
452 822 482 841 a.
503 822 529 841 s.
550 815 567 841 à
583 814 716 842 l’avocat
731 814 824 848 Fava,
842 814 1004 850 président
1020 815 1061 842 du
1077 814 1193 842 comité
1209 814 1247 841 de

145 851 284 880 sécurité
301 850 466 886 publique,
484 850 500 876 à
516 849 630 885 Milan;
644 849 678 876 26
694 849 755 877 mai
774 850 853 884 1848,
870 850 885 877 3
902 858 930 886 p.
948 850 1022 884 in-8,
1039 849 1150 878 cachet
1168 850 1185 877 à
1200 858 1249 878 ses

146 895 262 915 armes.
1164 886 1197 913 15
1234 897 1248 910 »

170 923 300 947 Curieuse
323 922 403 945 lettre
425 921 508 945 écrite
524 927 632 946 comme
654 922 811 951 prisonnier
830 921 878 946 des
901 921 1034 949 Milanais,
1052 921 1173 952 pendant
1187 921 1249 946 l'in¬

146 954 300 978 surrection
316 953 348 977 de
363 952 431 976 1848.
448 953 499 976 Sur
514 953 538 976 le
552 952 631 984 point
646 952 729 977 d’être
745 953 799 977 mis
814 960 846 977 en
861 953 965 981 liberté,
983 954 1001 977 il
1016 954 1040 978 le
1055 953 1114 983 prie
1129 953 1250 977 d’adres¬

146 993 191 1010 ser
204 988 267 1009 tous
283 991 327 1009 ses
342 985 550 1008 remerciments
565 991 619 1008 aux
634 990 786 1015 personnes
801 985 848 1015 qui
863 987 911 1009 ont
928 984 1026 1009 adouci
1042 992 1071 1009 sa
1087 985 1224 1016 captivité.

92 1027 126 1053 29
145 1025 326 1060 Bretagne
355 1024 429 1060 (de),
461 1024 629 1059 magistrat
658 1024 782 1052 célèbre
813 1024 854 1052 du
884 1032 950 1052 xvn
952 1030 964 1045 e
993 1025 1105 1058 siècle,
1136 1024 1248 1052 ancien

146 1061 317 1089 conseiller
333 1068 369 1087 au
390 1059 568 1095 parlement
584 1060 620 1087 de
638 1058 742 1095 Dijon,
759 1060 884 1087 nommé
902 1060 1065 1096 président
1085 1069 1124 1088 au
1146 1061 1249 1096 parle¬

147 1102 231 1125 ment
249 1097 286 1124 de
302 1096 383 1123 Metz
400 1103 480 1131 pour
501 1096 589 1123 avoir
604 1096 778 1123 condamné
794 1096 822 1124 le
840 1096 998 1124 maréchal
1015 1099 1052 1124 de
1070 1096 1215 1124 Marillac
1233 1097 1250 1123 à

146 1132 346 1161 Rueil.—L.
367 1140 396 1159 a.
417 1139 443 1159 s.
465 1131 480 1158 à
498 1131 540 1158 M.
561 1130 597 1158 de
614 1131 821 1167 Feuquières,
836 1140 1042 1167 gouverneur
1053 1132 1090 1159 de
1105 1132 1249 1166 Verdun;

146 1168 238 1202 Toul,
255 1167 270 1195 6
287 1166 451 1195 décembre
470 1166 548 1201 1636,
566 1168 577 1193 1
597 1174 624 1202 p.
644 1167 715 1198 in-4,
734 1167 861 1195 cachets
876 1170 907 1195 et
924 1168 1017 1196 soies.
1035 1167 1084 1196 Un
1101 1176 1160 1204 peu
1180 1168 1252 1196 fati¬

148 1204 228 1240 guée
245 1206 278 1231 et
293 1202 416 1231 tachée.
1166 1204 1194 1230 11
1235 1214 1249 1229 »

181 1240 278 1264 L’abbé
293 1239 327 1263 de
341 1239 454 1263 Citeaux
469 1238 543 1262 vient
563 1238 597 1262 de
612 1238 651 1262 lui
664 1239 816 1269 apprendre
839 1246 892 1270 que
908 1239 1030 1268 l’abbaye
1052 1240 1085 1264 de
1104 1239 1249 1267 Chatillon,

147 1272 211 1302 près
230 1271 346 1298 Verdun,
366 1271 407 1294 est
424 1272 551 1299 vacante;
568 1270 587 1293 il
603 1270 640 1294 lui
656 1270 790 1294 demande
807 1270 841 1294 de
856 1271 882 1294 la
897 1271 964 1295 faire
979 1271 1087 1295 obtenir
1102 1271 1118 1295 à
1134 1277 1183 1295 son
1197 1270 1249 1299 fils,

147 1303 281 1333 religieux
295 1302 388 1332 profès
402 1301 416 1325 à
436 1301 556 1326 Citeaux.

94 1343 128 1371 30
147 1343 281 1377 Brunei
293 1343 300 1377 (
305 1341 489 1370 Marc-Isam
494 1335 585 1375 Fart),
598 1340 722 1368 célèbre
739 1341 921 1377 ingénieur,
934 1342 1072 1370 l’auteur
1084 1342 1124 1370 du
1137 1342 1251 1370 tunnel

148 1387 221 1406 sous
233 1379 263 1406 la
273 1378 410 1410 Tamise,
424 1377 461 1404 né
478 1385 517 1404 en
537 1376 612 1408 1769,
628 1378 708 1404 mort
719 1385 758 1405 en
770 1377 849 1405 1849.
860 1380 893 1406 —
902 1379 1024 1406 Tonnelle
1033 1386 1092 1405 sous
1101 1380 1128 1405 la
1138 1380 1251 1408 Tamise,

149 1414 236 1451 pièce
253 1416 318 1441 aut.
335 1413 360 1441 si
366 1421 411 1449 g.;
429 1412 508 1446 1835,
524 1412 540 1440 3
556 1420 584 1448 p.
602 1412 674 1440 in-4.
1164 1414 1199 1441 25
1236 1424 1251 1440 »

180 1450 334 1480 Important
351 1449 499 1473 document
520 1455 567 1472 sur
582 1448 607 1472 la
623 1449 811 1473 construction
827 1450 861 1473 de
876 1456 925 1474 son
941 1451 1050 1474 fameux
1066 1450 1169 1479 tunnel,
1186 1456 1252 1474 avec

149 1489 186 1506 un
200 1481 292 1505 dessin
306 1480 339 1505 de
352 1481 377 1504 la
393 1480 467 1504 main
483 1480 515 1504 de
533 1480 631 1503 Brunei
648 1480 838 1510 représentant
852 1481 878 1505 la
893 1488 980 1512 coupe
994 1482 1030 1505 du
1046 1481 1085 1506 dit
1100 1481 1204 1505 tunnel.

96 1521 126 1549 31
150 1522 307 1549 Gamden
322 1520 409 1556 (lord
426 1519 480 1548 Ch.
500 1522 583 1552 Hratt,
601 1523 702 1547 comte
715 1520 743 1556 ),
767 1520 891 1548 homme
907 1521 1064 1558 politique
1081 1523 1113 1549 et
1129 1521 1252 1549 célèbre

147 1557 379 1594 jurisconsulte
397 1555 538 1591 anglais,
563 1555 633 1590 pair
648 1556 869 1592 d’Angleterre
890 1561 922 1584 et
943 1557 1043 1593 grand
1061 1557 1252 1590 chancelier,

151 1593 190 1621 né
216 1601 254 1620 en
277 1592 355 1624 1713,
380 1595 464 1620 mort
487 1600 525 1619 en
549 1591 627 1619 1794.
644 1607 677 1611 —
692 1591 726 1620 L.
754 1601 780 1620 a.
806 1601 851 1627 s.;
880 1593 961 1628 1773,
983 1596 993 1620 1
1018 1601 1047 1629 p.
1069 1593 1143 1621 in-i.
1164 1593 1253 1621 Belle

151 1629 260 1657 lettre.
1170 1628 1200 1656 12
1239 1639 1252 1654 »

98 1670 131 1697 32
152 1670 305 1697 Ghalons
317 1667 421 1708 (René
433 1667 498 1703 de),
511 1675 708 1703 personnage
720 1668 844 1696 célèbre
861 1669 898 1696 de
916 1668 946 1697 la
961 1669 1083 1697 famille
1096 1669 1253 1705 d’Orange

152 1714 192 1733 au
208 1713 275 1733 xvn
277 1710 286 1722 e
303 1704 409 1737 siècle,
428 1706 540 1739 parent
555 1703 595 1730 du
613 1703 801 1731 stathouder
816 1704 854 1731 de
870 1704 1037 1733 Hollande.
1050 1722 1083 1725 —
1094 1705 1163 1734 Let.
1180 1706 1253 1741 sig.,

153 1749 228 1768 avec
244 1740 275 1768 la
289 1740 458 1775 souscript.
477 1740 561 1772 aut.,
583 1747 621 1766 en
637 1739 791 1777 français;
816 1740 1003 1775 Bruxelles,
1028 1741 1042 1767 7
1061 1740 1149 1777 janv.
1169 1740 1253 1775 1623,

155 1778 164 1803 1
183 1785 212 1811 p.
230 1776 299 1804 in-f.
317 1774 599 1810 Raccommodage.
1168 1778 1197 1804 11
1239 1787 1253 1803 »

184 1812 276 1836 Lettre
297 1811 424 1836 adressée
446 1818 481 1834 au
505 1811 666 1841 précepteur
689 1811 721 1835 de
744 1818 795 1836 son
818 1811 860 1836 fils
880 1812 1016 1837 Lamoral.
1040 1812 1162 1837 Conseils
1185 1819 1255 1843 pour

154 1843 318 1868 l’éducation
334 1845 360 1866 et
374 1842 559 1867 l’instruction
573 1841 607 1866 de
622 1842 743 1866 l’enfant.

100 1884 133 1912 33
154 1884 264 1918 Gham
280 1884 331 1918 (A.
348 1883 385 1911 de
401 1884 463 1916 Noé,
480 1881 547 1917 dit),
565 1881 593 1909 le
610 1882 759 1918 spirituel
776 1883 1010 1918 caricaturiste,
1035 1885 1119 1912 mort
1134 1884 1254 1912 récem¬

155 1922 253 1947 ment.
268 1935 303 1939 —
318 1918 352 1946 L.
370 1927 397 1946 a.
415 1926 457 1951 s.,
475 1919 485 1944 1
506 1926 537 1954 p.
558 1918 634 1945 in-8.
1186 1919 1202 1947 6
1240 1930 1254 1946 »

187 1955 316 1980 Curieuse
337 1955 424 1978 lettre.
448 1954 497 1978 Ses
516 1953 663 1978 tentatives
684 1954 832 1979 théâtrales
848 1954 958 1985 n’ayant
972 1961 1022 1986 pas
1043 1955 1085 1979 été
1106 1956 1255 1980 heureuses

153 1986 289 2018 jusqu’ici,
302 1986 321 2010 il
337 1992 454 2010 renonce
467 1991 503 2009 au
518 1985 631 2012 théâtre,
648 1986 664 2009 à
680 1992 724 2010 ses
740 1992 855 2017 pompes
870 1988 897 2010 et
911 1987 927 2010 à
940 1993 985 2011 ses
1001 1993 1119 2012 œuvres.

101 2027 135 2055 34
155 2027 441 2058 Gharles-Quint,
458 2033 625 2065 empereur
641 2025 869 2062 d’Allemagne.
885 2042 920 2046 —
935 2027 1003 2055 Let.
1020 2027 1098 2063 sig.,
1122 2036 1159 2055 en
1177 2028 1255 2055 alle¬

154 2063 246 2090 mand
259 2084 264 2092 ,
289 2070 351 2090 aux
379 2061 546 2096 bourgeois
569 2061 606 2088 de
629 2061 835 2095 Brunswick;
862 2062 1063 2099 Augsbourg,
1090 2063 1122 2090 18
1143 2063 1256 2099 juillet

155 2098 234 2132 1550,
249 2098 265 2125 2
283 2107 310 2134 p.
328 2098 397 2125 in-f.
418 2097 552 2133 Légères
568 2097 686 2126 taches.
1170 2099 1203 2126 15
1242 2110 1254 2124 »

189 2134 210 2158 11
225 2134 328 2165 répond
343 2135 359 2158 à
372 2140 426 2158 une
440 2134 518 2157 lettre
533 2139 585 2163 que
600 2133 638 2156 lui
655 2140 671 2157 a
686 2133 812 2158 adressée
827 2133 850 2157 le
864 2134 970 2159 Conseil
987 2135 1020 2158 de
1038 2134 1113 2162 ville;
1130 2135 1148 2158 il
1163 2141 1256 2159 recon-
