1432 2245
552 76 676 120 - 8 -
50 161 85 189 62
103 161 317 194 Ferdinand,
333 161 483 189 archiduc
499 161 693 197 d’Autriche,
709 161 760 190 dis
775 162 812 190 de
828 161 1091 195 Marie-Thérèse,
1109 161 1193 189 frère

103 197 141 224 de
168 197 478 230 Marie-Antoinette,
501 197 670 234 dépossédé
696 206 751 234 par
773 199 817 226 les
841 198 989 235 Français
1005 206 1043 225 en
1061 197 1138 232 1796,
1155 197 1194 225 né

103 241 140 260 en
163 231 241 267 1754,
259 235 342 261 mort
358 241 395 261 en
413 233 490 261 1806.
506 250 541 253 —
560 234 596 261 L.
630 242 657 261 a.
687 242 723 267 s.,
753 242 790 261 en
820 234 967 268 français,
991 242 1029 261 au
1053 233 1194 271 marquis

103 268 312 303 Gherardini;
329 269 363 296 30
378 269 505 297 octobre
523 269 601 303 1779,
614 269 630 296 2
646 277 678 305 p.
699 269 772 297 in-4.
1108 269 1142 296 20
1180 280 1193 294 »

133 305 200 329 Très
216 304 280 336 jolie
299 306 377 330 lettre
396 305 464 329 dans
479 306 593 337 laquelle
612 305 630 329 il
653 305 727 335 parle
744 305 777 330 de
796 305 822 329 la
842 305 985 330 naissance
1000 305 1063 329 d'un
1085 305 1136 334 fils,
1158 305 1194 330 du

103 336 235 361 Carnaval
248 336 281 361 de
297 337 397 368 Naples
407 339 434 360 et
448 337 484 361 du
500 343 603 367 voyage
616 332 680 368 qu’il
695 343 726 360 va
741 337 933 368 entreprendre
947 338 962 361 à
973 340 1077 361 travers
1089 337 1194 365 l'Italie,

103 367 168 392 dont
182 368 207 392 la
222 368 306 392 durée
319 375 352 392 ne
367 375 428 392 sera
442 375 491 399 pas
505 368 629 393 moindre
645 368 677 392 de
693 369 706 392 G
719 369 798 392 mois.

50 399 84 427 63
103 399 216 435 Fesch
256 399 304 435 (le
344 399 520 435 cardinal),
564 399 760 435 archevêque
803 399 840 427 de
880 399 983 433 Lyon,
1028 398 1117 426 oncle
1156 399 1193 426 de

102 434 264 470 Napoléon
278 435 289 463 I
292 440 314 452 er
318 435 415 463 .--L.
432 443 459 463 a.
482 444 508 463 s.
530 443 568 463 au
586 436 711 471 citoyen
728 428 999 470 Ferment;'Nice,
1019 435 1048 462 17
1064 436 1194 462 ventôse

104 479 143 498 an
160 470 208 503 IV,
226 472 236 497 1
259 479 288 506 p.
309 471 382 499 in-4.
1109 470 1142 497 20
1180 480 1194 495 »

134 506 200 531 'très
219 506 343 531 curieuse
367 507 454 531 lettre.
473 507 594 532 L'armée
615 507 719 531 d’Italie
735 507 779 531 n’a
793 506 891 538 jamais
904 507 946 532 été
962 506 989 531 ni
1003 506 1063 537 plus
1081 506 1149 532 lorte
1162 513 1195 530 en

103 538 237 567 hommes,
260 538 287 562 ni
309 539 370 570 plus
389 538 531 562 misérable
546 546 578 563 en
599 540 689 563 toutes
709 542 797 563 sortes
816 539 848 563 de
862 545 988 568 moyens;
1005 538 1055 562 elle
1069 540 1110 562 est
1126 543 1196 562 dans

102 577 156 594 une
173 569 295 594 détresse
309 570 421 594 absolue
438 572 464 594 et
478 570 497 594 il
515 577 548 595 ne
563 570 599 594 lui
618 571 688 594 reste
705 577 757 601 que
773 569 880 601 l’espoir
895 570 928 594 de
944 576 987 594 ses
1007 576 1106 594 armes.
1126 577 1137 592 «
1154 568 1195 594 On

103 607 199 625 assure
214 608 267 632 que
283 601 457 632 Buonaparte
477 601 552 626 vient
569 602 593 626 la
614 602 797 630 commander,
818 602 842 632 je
859 609 891 626 ne
911 601 981 626 m'en
996 600 1097 631 réjouis
1109 601 1194 631 point,

103 632 121 656 il
138 639 170 657 ne
186 635 314 657 trouvera
329 633 362 657 de
379 639 519 658 ressource
542 640 594 664 que
611 634 680 657 dans
699 633 723 657 le
739 633 818 663 génie
833 634 865 657 de
886 633 910 657 la
927 632 1106 664 République,
1127 632 1196 656 dans

102 664 126 688 le
144 664 317 694 patriotisme
335 664 383 688 des
398 664 501 688 soldats
521 667 547 689 et
566 665 635 689 dans
649 664 779 695 l’opinion
799 665 831 689 de
847 665 873 689 la
888 664 961 689 force
977 663 1121 688 nationale.
1137 663 1197 687 Au¬

102 695 196 720 trefois
216 702 252 720 on
272 702 305 720 ne
324 695 481 720 demandait
500 703 569 727 pour
591 696 700 720 vaincre
716 703 768 727 que
784 696 817 721 de
834 696 956 726 l’argent,
974 697 1044 720 cette
1059 702 1134 719 arme
1155 696 1196 719 est

104 727 177 751 nulle
192 734 261 758 pour
277 734 356 752 nous.
376 735 386 750 »

49 759 83 786 64
102 759 241 793 Fieschi
256 758 357 794 (Jos.),
374 758 402 786 le
419 758 546 786 fameux
562 758 714 794 régicide.
723 758 797 787 —L.
815 767 841 787 a.
858 767 882 786 s.
900 757 969 786 àM.
982 757 1195 793 Zangiacomi,

99 794 179 831 juge
191 794 416 823 d’instruction
429 794 505 822 dans
517 795 545 822 le
558 795 666 831 procès
678 794 715 822 de
726 794 866 830 Fieschi;
884 795 895 821 l
900 799 922 811 or
934 793 1104 822 novembre
1116 793 1195 828 1835,

106 832 114 857 1
136 839 167 866 p.
187 830 266 858 in-4.
1110 829 1144 856 25
1182 840 1195 855 »

134 866 334 891 Dénonciation
363 867 456 890 contre
482 865 583 897 Pépin,
609 872 658 890 son
677 866 815 897 complice.
841 879 870 884 —
895 866 915 890 A
942 867 1012 890 cette
1035 866 1110 896 pièce
1134 867 1197 890 sont

104 897 188 929 joints
204 898 243 922 les
256 898 366 929 croquis
380 897 428 922 des
442 897 573 928 portraits
587 897 636 921 des
650 897 773 929 inculpés
788 898 856 922 dans
872 899 941 922 cette
956 897 1057 925 affaire,
1073 897 1197 922 dessinés

103 930 119 953 à
134 929 283 954 l’audience
297 930 331 954 de
346 930 370 953 la
385 929 513 953 chambre
532 929 579 953 des
596 929 674 953 Pairs
695 936 742 959 par
761 930 785 954 le
803 929 855 954 duc
880 929 913 953 de
936 928 1038 958 Morny,
1057 929 1119 959 plus
1136 929 1196 953 tard

102 961 228 985 ministre
251 961 284 985 de
303 961 443 991 Napoléon
464 960 513 984 III.
536 961 585 984 Ces
606 961 715 991 croquis
734 963 796 985 sont
817 967 851 984 au
871 960 984 985 nombre
1006 960 1038 984 de
1060 957 1111 988 six,
1131 961 1198 984 dont

103 1000 141 1017 un
156 992 189 1016 de
211 992 333 1021 Poireau,
356 1000 390 1016 un
406 992 439 1016 de
458 991 550 1023 Pépin,
567 992 638 1017 deux
653 992 686 1016 de
702 992 793 1022 Morey
812 994 838 1016 et
852 992 923 1016 deux
940 992 973 1016 de
992 991 1107 1016 Fieschi.
1128 992 1197 1016 Sous

104 1024 158 1048 l'un
174 1024 206 1048 de
222 1031 266 1048 ces
279 1024 351 1048 deux
363 1024 493 1053 derniers,
509 1023 612 1048 Fieschi
629 1030 644 1047 a
660 1023 727 1048 écrit
744 1026 769 1048 et
785 1024 863 1054 signé
874 1024 906 1048 de
919 1030 949 1047 sa
960 1023 1034 1047 main
1050 1030 1095 1047 ces
1108 1026 1180 1048 mots
1191 1030 1196 1047 :

103 1055 136 1079 Je
159 1062 205 1079 vie
231 1058 335 1080 trouve
363 1054 427 1079 bien
454 1055 517 1080 lait.
542 1054 660 1079 Fieschi.
686 1055 895 1080 L'authenticité
910 1057 943 1079 de
960 1061 1006 1079 ces
1018 1055 1129 1086 croquis
1156 1057 1197 1079 est

104 1088 219 1111 attestée
235 1094 283 1118 par
298 1094 352 1111 une
365 1089 428 1111 note
443 1087 475 1111 de
492 1087 516 1110 M
520 1092 533 1101 n,
536 1091 544 1100 “
559 1086 592 1110 de
605 1086 710 1117 Morny.

49 1119 83 1148 65
103 1119 234 1154 Fleury
257 1118 296 1154 (le
319 1118 460 1145 cardinal
484 1118 543 1152 de),
567 1117 684 1154 évêque
702 1117 738 1145 de
755 1117 878 1154 Fréjus,
895 1117 1033 1153 premier
1051 1118 1197 1145 ministre

104 1155 141 1182 de
158 1154 253 1182 Louis
268 1154 339 1182 XV.
353 1170 383 1174 —
402 1153 494 1182 Pièce
512 1155 579 1182 aut.
599 1154 677 1189 sig.,
694 1153 796 1187 1701,1
812 1162 840 1190 p.
853 1154 929 1181 in-8.
943 1153 1107 1189 Fatiguée.
1129 1154 1145 1180 9
1184 1165 1197 1178 »

51 1191 85 1219 66
104 1191 282 1223 Frédéric,
306 1191 407 1218 comte
431 1190 552 1226 palatin
576 1190 616 1217 du
643 1189 738 1217 Rhin.
754 1206 789 1210 —
810 1190 880 1218 Let.
900 1189 979 1225 sig.,
995 1198 1033 1217 en
1049 1189 1141 1219 latin,
1158 1198 1197 1217 au

104 1226 165 1254 duc
180 1226 217 1254 de
236 1226 345 1259 Milan,
362 1225 512 1264 François
528 1225 645 1257 Sforza,
664 1227 673 1252 1
694 1233 725 1261 p.
746 1226 795 1260 1/2
811 1225 920 1254 in-fol.
1128 1225 1144 1252 6
1182 1236 1195 1251 »

136 1262 157 1286 Il
173 1269 206 1286 va
220 1262 348 1286 défendre
362 1262 402 1286 les
417 1262 502 1286 droits
515 1261 548 1286 de
563 1262 587 1285 la
602 1261 741 1292 princesse
758 1262 791 1286 de
808 1261 970 1288 Danemark,
989 1261 1131 1290 Dorothée,
1148 1268 1198 1286 son

106 1294 215 1325 épouse,
230 1296 256 1318 et
271 1300 380 1323 essayer
393 1294 425 1317 de
441 1293 616 1324 reconquérir
627 1293 652 1317 la
663 1293 758 1322 Suède,
771 1294 794 1318 le
807 1293 961 1318 Danemark
976 1295 1002 1317 et
1015 1293 1039 1317 la
1054 1293 1197 1323 Norwége,

104 1326 221 1356 perdues
236 1332 285 1356 par
298 1325 435 1349 Christian
451 1324 486 1349 IL
497 1324 519 1349 II
534 1325 659 1349 voudrait
677 1325 701 1349 la
720 1325 872 1355 protection
892 1325 1002 1349 efficace
1021 1324 1054 1349 de
1073 1324 1199 1349 Charles-

105 1357 188 1386 Quint
203 1364 237 1381 en
253 1356 340 1381 Italie.

51 1389 84 1416 67
105 1388 398 1423 Freudenberger
427 1387 655 1424 (Sigismond),
687 1387 811 1429 peintre
841 1387 952 1420 suisse,
982 1387 1020 1415 né
1051 1396 1088 1415 en
1120 1388 1198 1422 1745,

105 1426 190 1453 mort
212 1433 250 1452 en
276 1424 355 1452 1801.
380 1440 414 1443 —
438 1423 474 1451 L.
504 1432 534 1451 a.
563 1432 604 1458 s.,
627 1432 666 1451 en
689 1423 838 1460 français,
863 1432 900 1451 au
924 1431 1061 1459 graveur
1080 1423 1198 1459 Wille;

105 1460 220 1492 Berne,
237 1460 269 1487 18
285 1460 350 1488 fév.
370 1459 448 1493 1786,
464 1459 479 1486 2
496 1467 527 1495 p.
548 1459 592 1495 pl.
612 1459 692 1487 in-4.
1114 1459 1147 1487 10
1185 1470 1197 1485 »

137 1495 159 1521 Il
183 1497 222 1521 lui
246 1496 438 1521 recommande
464 1502 500 1519 un
522 1495 602 1526 jeune
623 1495 733 1520 homme
753 1495 785 1519 de
803 1495 906 1520 mérite,
928 1495 990 1520 bien
1010 1495 1084 1520 élevé
1099 1498 1126 1520 et
1140 1495 1199 1520 ins¬

106 1528 180 1557 truit,
202 1528 236 1552 M.
260 1528 293 1552 de
314 1527 415 1555 Tillier,
435 1526 478 1551 fils
501 1527 565 1551 d’un
585 1527 714 1551 sénateur
732 1527 764 1551 de
785 1527 809 1551 la
829 1526 1008 1558 République,
1029 1527 1076 1557 qui
1094 1534 1199 1557 voyage

105 1566 174 1591 pour
190 1559 327 1584 satisfaire
341 1566 390 1584 son
406 1559 473 1589 goût
488 1565 556 1589 pour
570 1559 610 1582 les
625 1558 791 1583 beaux-arts.
808 1557 849 1583 On
865 1559 980 1589 possède
995 1559 1010 1583 à
1029 1559 1116 1583 Berne
1128 1559 1199 1583 deux

105 1591 233 1616 tableaux
251 1591 410 1615 charmants
429 1590 461 1614 de
481 1590 517 1614 M.
536 1590 618 1614 Wille
636 1590 690 1619 fils;
712 1591 737 1614 la
757 1590 819 1614 ville
839 1592 880 1614 est
900 1590 952 1615 fort
971 1590 1067 1615 visitée
1087 1591 1155 1615 dans
1174 1591 1200 1615 la

106 1623 174 1647 belle
190 1623 291 1647 saison.

52 1655 86 1682 68
107 1654 220 1689 Galen
247 1651 764 1689 (Christophe-Bernard-Mathieu
795 1652 853 1688 de),
883 1652 1007 1680 célèbre
1036 1652 1140 1689 prélat
1168 1654 1200 1681 et

106 1689 237 1726 énéral
262 1690 418 1718 allemand
436 1689 477 1717 du
493 1694 572 1717 xvii°
588 1688 694 1721 siècle,
712 1688 829 1724 évêque
846 1688 883 1716 de
899 1688 1054 1723 Munster,
1072 1689 1145 1717 allié
1162 1688 1199 1716 de

105 1725 327 1762 Allemagne,
350 1725 420 1761 puis
442 1725 479 1752 de
499 1724 711 1761 l’Angleterre
728 1727 760 1752 et
776 1724 859 1752 enfin
876 1724 913 1752 de
931 1724 961 1752 la
975 1724 1106 1759 France,
1119 1724 1199 1761 jugé

106 1761 306 1790 sévèrement
321 1769 378 1797 par
393 1760 563 1793 Sismondi,
581 1760 634 1797 qui
650 1760 795 1796 l’appelle
809 1772 821 1784 «
835 1760 1038 1789 Condottière
1055 1760 1170 1794 féroce,
1185 1772 1198 1785 »

107 1797 145 1825 né
168 1806 207 1826 en
233 1797 312 1831 1604,
339 1799 422 1825 mort
446 1805 485 1824 en
511 1796 591 1824 1678.
615 1812 650 1816 —
673 1796 742 1824 Let.
767 1796 829 1832 sig.
850 1804 927 1825 avec,
941 1796 971 1824 la
986 1796 1198 1832 souscription

106 1835 174 1862 aut.
189 1835 206 1861 à
217 1834 247 1861 la
259 1834 418 1870 princesse
431 1832 570 1869 palatine
584 1831 744 1860 Elisabeth
756 1842 763 1865 ;
777 1832 959 1867 Reichtadt,
972 1833 988 1859 4
999 1832 1108 1869 juillet
1120 1832 1198 1866 1668,

106 1871 117 1896 1
138 1878 168 1905 p.
188 1869 314 1903 in-fol.,
330 1869 449 1897 cachet.
467 1868 554 1896 Belle
571 1868 679 1896 lettre.
699 1870 779 1895 Rare.
1113 1868 1146 1895 10
1184 1879 1197 1893 »

49 1904 86 1939 69
107 1906 185 1941 Gay
205 1905 349 1939 Lussac,
379 1904 528 1933 l’illustre
559 1903 716 1937 chimiste,
748 1904 785 1931 né
814 1903 890 1931 dans
919 1903 947 1931 le
973 1904 1148 1932 Limousin.
1165 1920 1200 1924 —

106 1941 143 1969 L.
173 1950 203 1969 a.
231 1950 257 1969 s.
287 1941 305 1968 à
328 1941 372 1969 M.
401 1940 570 1976 Bergerot;
595 1939 858 1974 Saint-Léonard,
881 1939 913 1967 10
935 1939 1099 1968 décembre
1120 1939 1198 1973 1842,

104 1977 120 2004 3
136 1985 167 2013 p.
188 1977 268 2005 in-4.
287 1976 375 2005 Belle
392 1976 487 2004 lettre
506 1975 721 2011 scientifique.
1130 1976 1146 2002 6
1184 1987 1197 2001 »

53 2012 87 2041 70
107 2014 229 2049 Genlis
254 2014 294 2049 (la
320 2013 472 2041 comtesse
493 2011 553 2048 de),
577 2010 699 2039 célèbre
723 2011 836 2039 femme
857 2012 983 2045 auteur,
1000 2011 1198 2039 institutrice

106 2049 147 2077 du
159 2049 207 2077 roi
220 2048 490 2089 Louis-Philippe.
499 2047 574 2075 —L.
591 2055 620 2074 a.
637 2056 663 2075 s.
680 2048 697 2074 à
708 2047 751 2075 M.
767 2047 914 2084 Després;
927 2056 989 2076 aux
1001 2047 1199 2082 Carmélites,

106 2086 138 2113 17
143 2085 219 2123 juil.
228 2085 327 2120 1816,1
339 2093 368 2123 p.
376 2086 439 2122 pet.
447 2084 522 2113 in-4.
529 2083 606 2112 Très
610 2082 691 2119 jolie
700 2083 797 2112 lettre
806 2091 916 2112 surses
925 2092 1091 2120 ouvrages.
1113 2083 1146 2110 12
1184 2094 1197 2108 »
