1432 2245
574 116 605 142 -
627 115 660 142 10
678 132 713 135 —

131 191 236 220 çais.en
253 191 394 219 Hollande,
409 191 427 215 il
443 198 458 215 a
470 192 506 216 dù
521 191 699 216 abandonner
714 191 882 216 l’université
895 192 928 216 de
944 191 1033 222 Leyde
1045 193 1072 216 et
1086 198 1116 217 se
1132 192 1228 216 retirer

131 223 194 253 près
211 222 244 246 de
259 222 379 254 l’évêque
396 223 428 246 de
445 222 600 247 Paderborn
616 224 651 247 où
669 223 687 247 il
702 230 719 247 a
734 224 792 254 pris
807 224 847 248 les
862 230 931 247 eaux
946 223 979 247 de
997 223 1189 254 Lippspringe.
1207 223 1228 247 Il

133 253 200 278 n’est
215 254 304 278 arrivé
319 255 335 278 à
353 255 491 278 Francfort
504 254 629 286 qj’après
644 255 668 278 la
684 254 751 279 foire
766 261 820 279 aux
833 254 922 281 livres,
937 255 952 278 à
967 261 1049 279 cause
1062 254 1098 279 du
1111 261 1228 285 passage

131 285 179 309 des
195 288 306 316 troupes
320 285 614 316 brandebourgeoises;
632 286 650 310 il
665 293 681 310 a
696 293 732 316 pu
746 286 899 317 cependant
912 292 941 310 se
954 293 1083 316 procurer
1098 286 1137 310 les
1150 287 1229 310 notes

131 316 164 340 de
184 316 255 341 deux
274 318 385 341 savants
403 324 450 341 sur
468 317 565 341 Yalère
584 317 703 341 Maxime
721 319 747 341 et
767 317 876 350 Sulpice
896 317 1005 346 Sévère;
1026 318 1044 341 il
1065 324 1081 347 y
1100 324 1115 341 a
1134 324 1170 341 vu
1191 317 1230 341 les

132 348 267 372 électeurs
284 348 316 373 de
333 348 463 379 Mayence
478 351 504 372 et
521 349 554 372 de
571 348 774 377 Brandebourg,
794 349 818 373 le
837 349 890 373 duc
907 349 940 373 de
958 349 1098 373 Lorraine.
1115 349 1154 373 De
1169 348 1194 373 là
1210 348 1229 372 il

132 379 198 403 s’est
221 379 309 408 dirigé
332 387 380 404 sur
408 380 582 410 Heidelberg,
607 381 670 411 près
694 380 831 405 l’électeur
854 380 971 411 palatin,
997 387 1012 404 a
1037 380 1117 404 visité
1142 380 1228 411 Spire,

133 410 253 440 Worms,
270 411 399 440 Mayence
413 413 440 435 et
451 411 628 436 Wiesbaden.
640 411 662 436 11
674 418 689 435 a
702 412 846 436 rencontré
859 413 874 435 à
887 412 1005 442 Cologne
1020 412 1045 436 le
1059 411 1185 436 ministre
1197 411 1231 436 de

134 443 234 467 Prusse
248 442 405 473 Spanheim,
422 445 476 467 etc.

80 482 113 509 82
133 483 244 509 Henri
266 484 328 516 IV,
350 482 397 510 roi
421 482 458 510 de
481 482 611 510 France.
627 499 663 503 —
678 482 711 510 L.
733 491 760 511 a.
782 491 806 511 s.
828 483 845 510 à
865 482 908 510 M.
929 482 966 510 de
987 482 1212 511 Saint-Geniès
1222 492 1229 515 ;

133 517 177 553 (20
193 518 321 546 octobre
338 518 428 552 1587),
444 518 460 545 2
475 526 503 553 p.
521 518 562 554 pl.
580 518 698 551 in-fol.,
715 518 852 546 montée.
1143 518 1176 545 40
1215 528 1228 543 »

168 554 337 584 Importante
357 554 435 579 lettre
458 554 608 585 historique
627 554 710 578 écrite
730 556 813 579 avant
834 555 860 578 la
880 554 991 579 bataille
1012 554 1045 578 de
1064 553 1186 578 Contras.
1208 554 1230 578 Il

133 585 187 609 sait
201 592 250 616 par
265 592 319 609 une
338 586 416 610 lettre
431 586 464 610 de
480 586 514 610 M.
530 585 563 610 de
581 586 722 615 Matignon
738 593 773 610 au
790 586 907 617 premier
923 585 1063 616 président
1077 585 1113 609 du
1132 585 1230 609 Parle¬

134 620 209 640 ment
233 617 266 641 de
288 617 424 641 Toulouse
449 624 501 648 que
526 616 635 641 l’armée
658 617 693 641 du
718 617 771 641 duc
796 618 829 641 de
852 617 972 647 Joyeuse
997 624 1027 641 se
1052 623 1170 647 propose
1197 616 1231 640 de

134 652 271 672 remonter
286 648 311 672 la
326 648 453 673 Garonne
468 655 537 679 pour
551 648 663 673 rétablir
677 649 701 672 le
716 655 871 673 commerce
886 650 913 672 et
927 648 968 672 les
982 648 1232 673 communications

133 686 198 705 avec
220 680 374 710 Bordeaux;
395 680 435 704 les
454 681 579 704 ennemis
598 682 661 704 sont
680 680 741 711 déjà
763 681 779 704 à
802 681 875 704 Pons
896 679 1229 711 (Charente-Inférieure):

133 718 182 736 son
198 711 306 735 dessein
322 713 364 736 est
379 712 411 736 de
427 711 576 736 ravitailler
594 712 690 737 Nérac,
707 712 826 742 Cleyrac,
844 710 1021 741 Casteljelous
1035 712 1062 735 et
1077 711 1196 740 Castets;
1213 711 1232 735 il

134 743 230 767 envoie
246 742 315 767 donc
330 743 355 767 le
370 743 444 767 sieur
457 742 490 767 de
506 743 544 767 La
559 743 643 767 Barre
658 750 690 767 en
709 743 795 767 Béarn
809 750 879 774 pour
894 749 1020 767 ramener
1035 742 1068 767 de
1080 743 1105 766 la
1118 742 1232 773 poudre.

81 782 115 810 83
134 783 368 823 Herberstein
393 783 621 823 (Sigismond),
647 782 769 810 célèbre
799 783 971 817 diplomate
1001 782 1160 810 allemand
1190 782 1231 810 du

135 827 188 846 xvi
191 823 201 836 e
225 818 335 852 siècle,
362 818 509 846 ministre
535 818 572 846 de
598 818 788 854 l’empereur
813 818 1011 846 Maximilien
1037 818 1049 845 I
1052 823 1076 838 er
1084 840 1091 851 ,
1117 819 1234 846 auteur

136 854 227 882 d’une
253 856 369 882 Histoire
392 855 424 882 de
447 856 585 888 Moscovie,
613 863 653 882 un
680 854 733 883 des
757 854 912 890 premiers
937 862 1094 889 ouvrages
1118 854 1169 889 qui
1197 854 1234 882 fit

135 889 299 918 connaître
322 898 355 918 ce
379 898 465 926 pays.
479 906 509 910 —
527 891 619 918 Pièce
643 890 714 926 sig.,
739 890 822 924 1541,
847 892 855 917 1
883 899 910 926 p.
934 890 1001 917 in-4
1024 890 1098 924 obi.,
1122 898 1230 917 sceau.

140 930 215 953 are.
1147 925 1181 953 30
1219 937 1232 951 »

83 962 116 989 84
135 961 235 997 Hoey
251 961 305 996 (Cl.
323 961 382 997 de),
399 961 521 989 célèbre
539 961 662 997 peintre
679 962 719 991 du
736 970 804 989 xvn
807 967 818 982 e
834 961 940 994 siècle,
958 961 1011 997 qui
1029 960 1179 989 travailla
1194 970 1233 989 au

136 997 269 1025 château
285 997 322 1025 de
339 997 602 1028 Fontainebleau,
618 998 668 1025 fils
687 998 724 1025 de
741 997 832 1030 Jean,
851 997 1033 1025 beau-frère
1050 997 1090 1024 du
1112 997 1235 1033 peintre

137 1033 311 1061 Fréminet.
320 1050 355 1053 —
366 1033 459 1061 Pièce
476 1034 553 1070 sig.;
571 1034 649 1067 1625,
667 1033 682 1061 3
698 1042 727 1069 p.
745 1034 795 1068 1/2
812 1034 892 1061 in-4.
1151 1034 1176 1060 H
1221 1044 1235 1058 »

83 1079 117 1106 85
136 1078 344 1114 Holstenius
369 1078 468 1114 (Luc),
492 1078 589 1114 grand
615 1078 733 1112 érudit,
759 1078 1001 1106 bibliothécaire
1025 1078 1065 1106 du
1089 1078 1236 1112 Vatican,

138 1114 175 1142 né
192 1122 230 1141 en
250 1114 330 1148 1596,
348 1116 431 1142 mort
451 1123 489 1141 en
507 1114 619 1142 1661.—
639 1114 655 1141 2
675 1114 696 1142 1.
714 1123 740 1142 a.
758 1123 781 1142 s.
800 1117 832 1142 et
848 1116 858 1141 1
879 1114 933 1142 let.
951 1116 1035 1147 aut.,
1051 1122 1089 1141 en
1107 1114 1203 1147 latin,
1221 1114 1238 1141 à

137 1150 316 1178 Ferdinand
334 1150 371 1177 de
390 1150 607 1186 Furstenberg
623 1153 655 1178 et
673 1158 712 1178 au
729 1150 872 1178 cardinal
889 1150 996 1185 Ghisi;
1014 1150 1092 1184 1653,
1110 1150 1125 1177 4
1142 1157 1169 1186 p.
1189 1150 1236 1177 in¬

137 1185 191 1213 fol.
208 1188 240 1213 et
255 1185 270 1212 2
287 1194 315 1222 p.
333 1186 383 1220 1/2
400 1186 476 1214 in-4.
495 1186 739 1214 Intéressantes.
1151 1185 1184 1212 13
1223 1196 1236 1211 »

85 1231 118 1258 86
138 1232 321 1266 Hommius
337 1230 480 1266 (Festus),
497 1230 620 1259 célèbre
636 1230 832 1266 théologien,
850 1230 998 1258 ministre
1017 1231 1034 1257 à
1050 1230 1165 1265 Leyde,
1182 1230 1236 1266 qui

138 1275 169 1294 se
190 1266 355 1302 distingua
374 1275 413 1294 en
436 1266 592 1294 Hollande
615 1266 692 1294 dans
716 1266 745 1294 la
766 1267 892 1303 dispute
915 1267 969 1294 des
990 1266 1186 1294 Gomaristes
1206 1268 1239 1294 et

138 1302 192 1330 des
211 1303 408 1336 Arminiens,
428 1304 543 1330 auteur
563 1302 749 1338 d’ouvrages
771 1303 807 1330 de
829 1304 1047 1335 controverse,
1065 1302 1237 1330 secrétaire

139 1338 179 1366 du
204 1338 321 1374 synode
344 1338 381 1365 de
404 1338 581 1366 Dordrecht
604 1347 641 1366 en
666 1338 748 1371 1618,
774 1339 811 1366 né
834 1347 873 1366 en
898 1339 974 1366 1576.
984 1355 1019 1358 —
1030 1338 1064 1366 L.
1088 1346 1115 1366 a.
1139 1346 1176 1372 s.,
1200 1347 1235 1365 en

141 1374 236 1408 latin,
254 1374 271 1401 à
290 1373 424 1402 Sibrand
446 1374 589 1402 Lubbert
608 1374 740 1410 (célèbre
762 1374 895 1402 docteur
913 1383 951 1402 en
974 1374 1150 1410 théologie,
1167 1382 1239 1410 pro¬

140 1411 263 1437 fesseur
278 1410 296 1437 à
312 1409 500 1437 l’Académie
517 1410 553 1437 de
570 1410 742 1441 Francher,
758 1410 813 1446 qui
833 1410 947 1438 assista
962 1411 1045 1438 aussi
1064 1419 1103 1437 au
1120 1410 1239 1446 synode

140 1445 177 1473 de
195 1445 397 1480 Dordrecht);
414 1446 531 1481 Leyde,
549 1446 581 1473 10
597 1447 657 1474 oct.
675 1446 753 1479 1607,
775 1447 782 1473 1
802 1454 830 1482 p.
848 1445 958 1475 in-fol.
1154 1446 1187 1473 16
1226 1457 1239 1470 »

177 1481 248 1506 Belle
264 1481 347 1512 pièce.
365 1482 386 1505 Il
403 1488 417 1505 a
434 1482 518 1506 remis
535 1488 565 1506 sa
580 1483 658 1506 lettre
673 1482 689 1506 à
704 1482 797 1507 Pierre
812 1482 935 1510 Bertius;
958 1482 975 1505 il
995 1482 1033 1506 lui
1050 1482 1123 1512 parle
1142 1481 1241 1507 d’élec¬

142 1513 214 1537 tions
230 1513 356 1537 relatives
370 1514 386 1537 à
403 1513 568 1538 l’Académie
584 1513 617 1537 de
633 1513 775 1538 Francher.
793 1514 817 1537 A
832 1514 931 1544 Leyde,
948 1520 983 1538 on
1001 1521 1034 1538 ne
1049 1515 1114 1537 veut
1128 1519 1178 1543 pas
1192 1513 1242 1538 des

144 1544 278 1574 Français,
294 1551 330 1569 on
345 1545 385 1569 les
402 1545 498 1569 trouve
513 1547 573 1575 trop
589 1545 749 1570 bouillants.

88 1585 121 1613 87
142 1585 268 1621 Ingres
303 1584 793 1629 (Jean-Baptiste-Dominiq^ue),
826 1585 952 1613 illustre
987 1585 1111 1621 peintre
1146 1584 1240 1612 d’his¬

141 1621 239 1654 toire,
265 1621 303 1648 né
329 1629 367 1648 en
397 1621 476 1654 1781,
503 1623 585 1649 mort
609 1629 648 1648 en
674 1621 752 1649 18o7.
771 1637 804 1640 —
824 1621 859 1649 L.
887 1631 915 1649 a.
940 1629 963 1649 s.
990 1629 1029 1648 au
1055 1621 1157 1648 comte
1188 1621 1241 1656 (de

143 1656 288 1692 Forbin);
304 1656 337 1683 26
354 1657 532 1693 septembre
551 1657 628 1689 1830,
646 1658 656 1683 1
676 1665 705 1693 p.
722 1656 803 1685 in-8.
1157 1656 1189 1683 12
1228 1667 1241 1682 »

178 1693 201 1717 Il
222 1695 336 1717 consent
355 1693 371 1716 à
391 1700 421 1717 ce
441 1700 494 1724 que
512 1700 562 1718 son
582 1693 691 1718 tableau
707 1692 739 1717 de
759 1692 853 1723 Roger
868 1695 896 1717 et
911 1692 1070 1724 Angélique
1087 1692 1141 1716 soit
1159 1692 1243 1722 gravé

143 1731 191 1755 par
207 1724 241 1749 M.
257 1724 383 1748 Potrelle.

90 1760 123 1788 88
142 1760 378 1795 Jacquemont
393 1759 536 1795 (Victor),
553 1759 582 1787 le
599 1759 721 1787 célèbre
737 1767 902 1795 voyageur
918 1759 994 1786 dans
1011 1758 1118 1787 l’Inde.
1127 1775 1162 1778 —
1173 1758 1241 1787 Let.

144 1798 208 1824 aut.
221 1805 237 1823 a
248 1804 302 1824 son
317 1796 404 1831 père;
414 1795 606 1827 New-York,
618 1789 873 1823 12-14décembre
891 1795 990 1829 1826,3
1004 1803 1030 1830 p.
1044 1794 1117 1823 in-4.
1157 1794 1191 1821 20
1230 1805 1242 1820 »

178 1832 244 1856 Très
267 1832 451 1856 intéressante
475 1832 553 1855 lettre
576 1832 611 1856 où
635 1831 654 1855 il
678 1838 803 1856 annonce
828 1838 879 1856 son
904 1831 1010 1855 arrivée
1032 1832 1048 1855 à
1074 1830 1243 1858 New-York,

145 1866 256 1888 raconte
271 1870 316 1888 ses
330 1863 426 1887 visites
440 1864 466 1887 et
483 1869 583 1894 expose
599 1869 643 1887 ses
658 1863 761 1894 projets
776 1863 809 1887 de
824 1869 940 1893 voyage.

91 1903 125 1931 89
144 1904 252 1939 Janin
272 1903 396 1939 (Jules),
418 1902 447 1931 le
469 1902 578 1939 prince
599 1902 653 1931 des
673 1903 838 1939 critiques.
847 1919 883 1923 —
894 1903 927 1930 L.
950 1910 976 1930 a.
998 1902 1021 1930 s.
1045 1902 1062 1929 à
1083 1902 1124 1930 M.
1146 1901 1244 1936 Gavé;

145 1939 223 1971 1836,
242 1941 250 1966 1
273 1947 300 1975 p.
318 1939 391 1967 in-8.
409 1938 512 1975 Léger
528 1940 801 1975 raccommodage.
1160 1937 1192 1964 10
1230 1948 1244 1962 »

181 1976 199 2000 G
204 1976 246 2000 bal
253 1978 346 1999 mante
361 1976 447 2006 épitre
462 1982 510 1999 sur
526 1975 560 1999 M.
576 1975 682 1999 Thiers.
700 1984 711 1998 «
728 1975 780 2000 Les
795 1974 936 1999 moindres
951 1974 1039 1998 désirs
1052 1974 1085 1998 de
1101 1973 1134 2000 M.
1150 1973 1246 1997 Thiers

145 2009 333 2032 entraîneront
349 2006 473 2037 toujours
489 2008 565 2032 toute
581 2013 644 2031 mon
661 2007 822 2032 obéissance
838 2013 844 2030 :
865 2007 897 2031 Je
913 2006 971 2031 suis
986 2006 1019 2030 de
1034 2012 1080 2029 ma
1096 2007 1192 2030 nature
1207 2012 1245 2028 un

146 2039 248 2063 animal
269 2038 477 2063 reconnaissant
496 2040 521 2062 et
541 2038 653 2066 dévoué,
675 2040 701 2062 et
720 2038 859 2063 d’ailleurs
881 2038 904 2062 le
925 2037 1039 2062 nombre
1058 2037 1091 2062 de
1111 2043 1179 2061 ceux
1199 2036 1246 2067 qui

146 2072 192 2094 ont
211 2070 252 2095 été
272 2070 342 2095 bons
362 2076 430 2101 pour
451 2069 520 2098 moi,
542 2070 611 2094 n’est
632 2076 680 2100 pas
701 2070 724 2094 si
743 2070 831 2099 grand
852 2076 920 2100 pour
940 2075 992 2100 que
1011 2068 1036 2099 je
1056 2068 1133 2099 n’aye
1153 2074 1203 2098 pas
1222 2067 1246 2091 le

147 2101 223 2126 loisir
237 2101 270 2126 de
286 2101 357 2126 m’en
373 2101 512 2126 souvenir.
531 2109 541 2123 »
