1432 2245
589 129 622 133 —
643 114 677 140 U
696 129 732 133 —

145 188 205 213 chai
220 189 278 213 doit
292 195 358 213 onze
374 191 437 213 cent
451 189 526 213 mille
540 190 631 213 francs
646 190 661 213 à
677 189 828 214 l’ancienne
842 189 903 213 liste
918 189 996 213 civile
1010 192 1037 213 et
1049 196 1102 221 que
1115 188 1184 213 dans
1200 195 1244 213 ces

146 220 303 244 conditions
315 220 333 245 il
349 221 387 244 lui
401 223 443 245 est
458 221 617 251 impossible
633 220 796 245 d’autoriser
809 227 863 245 une
877 220 1042 251 disposition
1057 221 1090 245 de
1103 221 1126 245 la
1148 221 1244 245 nature

146 251 179 275 de
195 251 260 276 celle
273 252 338 276 dont
351 252 370 276 il
383 251 556 276 l’entretient.

75 283 126 311 130
145 284 311 317 Morville
326 282 477 317 (G.-J.-B.
493 285 618 311 Fleuriau
634 283 692 319 de),
708 283 833 311 célèbre
850 283 974 311 homme
991 282 1105 317 d’Etat,
1123 282 1244 311 ambas¬

146 318 262 346 sadeur
277 328 314 346 en
332 318 500 353 Hollande,
524 319 663 347 membre
680 319 717 347 de
739 319 927 347 l’Académie
952 318 1109 351 française
1124 340 1132 353 ,
1149 319 1186 346 né
1206 327 1244 346 en

147 354 225 386 1686,
245 357 329 382 mort
344 363 382 382 en
400 354 477 383 1732.
489 371 524 374 —
534 355 567 382 L.
585 363 612 383 a.
628 363 664 388 s.,
683 357 692 382 1
713 363 742 390 p.
760 355 837 382 in-4.
855 354 943 383 Belle
960 354 1068 382 lettre.
1161 355 1193 381 15
1231 365 1244 378 »

76 390 122 418 131
147 391 273 426 Muller
288 390 469 426 (J.-H.-F.),
486 390 609 418 célèbre
631 393 742 419 acteur
762 393 794 418 et
814 394 930 418 auteur
952 390 1151 426 dramatique
1169 390 1246 417 alle¬

147 426 252 458 mand,
277 426 425 454 créateur
448 426 486 453 du
512 425 612 454 ballet
636 427 653 454 à
674 426 815 460 Vienne,
838 426 969 462 protégé
995 426 1032 453 de
1057 425 1247 462 l’empereur

146 461 261 497 Joseph
279 462 316 495 II,
334 462 371 489 né
392 470 431 489 en
448 462 527 496 1738,
543 463 627 489 mort
642 470 679 490 en
698 462 776 491 1815.
786 478 819 483 —
830 463 862 490 L.
882 470 909 490 a.
926 470 967 497 s.;
989 461 1068 496 1763,
1086 463 1095 488 1
1116 470 1144 497 p.
1162 461 1245 496 in-f.,

147 497 268 525 cachet.
283 497 425 533 Superbe
443 498 549 526 lettre.
565 499 645 525 Rare.
1161 497 1194 524 14
1231 507 1245 522 »

76 533 126 560 132
146 534 305 569 Naigeon
320 533 441 569 (J.-S.),
459 533 582 561 célèbre
599 533 785 574 philosophe
808 532 848 561 du
871 538 966 561 xviii»
989 532 1096 561 siècle.
1111 549 1146 553 —
1160 532 1195 560 L.
1212 541 1242 560 a.

146 577 188 597 s.:
207 569 284 602 1784,
302 570 313 595 1
334 577 360 605 p.
379 570 390 596 1
400 569 429 603 /2
447 569 524 602 in-4,
541 568 661 597 cachet.
678 569 767 597 Belle
783 569 890 597 lettre.
1161 568 1194 596 15
1232 578 1245 593 «

76 604 127 632 133
146 606 328 639 Napoléon
343 606 358 633 I
362 610 376 625 e
379 610 403 639 r,
416 613 584 641 empereur
595 605 649 633 des
664 604 823 636 Français.
834 621 869 625 —
879 605 947 633 Let.
960 603 1020 640 sig.
1036 606 1070 633 N.
1088 613 1127 632 au
1144 606 1245 632 comte

147 640 184 667 de
201 640 408 675 Montalivet;
426 640 532 675 Paris,
549 641 579 668 11
597 649 681 669 mars
698 634 777 675 1808,
794 642 804 667 1
825 649 853 676 p.
870 640 946 668 in-4.
1161 640 1194 667 16
1232 650 1246 665 »

184 676 315 701 Curieuse
325 676 403 701 lettre
416 683 464 701 sur
473 677 500 701 la
515 677 703 702 construction
716 677 780 701 d’un
795 677 898 701 certain
910 676 1024 701 nombre
1033 676 1166 700 d’écluses
1178 676 1246 700 dans

147 707 221 736 l’Est,
243 709 270 732 et
285 715 333 732 sur
354 709 393 733 les
413 710 528 732 travaux
547 708 580 733 de
595 709 621 733 la
638 708 731 733 Marne
746 715 814 739 pour
828 708 1026 739 perfectionner
1041 714 1070 731 sa
1087 707 1245 737 navigation

148 741 224 763 entre
241 739 318 764 Paris
333 741 359 763 et
376 739 565 764 Saint-Dizier.

76 770 127 797 134
145 771 328 805 Napoléon
343 772 403 804 III,
419 778 588 806 empereur
604 770 657 798 des
673 770 834 809 Français.
844 787 870 791 —
889 770 957 798 Let.
971 770 1030 806 sig.
1048 778 1086 798 au
1104 770 1245 798 cardinal

147 806 309 841 Barnabe;
323 806 355 833 15
363 805 492 842 janvier
503 806 582 840 1867,
595 807 604 833 1
620 814 646 842 p.
661 807 743 841 in-f.,
756 815 860 834 sceau.
873 806 1014 842 Superbe
1027 806 1125 842 pièce.
1162 806 1194 833 15
1232 815 1246 831 »

76 846 128 874 135
147 847 287 882 Necker
317 847 365 882 (M
370 851 400 864 me
411 846 438 882 ),
468 846 583 882 épouse
618 846 658 874 du
694 846 860 881 ministre,
896 847 1010 874 femme
1047 845 1171 874 célèbre
1205 846 1246 874 du

146 887 237 910 xvm°
259 882 366 910 siècle.
381 898 417 902 —
434 882 466 909 L.
484 891 510 910 a.
527 890 552 910 s.
576 882 593 909 à
613 882 792 910 Bernardin
818 882 855 910 de
881 882 1114 916 Saint-Pierre;
1141 882 1247 910 Saint-

148 918 248 951 Ouen,
266 917 343 951 1773,
360 917 376 944 2
391 926 420 954 p.
438 917 515 951 in-8,
533 917 652 945 cachet.
674 920 755 946 Rare.
1162 917 1196 945 25
1233 927 1246 943 »

185 954 351 978 Charmante
366 954 453 985 épitre
466 961 513 978 sur
525 954 549 978 la
563 954 666 978 lecture
681 953 746 978 d’un
761 960 881 984 ouvrage
894 954 927 978 de
940 953 1092 978 Bernardin
1108 953 1141 978 de
1157 953 1248 978 Saint-

151 985 252 1010 Pierre.

77 1020 127 1048 136
147 1021 280 1056 Nelson
297 1020 451 1056 (Horace),
470 1021 497 1048 le
514 1020 585 1056 plus
601 1021 730 1049 illustre
745 1020 848 1048 marin
860 1020 961 1056 qu’ait
972 1029 1010 1048 eu
1023 1020 1246 1057 l’Angleterre.

146 1072 181 1076 —
198 1056 229 1084 L.
248 1065 274 1084 a.
291 1065 315 1084 s.
333 1057 350 1083 à
366 1056 439 1092 lady
455 1056 634 1092 Hamilton;
652 1057 670 1084 à
686 1056 761 1084 bord
780 1056 817 1084 de
833 1056 864 1084 la
884 1057 1001 1091 Victory,
1025 1056 1059 1083 30
1082 1056 1248 1084 décembre

148 1092 226 1125 1804,
243 1093 258 1119 4
274 1100 303 1128 p.
321 1092 362 1128 pl.
380 1092 458 1120 in-4.
1145 1091 1196 1119 100
1233 1103 1247 1117 »

185 1128 305 1159 Superbe
320 1128 408 1153 lettre.
422 1127 444 1152 Il
460 1128 498 1152 lui
515 1134 614 1152 accuse
630 1127 769 1158 réception
784 1128 817 1152 de
831 1134 862 1151 sa
872 1127 997 1152 dernière
1009 1128 1088 1152 lettre
1103 1129 1138 1152 où
1151 1128 1201 1152 elle
1211 1128 1248 1152 lui

147 1161 295 1189 annonçait
307 1166 357 1184 son
370 1166 475 1189 voyage
487 1159 556 1183 dans
571 1159 595 1183 le
612 1159 723 1183 Norfolk
734 1166 799 1183 avec
813 1165 844 1183 sa
858 1167 868 1181 »
877 1159 942 1183 dear
954 1159 1082 1190 adoptive
1092 1159 1128 1184 H*
1140 1168 1151 1183 »
1168 1159 1249 1184 c’est-

147 1190 237 1214 à-dire
253 1198 282 1214 sa
299 1190 379 1215 chère
395 1190 449 1215 fille
462 1190 588 1221 adoptive
603 1190 725 1219 Horatia,
743 1191 809 1220 âgée
822 1190 894 1214 alors
909 1190 943 1214 de
960 1192 1055 1221 quatre
1071 1198 1129 1219 ans,
1149 1190 1172 1215 Il
1183 1197 1250 1215 vou¬

149 1222 221 1246 drait
237 1222 344 1246 revenir
360 1229 392 1246 en
410 1222 571 1252 Angleterre
588 1228 657 1253 pour
672 1228 701 1246 se
716 1222 836 1251 rétablir,
855 1224 904 1246 etc.

76 1257 126 1285 137
147 1257 321 1293 Nemours
347 1257 459 1293 (Louis
477 1257 617 1285 d’Orléans
622 1279 628 1289 ,
645 1257 704 1285 duc
721 1257 779 1293 de),
797 1257 847 1285 fils
868 1257 905 1284 de
929 1257 1199 1293 Louis-Philippe.
1215 1273 1249 1276 —

149 1293 181 1321 !..
198 1302 225 1320 a.
243 1301 267 1321 s.
284 1294 299 1321 à
315 1293 346 1321 la
361 1293 585 1330 marquise...;
602 1292 636 1320 25
648 1292 777 1329 janvier
793 1292 871 1327 1840,
889 1294 900 1319 1
920 1301 948 1329 p.
965 1293 1039 1321 in-8.
1058 1293 1248 1321 Charmante

148 1328 261 1363 épitre.
1180 1328 1196 1355 6
1233 1340 1247 1354 »

77 1363 127 1392 138
147 1365 360 1400 Nesselrode
390 1364 611 1400 (Ch.-Robert,
634 1368 736 1392 comte
760 1364 824 1399 de),
852 1372 894 1391 un
924 1364 977 1392 des
1007 1364 1077 1401 plus
1108 1364 1248 1392 célèbres

147 1400 336 1436 diplomates
353 1400 390 1428 de
406 1408 462 1428 son
479 1402 592 1436 temps,
609 1399 791 1427 chancelier
807 1399 844 1427 de
862 1399 1002 1436 l’empire
1019 1400 1056 1428 de
1072 1400 1199 1428 Russie.
1214 1416 1250 1420 —

150 1436 180 1463 L.
199 1444 225 1463 a.
244 1444 279 1467 s.,
296 1444 336 1464 en
351 1435 500 1474 français,
519 1444 558 1463 au
576 1436 667 1471 poète
683 1435 833 1470 Petroni;
850 1435 953 1470 Paris,
971 1436 1050 1470 1810,
1069 1436 1119 1471 1/2
1132 1444 1159 1472 p.
1173 1436 1248 1470 in-4,

149 1465 269 1499 cachet.
1179 1471 1195 1498 6
1233 1483 1247 1497 »

77 1511 128 1538 139
148 1512 226 1546 Ney
250 1510 414 1547 (Michel),
440 1510 549 1547 prince
570 1512 607 1539 de
629 1511 659 1539 la
681 1510 856 1545 Moskowa,
874 1511 1001 1540 illustre
1026 1511 1185 1540 maréchal
1211 1511 1247 1539 de

150 1546 310 1583 l’Empire.
326 1562 357 1567 —
376 1547 444 1575 Let.
462 1549 527 1574 aut.
545 1547 562 1574 à
578 1547 618 1575 M.
636 1546 826 1574 d'Odeleben
844 1546 1001 1583 (écrivain
1018 1547 1175 1576 allemand
1194 1547 1248 1583 qui

148 1583 249 1611 suivit
270 1582 433 1618 Napoléon
457 1582 597 1618 pendant
619 1582 649 1610 la
673 1590 846 1618 campagne
872 1582 908 1610 de
934 1583 1046 1618 Saxe),
1068 1582 1143 1620 juin
1169 1583 1248 1617 1813,

149 1620 160 1645 1
182 1626 210 1654 p.
227 1619 277 1653 1/4
292 1618 370 1646 in-8.
1162 1618 1196 1646 20
1233 1630 1247 1644 »

187 1655 283 1679 Lettre
297 1654 460 1686 historique
475 1654 558 1678 écrite
573 1654 653 1684 après
667 1654 692 1678 la
713 1654 822 1678 bataille
841 1653 874 1678 de
893 1654 1023 1679 Bautzen.
1039 1654 1060 1678 Il
1076 1654 1216 1679 l’autorise
1233 1655 1249 1679 à

149 1685 217 1710 faire
232 1693 269 1710 un
288 1688 400 1717 rapport
412 1692 459 1709 sur
471 1687 540 1709 cette
556 1685 664 1709 bataille
684 1687 711 1710 et
727 1692 774 1709 sur
792 1685 817 1709 la
837 1685 948 1710 marche
963 1686 996 1710 de
1011 1685 1120 1710 l’armée
1140 1686 1249 1717 jusqu’à

150 1723 180 1741 ce
195 1717 268 1748 jour;
285 1717 303 1740 il
316 1719 393 1741 entre
408 1717 478 1741 dans
492 1717 540 1740 des
555 1716 653 1741 details
668 1723 716 1741 sur
738 1717 763 1741 la
783 1716 947 1748 disposition
967 1718 1015 1742 des
1037 1717 1144 1748 esprits.
1168 1717 1190 1741 Il
1208 1720 1249 1742 est

149 1748 280 1779 probable
296 1748 376 1778 qu’on
389 1748 430 1772 ira
443 1748 549 1772 bientôt
566 1755 612 1772 sur
629 1748 744 1777 Dresde;
763 1748 872 1778 Torgau
889 1751 915 1773 et
933 1747 1118 1779 Wittemberg
1135 1751 1197 1773 sont
1214 1756 1249 1773 au

151 1782 273 1804 moment
286 1779 370 1804 d’être
386 1779 515 1810 dégagés.

79 1814 130 1841 140
149 1815 281 1850 Nodier
303 1814 476 1851 (Charles),
494 1822 536 1842 un
553 1814 590 1841 de
607 1822 662 1842 nos
678 1814 835 1842 écrivains
852 1814 896 1842 les
912 1815 983 1851 plus
999 1815 1188 1851 originaux,
1211 1815 1248 1842 de

150 1851 339 1878 l’Académie
365 1850 533 1889 française.
549 1866 583 1869 —
599 1850 632 1877 L.
649 1858 676 1877 a.
692 1858 735 1884 s.,
752 1850 856 1884 Paris,
869 1850 903 1877 29
919 1850 1063 1885 octobre,
1085 1852 1095 1877 1
1120 1859 1146 1887 p.
1171 1850 1249 1885 in-8,

151 1887 294 1914 écornée.
1180 1887 1197 1913 6
1234 1897 1248 1911 »

81 1927 127 1954 141
152 1927 299 1961 Ollivier
314 1926 449 1962 (Emile),
466 1925 605 1961 premier
620 1925 766 1953 ministre
783 1925 820 1953 de
836 1925 999 1962 Napoléon
1010 1926 1065 1954 III.
1072 1926 1149 1954 —L.
1168 1934 1194 1954 a.
1212 1935 1248 1961 s.,

152 1965 161 1989 1
182 1971 210 1998 p.
227 1962 302 1990 in-8.
1163 1962 1196 1989 10
1234 1973 1247 1988 »

189 1998 210 2022 Il
225 1997 418 2024 recommande
440 2004 493 2028 que
516 1997 568 2021 l’on
590 1996 681 2027 publie
696 1997 730 2021 de
752 1997 824 2022 suite
845 1996 869 2021 le
893 1997 1019 2021 discours
1035 1997 1100 2028 qu’il
1123 1997 1196 2022 vient
1217 1998 1249 2022 de

152 2036 313 2061 prononcer,
334 2031 416 2053 avant
436 2028 594 2053 l’ensemble
611 2028 643 2052 de
662 2028 687 2052 la
707 2028 835 2060 question
854 2029 987 2053 romaine.
1010 2036 1021 2051 «
1037 2030 1111 2053 Cette
1124 2029 1249 2054 dernière

152 2060 321 2092 publication
338 2060 377 2085 lui
392 2060 502 2087 nuirait,
519 2060 611 2083 tandis
627 2065 679 2091 que
693 2059 792 2083 l’achat
804 2059 837 2083 de
851 2066 915 2084 mon
930 2059 1057 2084 discours
1076 2067 1110 2084 ne
1125 2061 1182 2085 fera
1197 2067 1250 2092 que

151 2092 256 2117 donner
268 2091 347 2116 envie
363 2092 396 2116 de
409 2091 458 2116 lire
472 2091 512 2115 les
526 2093 626 2115 autres.
644 2098 655 2113 »
