1879 3092
815 413 195 58 — 6 —

192 522 1458 66 88071 COROT (Camille), le grand peintre. — L. a. s. à M. Morin;

417 580 1238 59 Paris, 3 mai 1872, 1 p. in-8°. 15 »

388 650 1268 51 Il le prie d’expédier un de ses tableaux à M. M. Tedesco, pour le cas où

343 700 785 46 il n’aurait pas trouvé preneur à l’exposition.

195 768 1461 64 88072 CORVISART (Jean-Nicolas, baron), premier médecin de

418 824 1240 62 Napoléon Ier, né à Dricourt (Ardennes). —- L. a. s. à

420 879 1238 58 M. Louis, avocat à Paris; Bourbonne-les-Bains, 15 juillet

420 939 1237 59 1816, 1 p. 1/2 in-4°. 12 »

389 1007 1271 50 Il lui reproche, d’un ton humoristique, de ne pas l’avoir entretenu de ses

347 1063 484 32 affaires et de ses embarras.

196 1125 1465 64 88073 CRÉBILLON fils (Claude-Prosper), conteur licencieux,

423 1182 1239 63 auteur du Sopha, — Note aut. sig. (3 lignes), écrite à la

423 1237 1240 64 dernière page d’un manuscrit; Paris, 6 septembre 1768,

423 1299 1242 50 in-folio. 25 »

393 1367 1272 49 Permis d’imprimer pour le manuscrit intitulé la Morale au Théâtre-Fran¬

352 1410 1313 51 çais, composé d’extraits d’un grand nombre de pièces du répertoire du

351 1467 306 37 Théâtre-Français.

202 1529 1463 61 88074 DARWIN (Charles-Robert), l’illustre naturaliste anglais.

428 1585 1240 59 — L. a. s.; Down, 1 p. in-8°. Quelques mots ont été

426 1642 1243 59 récrits, en interlignes, par une autre main. 15 »

201 1723 1466 62 88075 DAUBENTON (Louis-Jean-Marie), célèbre naturaliste,

426 1781 1243 54 collaborateur de Buffon, né à Montbard. — L. a. s. ; au

427 1837 1244 59 Jardin du Roi, 17 septembre 1788, 2 p. in-4°. 15 »

396 1908 1275 47 Il demande l’approbation d’une dépense de 120 livres pour la nourriture

355 1953 1318 46 d’un casoar et l’indemnité à donner au quartier-maître qui l’a soigné depuis

355 1997 938 48 l’île de France jusqu’à la ménagerie du Jardin du Roi.

202 2064 1471 67 88076 DAUBRÉE (Gabriel-Auguste), célèbre géologue et minéra¬

429 2127 1242 57 logiste, membre de l’Institut, né à Metz. — L. a. s.;

431 2182 1245 60 Paris, 19 juin, 2 p. in-8°. 8 »

398 2254 1278 48 Il demande quel est le procédé à employer pour désinfecter une chambre

357 2306 508 39 occupée par un scarlatineux.

204 2367 1474 64 88077 DAUDET (Alphonse), le célèbre romancier, né à Nimes. —

432 2427 1245 61 L. a. s. à M. Lapierre, 1 p. in-8°. 15 »

399 2499 1279 48 Il demande si l’on pourrait obtenir le prêt, pour quelques jours, du

362 2544 1315 46 masque de Flaubert. « M. Leduc voudrait faire le buste de son grand

361 2593 894 42 compatriote et l’exposer à Rouen s’il est réussi. »

209 2658 1472 64 88078 DAUDET (Léon), publiciste et romancier contemporain. —

435 2708 1191 71 L. a. s., sur une carte-correspondance, 1 p. 1/2 in-16.

1580 2783 99 38 5 »

212 2836 1464 66 88079 DAVID (Félicien), compositeur de musique, auteur du
