1857 3081
813 260 197 35 — 10 —

347 370 1301 51 faire principale de l’expédition. — Il a été, jusqu’ici, dictateur mais il remet

347 415 1301 50 ses pouvoirs au gouvernement provisoire qu’il vient d’organiser. Les gran¬

347 461 1300 46 deurs dont il a été entouré lui ont fait regretter sa campagne de Bourg-la-

348 504 1300 48 Reine. — Il a reçu l’avis de son élévation au maréchalat. « Quant à un titre

343 548 1304 50 je n’y tiens pas. Qu’en ferais-je? Le transmettre à mes descendants, comme

345 594 1302 45 vous dites? Il faudrait d’abord en avoir. Or je suis bien décidé à ne point

342 638 1305 45 me marier. C’est le meilleur moyen, quand on est arrivé à mon âge, d’éviter

339 686 206 30 le ridicule. »

189 744 1457 59 88103 FOUREAU (Fernand), voyageur, qui explora le Sahara, né

411 802 1234 56 à Saint-Barbant (Haute-Vienne). —L. a. s. à M. G. Mar¬

409 858 1238 57 cel; Paris, 23 mars 1898, 1 p. 1/2 in-8°. 8 »

375 917 1268 45 Il demande une subvention de la Société de géographie pour l’organisa¬

334 964 605 33 tion de sa mission transsaharienne.

184 1029 1457 58 88104 FRANCESCHI (Jean-Baptiste, baron), général, qui prit

405 1086 1237 57 part aux guerres de la République et de l’Empire, né à

405 1142 1239 56 Bastia (Corse), mort du typhus à Dantzig en 1813. —

404 1197 1235 57 L. s. au ministre de la guerre ; quartier-général à Milan,

404 1253 1237 57 15 thermidor an VIII, 2 p. in-folio. 5 »

180 1329 1459 59 88105 FREYCINET (Charles de SAULSES de), ingénieur, célèbre

402 1381 1237 61 homme d’État, membre de l’Académie française, né à

403 1442 1234 57 Foix (Ariège). — L. a. s. à un confrère; 21 janvier 1888,

406 1499 1232 54 1 p. 1/2 in-8°. 10 »

372 1557 1266 45 Il attire son attention sur les titres de M. Henri Joly, candidat à la chaire

328 1601 1132 44 de psychologie expérimentale et comparée au .Collège de France.

175 1666 1460 61 88106 GALLIFFET (Gaston-Alexandre-Auguste, marquis de), le

398 1724 1235 58 célèbre général de cavalerie. — L. a. s. ; Paris, 23 juillet,

399 1779 1236 59 1 p. in-8°. 5 »

171 1848 1460 60 88107 GAMBETTA (Léon), le célèbre orateur et homme d’État,

395 1908 1237 60 né à Cahors — L. a. s., en partie aut., en partie de la

394 1963 1184 60 main de Spuller; Paris, 23 septembre 1870, 1 p. in-8°.

1509 2041 122 27 20 »

362 2073 1268 48 Il donne reçu du dossier de Spuller, contenant dix neuf pièces cotées; il

320 2118 498 33 demande celui de M. Cleray.

168 2183 1461 64 88108 GARIBALDI (Giuseppe), le célèbre général et patriote ita¬

392 2242 1232 60 lien. — L. s., en français; Caprera, 21 juin 1870, 1 p.

392 2297 1236 60 in-8°. 15 »

357 2358 1269 47 Certificat de bravoure pour Jules Ballet, qui s’est bien conduit dans les

317 2403 599 39 combats pour la cause de la justice.

164 2461 1460 64 88109 GEFFROY (Edmond-Aimé-Florentin), artiste dramatique,

387 2521 1235 60 sociétaire du Théâtre-Français, peintre distingué, né à

387 2568 1235 70 Maignelay (Oise). — L. a. s., 2 p. 1/2 in-folio. 10 »

354 2643 1269 46 Lettre relative à son tableau La Vierge et l’Enfant Jésus; il en donne un

312 2687 562 41 petit croquis à la seconde page.
