1934 3133
894 291 203 51 - 32 -

497 412 1244 57 administrateurs du département des Hautes-Pyrénées ;

496 467 1245 58 Tarbes, Ier thermidor an VI, 1 p. in-folio. 5 »

267 543 1477 60 88224 GILLET (Pierre-Mathurin), député du Morbihan à la Con¬

495 601 1246 57 vention. — L. s. au général Scherer, commandant l’ar¬

494 657 1245 57 mée devant le Quesnoy ; Quartier-général à Warem,

493 713 1245 57 13 thermidor an II, 1 p. in-folio, vignette. 25 »

458 779 1278 43 Il lui enjoint de bombarder le Quesnoy sans délai. « Le bombardement

414 824 1324 43 ne souffre aucune difficulté puisque c’est un moyen de forcer l’ennemi à

414 866 1324 47 nous rendre la place, ainsi il faut l’employer avec la plus grande vigueur...

414 913 1323 45 Je voudrais bien me trouver à.ce bal, mais étant seul à l’armée je ne puis

411 958 285 35 m’en éloigner. »

263 1022 1473 61 88225 GIRAUD (Marc-Antoine-Alexis), "député de la Charente-

490 1082 1245 58 Inférieure à la Convention, né à Coupeau (Charente-

489 1137 1245 58 Inférieure). — L. s., signée aussi par ses collègues Bour¬

487 1193 1243 58 don de l’Oise, et Vardon ; Brest, 7 messidor an III, 1 p.

487 1249 1245 55 in-4°. 10 »

453 1315 1282 45 Ordre de leur faire délivrer matelas, traversins et couvertures pour leur

412 1359 243 29 ameublement.

620 2722 724 43 Chartres. — Imprimerie Ed. Garnier.
