1863 3072
844 272 200 36 — 18 —

452 386 1214 60 Manuscrit signé, avec quelques corrections aut., 4 p. in-4°.

413 451 1258 47 Communication sur plusieurs cas de fièvres intermittentes guéris par le

372 496 1257 46 traitement du docteur Déclat consistant en injection d’acide phénique.

445 560 1224 56 Les deux pièces. 30 »

216 641 1451 59 88154 PASTEUR (Louis). — 1° L. a. s. à M. J. Bertrand ; (27 jan¬

442 697 489 54 vier 1891), 1/2 p. in-16.

407 763 1259 43 Convocation pour entendre une communication de M. Bischoffsheim

364 810 499 30 relative à l’Institut Pasteur.

438 864 1079 55 2° Note aut. sig. des initiales ; 21 mars, 1 p. in-8°.

435 932 1230 57 Les deux pièces. 35 »

211 1014 1452 58 88155 PASTEUR (Louis). — L. a. s. sur une carte-correspondance

436 1070 1227 58 à un secrétaire perpétuel, s. d., 1 p. in-16. 20 »

403 1136 1206 43 Lettre relative à la constitution d’un comité (de l’Institut Pasteur?).

212 1209 1449 58 88166 PASTEUR (Louis). — 1° Manuscrit (non aut.), avec quel¬

432 1266 760 54 ques corrections aut., 1 p. 1/2 in-4°.

399 1330 1260 44 Communication sur la relation qui existe entre le ferment organisé des

358 1377 766 33 urines ammoniacales et le ferment soluble.

484 1444 1172 57 2° Manuscrit (non aut.), avec corrections et additions

432 1501 321 49 aut., 3 p. in-8°.

401 1565 1254 42 Rectification à une communication de M. Colin sur le charbon des poules.

358 1608 1297 44 Pasteur défend sa méthode scientifique avec vivacité contre les attaques

357 1652 220 29 de M. Colin.

478 1714 1176 57 Les deux pièces. 30 »

193 1793 1461 63 88157 PERNETY (Joseph-Marie, vicomte de), célèbre général

425 1854 1228 58 d’artillerie, qui prit une part glorieuse à la campagne de

425 1908 1226 54 Saxe, né à Lyon. — L. a. s. à M. de Mabru ; Valence,

423 1966 1230 62 7 octobre 1818, 1 p. 1/2 in-4°. Belle lettre. 10 »

197 2043 1455 65 88158 PETIT (Antoine), célèbre médecin, qui fonda à Orléans un

421 2105 1226 56 service gratuit de consultations, né à Orléans. —- L. a. s.

420 2160 1229 59 à Coste, médecin de l’hôpital militaire de Gex ; Paris,

420 2216 1231 62 21 janvier 1770, 3 p. in-4°, adresse. 10 »

385 2288 1262 46 Il parle de Voltaire ; il lui cède en tout, mais non quand il s’agira d’atta¬

341 2332 359 38 chement pour Coste.

186 2400 1465 65 88169 PINEL (Philippe), célèbre médecin, qui réforma le traite¬

415 2463 1233 58 ment des aliénés, né à Saint-André (Tarn). — 1° P. a. s.,

414 2517 1235 59 signée aussi par Boyer, premier chirurgien de Napo¬

412 2572 937 59 léon Ier; Paris, 3 janvier 1814, 1 p. in-4°.

381 2644 1268 46 Consultation pour Henry Azaïs, de Castres, atteint d’une phtisie laryn¬

360 2690 62 31 gée.
