1817 2984
658 354 198 40 — 27 —

268 448 1227 87 au ministre des finances ; Paris, 21 nivôse an IV, 1 p. 1/2,

272 505 1228 82 in-4°. 10 »

238 576 1052 72 Lettre concernant la succession de Baudard de Saint-James.

56 643 1448 97 88196 FOURNEL (Marc-Antoine), avocat au parlement de Bor¬

278 700 1225 85 deaux, député du Lot-et-Garonne à la Convention, né à

280 755 1225 87 Tournon d’Agenais (Lot-et-Garonne). — L. a. s. au

282 811 1221 89 ministre des finances ; Paris, 7 nivôse an VIII, 1 p. in-4°.

1386 882 133 40 15 »

253 927 1257 71 Il le prie de lui accorder une recette des contributions directes dans le

209 971 1337 77 département des Pyrénées-Orientales ; Roger Ducos pourra attester sa .

211 1017 1303 76 moralité. « J’ai servi la République avec désintéressement et probité. A ce

211 1080 657 55 titre j’ay des droits à votre justice. »

68 1137 1451 96 88197 FOUSSEDOIRE (André), député suppléant du Loir-et-Cher

292 1196 1228 86 à la Convention ; il siégea dès le début en remplacement

294 1251 1229 86 de Bernardin de Saint-Pierre non acceptant, né à Issou¬

295 1307 1227 84 dun (Indre). — L. a. s. à Hérault de Séchelles ; Belfort,

297 1363 1225 85 2 frimaire an II, 1 p. in-4°, adresse, cachet de cire rouge.

1407 1430 123 40 15 »

267 1481 1265 73 Il lui annonce son départ pour la Convention. Il emporte l’estime et les

225 1526 1309 72 regrets de Belfort, où il a combattu avec quelque succès l’aristocratie et le

225 1567 1307 79 modérantisme quoiqu'il s'en faille de beaucoup que ses moyens répondent

171 1645 307 35 à son civisme.

82 1689 1454 93 88198 FRANCASTEL (Marie-Pierre-Adrien), député suppléant

307 1747 1230 84 de l’Eure à la Convention, il y siégea après la mort de

309 1801 1225 86 Buzot, né à Formerie (Oise). —- P. s. ; s. d., 3 p. 1/2 in-4°.

1416 1869 124 37 15 »

274 1918 1263 73 Très curieuse lettre dans laquelle il explique et défend la conduite qu’il a

235 1963 1304 76 tenue, ainsi que son collègue Hentz, dans leur mission à l’armée de l’Ouest.

90 2033 1451 95 88199 FRANÇOIS (Landry-François-Adrien), député suppléant

316 2090 1226 84 de la Somme à la Convention ; il siégea en remplacement

317 2144 1229 88 de Roland non acceptant, né à Albert (Somme). —- Apos¬

318 2200 1225 89 tille aut. sig. ; Paris, 9 vendémiaire an IV, 2 p. in-folio.

1446 2264 101 40 5 »

289 2314 1261 78 Pièce relative à la pétition d’un nommé Ducorps, voiturier à Dourdan, qui

245 2358 1307 80 réclamait 3.800 livres pour 3 septiers et demi de blé qu’il avait conduit à

247 2415 972 68 Moutiers et Epincy, district de Janville (Eure-et-Loir.)

105 2480 1453 99 88800 FRECINE (Augustin-Lucie), bailly de Montrichard, député

329 2536 1228 88 du Loir-et-Cher à l’Assemblée législative et à la Conven¬

331 2591 1227 91 tion, né à Montrichard (Loir-et-Cher). — L. a. s. ; Civray,

334 2651 1227 87 13 brumaire an VIII, 1 p. 1/2 in-8°. 10 »

298 2712 1261 81 Il fait part à un ami des inquiétudes de la population. Les chouans les

257 2757 1299 80 environnent, ils sont à quatre lieues de Tours et sont entrés dans le Vendo¬
