1806 2974
823 124 202 45 - 14 -

418 242 1177 68 P. a. s.; collège d’Edimbourg, 20 avril 1811, 1 p. in-4°.

1528 329 117 38 15 »

383 362 1261 55 Certificat en faveur d’un élève qui a suivi les cours de la première classe

336 408 334 38 de mathématiques.

181 472 1461 73 88130 LISZT (Franz), le célèbre compositeur de musique et pia¬

406 530 1232 68 niste hongrois. — L. a. s., en français, à son ami Erard;

405 585 1235 65 5 octobre 1838, 6 pages in-4°. 100 »

370 650 1267 54 Longue et très curieuse lettre dans laquelle il lui fait le récit d’une séance

326 695 1312 54 musicale, après laquelle il a fait l’éloge des productions de la maison Erard

326 740 1311 53 devant une assistance aristocratique, qui comprenait notamment l’ex-im¬

324 784 1314 51 pératrice Marie-Louise. Curieux détails sur la concurrence de la maison

326 827 1311 56 Pleyel. Il parle ensuite des pianistes. Critique de Dholer ; c’est une décoction

322 873 1312 55 de Thalberg et de Czernim. En général Listz a peu de goût pour la monnaie

321 916 1314 57 des grands génies. Il parle de Kalkbrenner et se livre à son égard à des cri¬

321 963 538 43 tiques acerbes et pittoresques.

166 1027 1470 69 88131 LONGUEVILLE (Anne-Geneviève de Bourbon, duchesse

394 1088 1241 62 de), femme célèbre du xviie siècle, une des héroïnes de

391 1144 1242 67 la Fronde. — P. s., signée également par Marie d’Orléans,

393 1200 1235 65 fille du duc de Longueville ; 27 juillet 1647, 5 p. in-folio.

1511 1282 121 37 50 »

356 1321 1276 54 Signature apposée sur le contrat de mariage de Anne Lemonou, fille du

312 1366 741 45 médecin ordinaire du duc de Longueville.

157 1437 1475 68 88132 LOTI (Julien Viaud, dit Pierre), officier de marine, célèbre

387 1497 1245 61 écrivain, membre de l’Académie française, né à Roche¬

387 1551 1242 64 fort (Charente-Inférieure). — L. a. s. ; à bord du Magi¬

385 1604 1245 67 cien, 20 mai, 2 p. in-8°. 15 »

349 1671 1063 50 Lettre relative à un projet d’illustration de Mon frère Yves.

150 1741 1475 68 88133 LOUIS XI, roi de France. — L. s., en italien, contresignée

379 1801 1244 65 par Albertus (qui a écrit le corps de la lettre), au duc de

379 1856 1241 65 Milan; aux Horties, 30 novembre 1468, 1 p. in-4°,

378 1913 1245 62 adresse, beau cachet collé. 150 »

343 1978 1275 53 Il le remercie de la bonne affection qu’il lui a témoignée en rompant la

300 2022 1317 54 guerre contre les Savoyards, et pour ses félicitations à propos de la réduc¬

299 2068 1065 49 tion des troubles (sa captivité après l’entrevue de Péronne?)

143 2137 1476 65 88134 LOUIS XVII, l’infortuné fils de Louis XVI. — Devoir d’é¬

372 2197 1243 65 criture composé de son nom Louis-Charles répété cinq

372 2254 1245 65 fois, 1 p. petit in-4°. (Collection Tarbé). 1.000 »

335 2317 1279 55 Cette pièce, suivant une note de M. Tarbé dont la collection fut vendue à

301 2363 1311 54 Auxerre en septembre 1849, a été achetée par M. Tarbé à la vente de M. Du¬

290 2407 1322 55 mesnil de Saint-Cyr, professeur d’écriture du dauphin. Précieuse pièce de

289 2455 203 29 toute rareté.

135 2516 1471 71 88135 MARIE LECZINSKA, reine de France, épouse de Louis XV.
