1816 3097
885 266 201 38 — 16 —

490 377 1210 66 cruautés. — L. s. avec la souscription aut. à son beau-fils

492 433 1206 69 (H.-R. de La Marck, duc de Bouillon, époux de sa fille,

487 489 1117 64 Françoise) ; Paris, 11 octobre 1572, 1 p. 3/4 in-fol.

1561 574 137 29 200 »

448 609 1249 59 Importante lettre historique. Il l’engage à revenir à la religion catholique

407 653 1287 59 et à adjurer l’hérésie qui vient de causer en France la Saint-Barthélemy ;

407 698 1287 55 qu’il imite la confession publique du pasteur Roziers et « la profession de

403 742 1291 56 foy du Roy de Navarre (Henri IV) et de Monsieur le prince de Condé (Hen¬

402 787 1290 57 ri Ier), lesquelz, non contens d’avoir ces jours passez, abjuré leur dite opi¬

400 831 1292 55 nion et aller à la messe, ont escript et depesché un gentilhomme vers nostre

400 876 1293 56 saint père le pappe (Grégoire XIII), à ce que mettant en oubly l’offence

402 921 1291 55 qu’ilz ont commise pour s’estre séparez du corps de l’église catholique

400 965 1291 56 Romaine, son bon plaisir feust, usant de la paternelle affection et amityé,

399 1009 1293 55 qu’il a toujours eue envers les vrays enfants de Dieu, leur tendre la main

398 1054 1293 55 et, les recevant à la repentance qu’ils ont, leur impartir le bénéfice de son

395 1099 1295 55 pardon et indulgence. » Il lui annonce ensuite la mort d’une autre de ses

394 1144 1016 50 enfants, Anne, mariée à François de Clèves, duc de Nevers.

243 1214 1446 71 88144 NANNONI (Angelo), un des plus grands chirurgiens ita¬

464 1274 1222 68 liens, né près de Florence. — L. a. s. à Antonio Pacini ;

464 1330 1224 67 Florence, 30 novembre 1779, 1 p. in-folio. 15 »

239 1406 1448 76 88145 NAPOLÉON III, empereur des Français. —L. s. à M. Kera¬

464 1470 1222 67 try ; Saint-Cloud, 26 septembre 1851, 1 p. in-8°. 15 »

430 1533 1254 55 Il lira avec intérêt l’opuscule que la situation lui a inspiré. « C’est surtout

389 1578 1295 55 aux hommes d’un mérite reconnu et d’une expérience éprouvée comme les

386 1621 1298 57 vôtres qu’il appartient dans lés circonstances difficiles d’apporter au pays

384 1666 489 37 le tribut de leurs lumières. »

232 1734 1447 76 88146 NEMOURS (Anne de Lorraine, duchesse de), épouse (1618)

457 1796 1220 65 de Henri de Savoie, duc de Nemours, fille de Charles de

454 1852 1219 63 Lorraine, duc d'Aumale. — L. s. au duc de Lorraine ;

453 1907 1222 70 Paris, 20 janvier 1628, 1 p. in-folio, adresse. 10 »

416 1971 1257 59 Condoléances sur la mort de sa femme. (Une cote ancienne indique qu’il

372 2016 1301 57 s’agit de Chrestienne de Salm ; cette lettre est donc adressée au duc Fran¬

373 2061 1090 55 çois qui avait abdiqué, en 1624, en faveur de son fils Charles).

218 2128 1456 79 88147 NEVERS (Charles Ier de Gonzague, duc de), duc de Man¬

441 2193 1231 70 toue, habile capitaine, m. 1639. — L. s., avec la sous¬

439 2248 1230 66 cription aut., au duc de Lorraine ; Sainte-Menehould,

437 2304 1234 68 20 mai 1614, 1 p. in-folio, cachet. Belle lettre. 20 »

403 2369 1268 59 Il lui fait part de l’accord qui s’est conclu ces jours passés. Il pense qu’il

360 2413 1308 60 s’en réjouira puisqu’il tourne à l’avantage et au repos du royaume. (Il

359 2458 1308 58 s’agit du traité conclu, le 15 mai, à Sainte-Menehould, entre Condé et les

357 2503 1310 58 seigneurs révoltés contre la régence de Marie de Médicis, d’une part, et les

355 2547 446 45 représentants de celle-ci).

202 2613 1459 79 88148 NOAILLES (Paul, duc de), homme d’état et diplomate,

427 2677 1231 68 biographe de Mme de Maintenon, né à Paris. — L. a. s.
