1822 2991
225 355 1300 67 merce maritime un peu malgré le gouvernement, qui ne se sent pas la force

224 400 1298 67 de soutenir efficacement leurs entreprises ; cette attitude attira au prési¬

225 444 1295 67 dent Jefferson l’animadversion de la classe commerçante et de la population

226 488 1295 65 du littoral. Il signale le jeu de l’Angleterre qui excite les états contre le

227 532 1298 67 gouvernement suivant les circonstances et ses intérêts et empêche ensuite

228 577 1299 67 la formation d’un plan et d’une ligne de conduite fixe, mais ces faits, si

228 621 1297 68 regrettables à certains égards, peuvent avoir quelques aspects avantageux.

230 666 1296 67 La richesse de l’Angleterre et celle de l’Amérique sont basées sur des prin¬

229 710 1300 65 cipes opposés ; l’Angleterre ne peut se maintenir que par le domaine exclusif

230 754 1299 68 de la mer ; l’Amérique ne peut conserver ses biens et les accroître que par

230 799 1299 67 une navigation indépendante. L’intérêt, mobile de la vie des états, rompra

232 844 1297 63 tous les arrangements que l’on pourra prendre, « et la discorde, et une dis¬

232 887 1297 66 corde éternelle, éclatera enfin entre des peuples qu’il est impossible d’asso¬

232 932 1298 65 cier solidement et avec durée, à moins que l’un n’établisse pour toujours

235 971 1299 69 les droits de sa supériorité et que l’autre ne consente à les reconnaître. » Le

236 1021 1296 65 gouvernement actuel des Etats-Unis a des vues supérieures à l’esprit et à

235 1065 1298 66 l’instinct national des peuples qu’il gouverne. Si le gouvernement français

236 1110 1300 64 l’avait voulu il est certain que l’Amérique se serait rangée à côté de la

238 1154 1299 64 France depuis longtemps. M. d’Hauterive préconise la bienveillance en ce

239 1199 1298 64 qui concerne l’application du blocus à l’égard des Américains ; il faut main¬

239 1243 1301 64 tenir ce blocus, puisqu’il n’est qu’une représaille du système anglais, mais

241 1287 1300 64 il en faut en adoucir les conséquences vis-à-vis des Américains, de façon que

240 1329 1301 67 tout l’odieux de cette guerre retombe sur l’Angleterre et que les Américains

238 1397 405 44 se rangent à nos côtés.

96 1438 1451 76 88188 ALGÉRIE. — L. s. de CASIMIR PÉRIER. ministre de l’Inté¬

317 1497 1229 78 rieur, au préfet du Nord ; Paris, 4 octobre 1831, 3 p.

318 1556 1236 74 in-folio. 15 »

286 1624 1263 67 Lettre relative au passage en Algérie de colons allemands qui voulaient

251 1671 1299 64 fuir la misère et le choléra ; le ministre y est opposé. « Il est évident que

253 1714 1298 69 permettre l’importation de cette multitude d’étrangers serait ravir à nos

248 1759 1304 68 compatriotes le peu d’ouvrage qu’il soit possible de trouver à Alger, ou

249 1804 1303 68 donner gratuitement aux pauvres de l’Allemagne des secours que nous

251 1863 668 53 devons de préférence aux régnicoles. »

103 1914 1453 84 88189 GUERRE DE 1870. — L. s. du général Schmitz, chef d’état-

327 1970 1227 80 major général du gouverneur de Paris, à Gambetta ;

328 2027 1230 80 Paris, 9 septembre 1870, 1 p. in-folio. 20 »

296 2092 1262 67 Il lui rend compte qu’un homme, sorti de Strasbourg le 4 courant, a pré¬

255 2135 1305 70 venu le capitaine Uhrich, fils du général commandant à Strasbourg, que les

257 2179 1303 70 forces ennemies qui entourent Strasbourg sont évaluées à vingt-mille hom¬

256 2223 1305 71 mes. Ils opèrent par petits groupes de 5 à 600 hommes pour donner l’illusion

260 2293 482 46 qu’ils sont plus nombreux.

112 2336 1450 85 88190 GUERRE DE 1870. — P. a. s. de GLAIS-BIZOIN; s. d., 2 p.

335 2398 1231 74 in-4°. 15 »

306 2450 1262 75 Ordre aux officiers, sous-officiers et soldats du camp de Conlie. Éloge de

268 2500 1300 65 la conduite des Bretons devant Paris et Orléans et exhortation à trans¬

266 2557 888 60 mettre intact le legs qu’ils ont reçu de leurs pères.
