1891 3051
875 425 175 40 - 5-

466 538 1231 55 né à Pau. — L. a. s. au général de Wimpffen; Paris,

463 593 1234 55 19 mars 1869, 1 p. in-8°. 5 »

430 659 944 39 Il lui recommande son neveu, Théodore de Mottreux.

235 724 1463 56 88063 BOURGET (Paul), le célèbre romancier, membre de l’Aca¬

463 782 1234 54 démie française. —- L. a. s. à un ami, 1 p. in-8°. 5 »

429 847 1264 43 Il demande des places pour voir jouer Sacha Guitry qu’il n’a jamais vu.

235 912 1460 57 88064 BOURGAULT-DUCOUDRAY (Louis-Albert), compositeur

462 970 1230 53 de musique, auteur de Thamara, né à Nantes. — L. a. s.

461 1025 1156 54 à l’éditeur Klein; 22 novembre 1887, 3 p. 1/2 in-8°.

1571 1097 123 25 10 »

429 1146 1268 41 Intéressante lettre relative à la représentation de ses œuvres à Rouen.

232 1210 1463 56 88065 BUNSEN (Robert), célèbre chimiste et physicien allemand,

458 1268 1236 53 né à Gottingue. — L. a. s. à M. Dumas; Heidelberg,

459 1314 1236 63 14 décembre 1858, 2 p. 1/2 in-8°.  15 »

422 1388 1273 43 Il lui recommande un de ses élèves le Dr Schneider de Strasbourg, qui

378 1432 1030 40 recherche une place au Collège commercial de Mulhouse.

228 1495 1468 61 88066 CABANIS (Pierre-Jean-Georges), le célèbre physiologiste

455 1552 1240 54 et philosophe. — L. a. s. à Suard; Auteuil, 19 prairial

455 1607 1237 52 an XI, 1 p. in-8°. 15 »

421 1673 1274 41 Jolie lettre où il s’excuse de ne pouvoir se rendre à la séance de l’Ins¬

371 1716 839 39 titut et le prie de venir le voir avec sa femme.

221 1774 1466 62 88067 CARÊME (Marie-Antoine), fameux gastronome. — L. a. s.

450 1838 1239 53 à M. Jay; Paris, Ier juin 1829, 2 p. in-8°. 10 »

421 1904 1269 42 Il l’approuve de chercher à s’affranchir de la servitude par la mise en

380 1949 379 30 action de ses talents.

219 2007 1467 56 88068 CARPEAUX (Jean-Baptiste), le célèbre sculpteur, né à Va¬

448 2065 1240 49 lenciennes. — L. a. s. à un docteur; Paris, 18 novembre

450 2120 1234 54 1874, 2 p. in-8°. 20 »

392 2179 1294 43 Il souffre horriblement, des affaires d’intérêt l’empêchent de partir pour

373 2225 1053 46 Naples. Il lui dit adieu et le remercie de ses bons sentiments.

217 2291 1468 55 88069 CASSAGNAC (Paul de), le célèbre publiciste, né à Paris. —

445 2347 1239 53 Le droit au deuil, manuscrit aut. sig., 11 p. in-folio, cou¬

443 2404 1237 53 pées pour l’impression. 15 »

415 2469 1265 41 Il établit que la France a le droit de porter le deuil de l’Alsace-Lorraine

370 2513 1309 42 et de garder fidèlement le souvenir de ces deux provinces, surtout après les

352 2553 905 51 élections protestataires qu’elles venaient de faire.

213 2618 1465 56 88070 CAVAIGNAC (Godefroid), un des chefs du parti républi¬

442 2674 1234 55 cain sous Louis-Philippe. — L. a. s. à Mme H. Cornu;

443 2730 1234 54 Orléansville, 16 novembre 1843,  11 p. 1/2 in-8°. 20 »

413 2790 1263 44 Longue et intéressante lettre relative à l’Algérie, il lui parle d’un combat

370 2836 805 33 où le cheval de son frère et le sien ont été tués.
