1784 2977
673 135 199 45 - 19 -

327 255 1175 54 2° Plan de la pathologie des maladies aiguës, manuscrit

277 309 472 50 aut., 2 p. 1/2 in-folio.

327 383 1185 53 Les deux pièces. 15 »

64 461 1441 50 88160 RASPAIL (François-Vincent), célèbre chimiste et homme

279 516 1228 53 politique, né à Carpentras Vaucluse). — L. a. s. au minis¬

279 571 1224 55 tre de l’Intérieur ; Paris, 6 novembre 1830, 2 p. in-folio.

1383 643 129 36 25 »

245 693 1267 40 Très curieuse épître dans laquelle il rappelle sa proscription en 1815

205 737 1303 40 et sa conduite dans les journées de juillet et réclamant une place de bibliothé¬

205 782 923 31 caire ou de conservateur des collections du Muséum.

67 842 1441 55 88161 RÉCAMIER (Juliette), amie de Chateaubriand, la reine de

279 904 1228 52 l’Abbaye-aux-Bois. -— L. aut. au comte de Forbin ; (août

283 958 1231 52 1832), 1/2 p. in-8°, adresse. 25 »

246 1025 809 37 Elle le prie de venir la voir avant son départ.

68 1092 1439 51 88162 REGAMEY (Frédéric), dessinateur et graveur. —- L. a. s. ;

284 1148 1225 48 18 janvier 1886, 2 p. in-16. 10 »

248 1214 1262 35 Curieuse lettre ornée de croquis qui commentent le contenu de la lettre.

211 1259 1298 34 Le premier représente un sphinx ; le second un savant déchiffrant des

207 1302 843 36 hiéroglyphes de fantaisie gravés sur un obélisque.

70 1370 1441 47 88163 RENAN (Ernest), l’illustre auteur de la Vie de Jésus, né à

283 1425 1231 48 Tréguier (Côtes-du-Nord). — L. a. s. à un ami ; Paris,

283 1481 1235 48 7 novembre 1884, 2 p. 1/2 in-8°. 15 »

250 1545 1264 36 Il explique que Mme Renan ne peut être dame patronesse d’une œuvre,

210 1589 1312 36 parce qu’elle ne sait pas placer des billets. Tant qu’à lui il ira au bal, pas

210 1634 971 36 pour danser mais pour apporter sa sympathie à l’œuvre.

73 1698 1442 51 88164 RICHELIEU (Armand-Jean du Plessis, cardinal de), l’il¬

284 1754 1229 42 lustre ministre de Louis XIII. -— L. s. au maréchal de

285 1809 1227 49 Brézé; Amiens, 24 octobre 1636, 1 p. in-folio, adresse,

286 1867 1233 43 cachets bien conservés, soies. 150 ».

253 1929 1219 37 Il lui recommande le chevalier de Jalesne et l’assure de son affection.

71 1996 1444 53 88165 ROOSEVELT (Théodore), homme d’état américain, pré¬

286 2050 1228 48 sident des États-Unis, mort récemment. — L. s. à M. Car¬

287 2109 1235 51 roll ; New-York, 9 octobre 1911, 1/2 p. in-4°. 50 >»

71 2183 1440 55 88166 ROPS (Félicien), le célèbre dessinateur et graveur. — L. a.

287 2243 1228 48 s. à M. Duchesne, 1 p. in-8°. 10 »

71 2316 1444 53 88167 ROYER-COLLARD (Hippolyte), médecin, membre de

288 2371 1229 52 l’Académie de médecine, fils du philosophe P.-P. Royer-

290 2427 1222 52 Collard. — L. a. s. à Raspail ; Paris, 7 octobre 1829, 3 p.

292 2489 1230 39 in-8°. 15 »

259 2548 1264 42 Lettre scientifique. Il le remercie de ses conseils et de ses critiques. Dans
