1855 3044
748 261 196 37 — 17 —

350 366 1226 75 au président de la Chambre des pairs ; (1834), 2 p. in-4°.

1457 440 124 27 10 »

318 489 1265 58 Il n’approuve pas l’arrêt renvoyant devant la Cour les accusés d’avril ; il

276 540 851 48 repousse cette procédure et refuse de s’y associer.

136 599 1444 72 88149 O’MEARA (Barry), médecin anglais, qui donna ses soins à

356 655 1224 70 à Napoléon dans les premières années de la captivité de

357 710 1223 71 Sainte-Hélène. — L. a. s. ; 23 septembre 1835, 2 p. in-4°.

1461 781 123 39 25 »

140 838 1442 75 88150 ORLÉANS (Gaston, duc d’), le frère de Louis XIII. — L. a.

359 900 1226 67 s. à Anne d’Autriche ; 25 juin, 1 p. in-4°, adresse. Les

360 955 1229 67 deux feuillets sont séparés. 50 »

325 1022 1264 53 Il s’élève contre les rapports qui le représentent faisant.des choses con¬

286 1066 1303 55 traires à sa volonté. Il la supplie de croire qu’il affectionne trop le cardinal

287 1110 1303 54 [Mazarin] pour ne pas empêcher ces choses de toutes ses forces. -> C’est ce

288 1155 1304 54 que j’ay chargé le grand commandeur de vous faire entendre particulière¬

288 1200 1301 53 ment et de vous aseurer que je n’ai point d’autre passion au monde que de

289 1257 412 40 plaire à votre Majesté. »

148 1309 1446 75 88151 ORLÉANS (Élisabeth-Charlotte de Bavière, duchesse d’),

368 1372 1229 64 dite la Princesse Palatine, mère du Régent. — L. a. s., en

368 1427 1228 65 français, à la duchesse de Ventadour qu’elle appelle

371 1479 1228 67 Belle Dondon; Marly, mercredi 10 août (1701), 10 heures

370 1538 1127 64 et demie du matin, 4 p. in-4°. Légères déchirures.

1453 1600 151 38 350 »

335 1656 1267 50 TRÈS INTÉRESSANTE LETTRE toute relative à la maladie de la duchesse de

299 1699 1302 59 Bourgogne. — « La fièvre ne l’a pas quittée depuis dimanche. Elle fut

296 1744 1310 58 saignée hier au soir pour la première fois de. sa vie. D’abord on a trouvé

300 1787 1303 59 que cela l’avoit soulagée, mais je viens d’apprendre que la nuit a été très

298 1832 1306 56 mauvaise, Mme de Maintenon y a esté jusques à cinq heures du matin qu’on

301 1876 1300 59 a esté obligé d’envoyer quérir le Roy pour l’obliger à prendre un bouillon.

300 1920 1307 59 Elle ne veut rien prendre et dit (à ce que mes gens m’ont contés) qu’on

301 1964 1309 59 la laisse mourir en paix. Mme de Maintenon estoit tout en larme déjà hier

298 2007 1323 62 au soir. Je ne crois pas qu’il soit possible qu’on puisse reporter Mme la

303 2063 812 49 duchesse de Bourgogne samedi à Versailles... »

158 2125 1450 76 88152 PASTEUR (Louis), l’illustre savant. — L. a. s. à M. Reiset ;

380 2184 1231 68 Paris, 21 juillet 1887,1 p. in-8°. 100 »

345 2247 1265 54 Lettre relative à son élection de secrétaire perpétuel de l’Académie des

305 2291 1304 59 Sciences. Il aurait dû persister dans le refus de ces fonctions, mais comment

303 2335 1308 56 résister à de si nombreuses et si obligeantes sollicitations, il dira dans

305 2379 1306 58 son remerciement les raisons qui l’ont décidé. On a joint une lettre de

308 2438 647 43 Mme Pasteur relative au même objet.

162 2495 1451 78 88153 PASTEUR (Louis). — 1° Apostille aut. sig. en marge d’une

385 2558 975 67 lettre ; Paris, 29 novembre 1888, 4 p. in-4°.

351 2616 1267 58 Lettre d’une habitante notable de Pau, qui demandait à Pasteur de la

313 2672 900 54 guérir d’une névrose qui la conduisait au tombeau.
