<?xml version="1.0" encoding="UTF-8"?>
<alto xmlns:xsi="http://www.w3.org/2001/XMLSchema-instance"
      xmlns="http://www.loc.gov/standards/alto/ns-v2#"
      xmlns:page="http://schema.primaresearch.org/PAGE/gts/pagecontent/2013-07-15"
      xsi:schemaLocation="http://www.loc.gov/standards/alto/ns-v2# http://www.loc.gov/standards/alto/alto.xsd">
   <Description>
      <MeasurementUnit>pixel</MeasurementUnit>
      <OCRProcessing ID="IdOcr">
         <ocrProcessingStep>
            <processingDateTime>2020-10-31T11:43:40.226+01:00</processingDateTime>
            <processingSoftware>
               <softwareCreator>READ COOP</softwareCreator>
               <softwareName>Transkribus</softwareName>
            </processingSoftware>
         </ocrProcessingStep>
      </OCRProcessing>
   </Description>
   <Layout>
      <Page ID="Page1" PHYSICAL_IMG_NR="1" HEIGHT="2992" WIDTH="1924">
         <TopMargin HEIGHT="482" WIDTH="1924" VPOS="0" HPOS="0"/>
         <LeftMargin HEIGHT="2371" WIDTH="205" VPOS="482" HPOS="0"/>
         <RightMargin HEIGHT="2371" WIDTH="224" VPOS="482" HPOS="1700"/>
         <BottomMargin HEIGHT="139" WIDTH="1924" VPOS="2853" HPOS="0"/>
         <PrintSpace HEIGHT="2371" WIDTH="1495" VPOS="482" HPOS="205">
            <TextBlock ID="region_1553506841318_13"
                       HEIGHT="44"
                       WIDTH="177"
                       VPOS="383"
                       HPOS="873">
               <Shape>
                  <Polygon POINTS="873,383 873,427 1050,427 1050,383"/>
               </Shape>
               <TextLine ID="line_1553506841512_16"
                         BASELINE="427"
                         HEIGHT="45"
                         WIDTH="177"
                         VPOS="382"
                         HPOS="871">
                  <String ID="string_line_1553506841512_16"
                          HEIGHT="45"
                          WIDTH="177"
                          VPOS="382"
                          HPOS="871"
                          CONTENT="— 3 —"/>
               </TextLine>
            </TextBlock>
            <TextBlock ID="r_1_1" HEIGHT="177" WIDTH="1460" VPOS="488" HPOS="227">
               <Shape>
                  <Polygon POINTS="227,488 1687,488 1687,665 227,665"/>
               </Shape>
               <TextLine ID="tl_1"
                         BASELINE="553"
                         HEIGHT="64"
                         WIDTH="1458"
                         VPOS="489"
                         HPOS="228">
                  <String ID="string_tl_1"
                          HEIGHT="64"
                          WIDTH="1458"
                          VPOS="489"
                          HPOS="228"
                          CONTENT="88048 BARBEY D’AURÉVILLY (Jules), le célèbre écrivain, né à"/>
               </TextLine>
               <TextLine ID="tl_2"
                         BASELINE="608"
                         HEIGHT="62"
                         WIDTH="1229"
                         VPOS="546"
                         HPOS="457">
                  <String ID="string_tl_2"
                          HEIGHT="62"
                          WIDTH="1229"
                          VPOS="546"
                          HPOS="457"
                          CONTENT="Saint-Sauveur-le-Vicomte (Manche). — L. a. s. à Mlle Éli¬"/>
               </TextLine>
               <TextLine ID="tl_3"
                         BASELINE="664"
                         HEIGHT="57"
                         WIDTH="1228"
                         VPOS="607"
                         HPOS="466">
                  <String ID="string_tl_3"
                          HEIGHT="57"
                          WIDTH="1228"
                          VPOS="607"
                          HPOS="466"
                          CONTENT="sabeth Bouillet: Saint-Louis, 1884, 1 p. in-8°. 20 »"/>
               </TextLine>
            </TextBlock>
            <TextBlock ID="r_1_2" HEIGHT="45" WIDTH="969" VPOS="671" HPOS="421">
               <Shape>
                  <Polygon POINTS="421,671 1390,671 1390,716 421,716"/>
               </Shape>
               <TextLine ID="tl_4"
                         BASELINE="715"
                         HEIGHT="43"
                         WIDTH="967"
                         VPOS="672"
                         HPOS="422">
                  <String ID="string_tl_4"
                          HEIGHT="43"
                          WIDTH="967"
                          VPOS="672"
                          HPOS="422"
                          CONTENT="Belle lettre intime, signée Jiules, écrite à l’encre rouge."/>
               </TextLine>
            </TextBlock>
            <TextBlock ID="r_1_3" HEIGHT="65" WIDTH="1455" VPOS="732" HPOS="226">
               <Shape>
                  <Polygon POINTS="226,732 1681,732 1681,797 226,797"/>
               </Shape>
               <TextLine ID="tl_5"
                         BASELINE="796"
                         HEIGHT="63"
                         WIDTH="1453"
                         VPOS="733"
                         HPOS="227">
                  <String ID="string_tl_5"
                          HEIGHT="63"
                          WIDTH="1453"
                          VPOS="733"
                          HPOS="227"
                          CONTENT="83049 BARBEY D’AURÉVILLY (Jules). — Billet aut. sig. J. B."/>
               </TextLine>
            </TextBlock>
            <TextBlock ID="r_1_4" HEIGHT="58" WIDTH="1229" VPOS="794" HPOS="456">
               <Shape>
                  <Polygon POINTS="456,794 1685,794 1685,852 456,852"/>
               </Shape>
               <TextLine ID="tl_6"
                         BASELINE="851"
                         HEIGHT="56"
                         WIDTH="1227"
                         VPOS="795"
                         HPOS="457">
                  <String ID="string_tl_6"
                          HEIGHT="56"
                          WIDTH="1227"
                          VPOS="795"
                          HPOS="457"
                          CONTENT="d'A. à une dame ; 1 p. in-12 oblong. 10 »"/>
               </TextLine>
            </TextBlock>
            <TextBlock ID="r_1_5" HEIGHT="92" WIDTH="1309" VPOS="865" HPOS="376">
               <Shape>
                  <Polygon POINTS="376,865 1685,865 1685,957 376,957"/>
               </Shape>
               <TextLine ID="tl_7"
                         BASELINE="910"
                         HEIGHT="44"
                         WIDTH="1263"
                         VPOS="866"
                         HPOS="421">
                  <String ID="string_tl_7"
                          HEIGHT="44"
                          WIDTH="1263"
                          VPOS="866"
                          HPOS="421"
                          CONTENT="Très aimable billet écrit à l’encre rouge, sur une carte lettre au verso de"/>
               </TextLine>
               <TextLine ID="tl_8"
                         BASELINE="956"
                         HEIGHT="52"
                         WIDTH="1304"
                         VPOS="904"
                         HPOS="379">
                  <String ID="string_tl_8"
                          HEIGHT="52"
                          WIDTH="1304"
                          VPOS="904"
                          HPOS="379"
                          CONTENT=" laquelle la signature Jules Barbey d’Aurévilly est fac-similée à l’encre verte."/>
               </TextLine>
            </TextBlock>
            <TextBlock ID="r_1_6" HEIGHT="63" WIDTH="1455" VPOS="978" HPOS="227">
               <Shape>
                  <Polygon POINTS="227,978 1682,978 1682,1041 227,1041"/>
               </Shape>
               <TextLine ID="tl_9"
                         BASELINE="1040"
                         HEIGHT="61"
                         WIDTH="1453"
                         VPOS="979"
                         HPOS="228">
                  <String ID="string_tl_9"
                          HEIGHT="61"
                          WIDTH="1453"
                          VPOS="979"
                          HPOS="228"
                          CONTENT="88050 BARRAS (Paul), fameux conventionnel et directeur né à"/>
               </TextLine>
            </TextBlock>
            <TextBlock ID="r_1_7" HEIGHT="113" WIDTH="1232" VPOS="1038" HPOS="452">
               <Shape>
                  <Polygon POINTS="452,1038 1684,1038 1684,1151 452,1151"/>
               </Shape>
               <TextLine ID="tl_10"
                         BASELINE="1096"
                         HEIGHT="57"
                         WIDTH="1226"
                         VPOS="1039"
                         HPOS="454">
                  <String ID="string_tl_10"
                          HEIGHT="57"
                          WIDTH="1226"
                          VPOS="1039"
                          HPOS="454"
                          CONTENT="Fox-Amphoux. —L. a. s. B. à Mme de Montpezat ; Paris,"/>
               </TextLine>
               <TextLine ID="tl_11"
                         BASELINE="1150"
                         HEIGHT="55"
                         WIDTH="1230"
                         VPOS="1095"
                         HPOS="453">
                  <String ID="string_tl_11"
                          HEIGHT="55"
                          WIDTH="1230"
                          VPOS="1095"
                          HPOS="453"
                          CONTENT="dimanche, 1 p. in-8°. 50 »"/>
               </TextLine>
            </TextBlock>
            <TextBlock ID="r_1_8" HEIGHT="263" WIDTH="1310" VPOS="1165" HPOS="376">
               <Shape>
                  <Polygon POINTS="376,1165 1686,1165 1686,1428 376,1428"/>
               </Shape>
               <TextLine ID="tl_12"
                         BASELINE="1210"
                         HEIGHT="44"
                         WIDTH="1261"
                         VPOS="1166"
                         HPOS="422">
                  <String ID="string_tl_12"
                          HEIGHT="44"
                          WIDTH="1261"
                          VPOS="1166"
                          HPOS="422"
                          CONTENT="Il lui recommande de prendre du chocolat de Beaune pour ses douleurs"/>
               </TextLine>
               <TextLine ID="tl_13"
                         BASELINE="1254"
                         HEIGHT="44"
                         WIDTH="1303"
                         VPOS="1210"
                         HPOS="380">
                  <String ID="string_tl_13"
                          HEIGHT="44"
                          WIDTH="1303"
                          VPOS="1210"
                          HPOS="380"
                          CONTENT="d’estomac ; pour lui il va mieux grâce, sans doute, au vin de Nuna campana"/>
               </TextLine>
               <TextLine ID="tl_14"
                         BASELINE="1298"
                         HEIGHT="45"
                         WIDTH="1304"
                         VPOS="1253"
                         HPOS="379">
                  <String ID="string_tl_14"
                          HEIGHT="45"
                          WIDTH="1304"
                          VPOS="1253"
                          HPOS="379"
                          CONTENT="dont il fait usage. Le secrétaire de Kléber, (Barras écrit Cléber), lui a donné"/>
               </TextLine>
               <TextLine ID="tl_15"
                         BASELINE="1342"
                         HEIGHT="44"
                         WIDTH="1302"
                         VPOS="1298"
                         HPOS="380">
                  <String ID="string_tl_15"
                          HEIGHT="44"
                          WIDTH="1302"
                          VPOS="1298"
                          HPOS="380"
                          CONTENT="de curieux détails sur la fin tragique de ce grand homme de guerre. « L’An¬"/>
               </TextLine>
               <TextLine ID="tl_16"
                         BASELINE="1386"
                         HEIGHT="44"
                         WIDTH="1305"
                         VPOS="1342"
                         HPOS="380">
                  <String ID="string_tl_16"
                          HEIGHT="44"
                          WIDTH="1305"
                          VPOS="1342"
                          HPOS="380"
                          CONTENT="glais ne se désaisira pas du rocher important de Malthe pour y placer le"/>
               </TextLine>
               <TextLine ID="tl_17"
                         BASELINE="1427"
                         HEIGHT="41"
                         WIDTH="772"
                         VPOS="1386"
                         HPOS="377">
                  <String ID="string_tl_17"
                          HEIGHT="41"
                          WIDTH="772"
                          VPOS="1386"
                          HPOS="377"
                          CONTENT="misérable (Napoléon ?) qui a tout opprimé. »"/>
               </TextLine>
            </TextBlock>
            <TextBlock ID="r_1_9" HEIGHT="63" WIDTH="1459" VPOS="1449" HPOS="225">
               <Shape>
                  <Polygon POINTS="225,1449 1684,1449 1684,1512 225,1512"/>
               </Shape>
               <TextLine ID="tl_18"
                         BASELINE="1511"
                         HEIGHT="61"
                         WIDTH="1457"
                         VPOS="1450"
                         HPOS="226">
                  <String ID="string_tl_18"
                          HEIGHT="61"
                          WIDTH="1457"
                          VPOS="1450"
                          HPOS="226"
                          CONTENT="88051 BARTET (Julia Régnault, Mme), artiste dramatique,"/>
               </TextLine>
            </TextBlock>
            <TextBlock ID="r_1_10"
                       HEIGHT="114"
                       WIDTH="1233"
                       VPOS="1505"
                       HPOS="453">
               <Shape>
                  <Polygon POINTS="453,1505 1686,1505 1686,1619 453,1619"/>
               </Shape>
               <TextLine ID="tl_19"
                         BASELINE="1562"
                         HEIGHT="56"
                         WIDTH="1228"
                         VPOS="1506"
                         HPOS="454">
                  <String ID="string_tl_19"
                          HEIGHT="56"
                          WIDTH="1228"
                          VPOS="1506"
                          HPOS="454"
                          CONTENT="sociétaire du Théâtre-Français. — L. a. s., 2 p. in-8°."/>
               </TextLine>
               <TextLine ID="tl_20"
                         BASELINE="1618"
                         HEIGHT="56"
                         WIDTH="1231"
                         VPOS="1562"
                         HPOS="454">
                  <String ID="string_tl_20"
                          HEIGHT="56"
                          WIDTH="1231"
                          VPOS="1562"
                          HPOS="454"
                          CONTENT="Jolie pièce. 10  »"/>
               </TextLine>
            </TextBlock>
            <TextBlock ID="r_1_11" HEIGHT="62" WIDTH="1456" VPOS="1636" HPOS="226">
               <Shape>
                  <Polygon POINTS="226,1636 1682,1636 1682,1698 226,1698"/>
               </Shape>
               <TextLine ID="tl_21"
                         BASELINE="1697"
                         HEIGHT="60"
                         WIDTH="1454"
                         VPOS="1637"
                         HPOS="227">
                  <String ID="string_tl_21"
                          HEIGHT="60"
                          WIDTH="1454"
                          VPOS="1637"
                          HPOS="227"
                          CONTENT="88052 BAYEN (Pierre), pharmacien et célèbre chimiste, dont les"/>
               </TextLine>
            </TextBlock>
            <TextBlock ID="r_1_12"
                       HEIGHT="168"
                       WIDTH="1235"
                       VPOS="1694"
                       HPOS="448">
               <Shape>
                  <Polygon POINTS="448,1694 1683,1694 1683,1862 448,1862"/>
               </Shape>
               <TextLine ID="tl_22"
                         BASELINE="1751"
                         HEIGHT="56"
                         WIDTH="1230"
                         VPOS="1695"
                         HPOS="452">
                  <String ID="string_tl_22"
                          HEIGHT="56"
                          WIDTH="1230"
                          VPOS="1695"
                          HPOS="452"
                          CONTENT="découvertes préparèrent celle de Lavoisier, né à Châlons-"/>
               </TextLine>
               <TextLine ID="tl_23"
                         BASELINE="1807"
                         HEIGHT="57"
                         WIDTH="1231"
                         VPOS="1750"
                         HPOS="449">
                  <String ID="string_tl_23"
                          HEIGHT="57"
                          WIDTH="1231"
                          VPOS="1750"
                          HPOS="449"
                          CONTENT="sur-Marne (Marne). — L. a. s. à M. Charlard, apothicaire"/>
               </TextLine>
               <TextLine ID="tl_24"
                         BASELINE="1861"
                         HEIGHT="56"
                         WIDTH="1174"
                         VPOS="1805"
                         HPOS="452">
                  <String ID="string_tl_24"
                          HEIGHT="56"
                          WIDTH="1174"
                          VPOS="1805"
                          HPOS="452"
                          CONTENT="du duc d’Orléans ; Bayeux, 22 septembre, 3 p. in-8°."/>
               </TextLine>
            </TextBlock>
            <TextBlock ID="r_1_13" HEIGHT="37" WIDTH="124" VPOS="1883" HPOS="1557">
               <Shape>
                  <Polygon POINTS="1557,1883 1681,1883 1681,1920 1557,1920"/>
               </Shape>
               <TextLine ID="tl_25"
                         BASELINE="1919"
                         HEIGHT="35"
                         WIDTH="122"
                         VPOS="1884"
                         HPOS="1558">
                  <String ID="string_tl_25"
                          HEIGHT="35"
                          WIDTH="122"
                          VPOS="1884"
                          HPOS="1558"
                          CONTENT="15 »"/>
               </TextLine>
            </TextBlock>
            <TextBlock ID="r_1_14" HEIGHT="47" WIDTH="1177" VPOS="1917" HPOS="414">
               <Shape>
                  <Polygon POINTS="414,1917 1591,1917 1591,1964 414,1964"/>
               </Shape>
               <TextLine ID="tl_26"
                         BASELINE="1963"
                         HEIGHT="45"
                         WIDTH="1175"
                         VPOS="1918"
                         HPOS="415">
                  <String ID="string_tl_26"
                          HEIGHT="45"
                          WIDTH="1175"
                          VPOS="1918"
                          HPOS="415"
                          CONTENT="Il l’entretient de ses travaux et se plaint d’être surchargé de travail."/>
               </TextLine>
            </TextBlock>
            <TextBlock ID="r_1_15" HEIGHT="61" WIDTH="1461" VPOS="1982" HPOS="220">
               <Shape>
                  <Polygon POINTS="220,1982 1681,1982 1681,2043 220,2043"/>
               </Shape>
               <TextLine ID="tl_27"
                         BASELINE="2042"
                         HEIGHT="59"
                         WIDTH="1459"
                         VPOS="1983"
                         HPOS="221">
                  <String ID="string_tl_27"
                          HEIGHT="59"
                          WIDTH="1459"
                          VPOS="1983"
                          HPOS="221"
                          CONTENT="88053 BECQUEREL (Antoine-César), célèbre physicien, membre"/>
               </TextLine>
            </TextBlock>
            <TextBlock ID="r_1_16"
                       HEIGHT="114"
                       WIDTH="1269"
                       VPOS="2040"
                       HPOS="410">
               <Shape>
                  <Polygon POINTS="410,2040 1679,2040 1679,2154 410,2154"/>
               </Shape>
               <TextLine ID="tl_28"
                         BASELINE="2101"
                         HEIGHT="60"
                         WIDTH="1267"
                         VPOS="2041"
                         HPOS="411">
                  <String ID="string_tl_28"
                          HEIGHT="60"
                          WIDTH="1267"
                          VPOS="2041"
                          HPOS="411"
                          CONTENT=" de l’Académie des Sciences. — L. a. s. ; Paris, 26 mai"/>
               </TextLine>
               <TextLine ID="tl_29"
                         BASELINE="2153"
                         HEIGHT="57"
                         WIDTH="1228"
                         VPOS="2096"
                         HPOS="450">
                  <String ID="string_tl_29"
                          HEIGHT="57"
                          WIDTH="1228"
                          VPOS="2096"
                          HPOS="450"
                          CONTENT="1868, 3 p. in-8°. 12 »"/>
               </TextLine>
            </TextBlock>
            <TextBlock ID="r_1_17" HEIGHT="47" WIDTH="1260" VPOS="2167" HPOS="417">
               <Shape>
                  <Polygon POINTS="417,2167 1677,2167 1677,2214 417,2214"/>
               </Shape>
               <TextLine ID="tl_30"
                         BASELINE="2213"
                         HEIGHT="45"
                         WIDTH="1258"
                         VPOS="2168"
                         HPOS="418">
                  <String ID="string_tl_30"
                          HEIGHT="45"
                          WIDTH="1258"
                          VPOS="2168"
                          HPOS="418"
                          CONTENT="Lettre scientifique relative à ses recherches sur le magnétisme de l’oxy¬"/>
               </TextLine>
            </TextBlock>
            <TextBlock ID="region_1551090676401_248"
                       HEIGHT="57"
                       WIDTH="108"
                       VPOS="2204"
                       HPOS="356">
               <Shape>
                  <Polygon POINTS="356,2204 464,2204 464,2261 356,2261"/>
               </Shape>
               <TextLine ID="line_1551090782555_272"
                         BASELINE="2253"
                         HEIGHT="50"
                         WIDTH="91"
                         VPOS="2203"
                         HPOS="366">
                  <String ID="string_line_1551090782555_272"
                          HEIGHT="50"
                          WIDTH="91"
                          VPOS="2203"
                          HPOS="366"
                          CONTENT="gène."/>
               </TextLine>
            </TextBlock>
            <TextBlock ID="r_1_18" HEIGHT="60" WIDTH="1457" VPOS="2278" HPOS="217">
               <Shape>
                  <Polygon POINTS="217,2278 1674,2278 1674,2338 217,2338"/>
               </Shape>
               <TextLine ID="tl_31"
                         BASELINE="2337"
                         HEIGHT="58"
                         WIDTH="1455"
                         VPOS="2279"
                         HPOS="218">
                  <String ID="string_tl_31"
                          HEIGHT="58"
                          WIDTH="1455"
                          VPOS="2279"
                          HPOS="218"
                          CONTENT="88054 BEDEAU (Alphonse), général de l’armée d’Afrique, il fut"/>
               </TextLine>
            </TextBlock>
            <TextBlock ID="r_1_19"
                       HEIGHT="169"
                       WIDTH="1231"
                       VPOS="2334"
                       HPOS="443">
               <Shape>
                  <Polygon POINTS="443,2334 1674,2334 1674,2503 443,2503"/>
               </Shape>
               <TextLine ID="tl_32"
                         BASELINE="2392"
                         HEIGHT="57"
                         WIDTH="1227"
                         VPOS="2335"
                         HPOS="446">
                  <String ID="string_tl_32"
                          HEIGHT="57"
                          WIDTH="1227"
                          VPOS="2335"
                          HPOS="446"
                          CONTENT="nommé divisionnaire après la bataille d’Isly, ministre de"/>
               </TextLine>
               <TextLine ID="tl_33"
                         BASELINE="2448"
                         HEIGHT="58"
                         WIDTH="1224"
                         VPOS="2390"
                         HPOS="445">
                  <String ID="string_tl_33"
                          HEIGHT="58"
                          WIDTH="1224"
                          VPOS="2390"
                          HPOS="445"
                          CONTENT="la guerre en 1848, né à Vertou près de Nantes. — L. a. s."/>
               </TextLine>
               <TextLine ID="tl_34"
                         BASELINE="2502"
                         HEIGHT="57"
                         WIDTH="1224"
                         VPOS="2445"
                         HPOS="444">
                  <String ID="string_tl_34"
                          HEIGHT="57"
                          WIDTH="1224"
                          VPOS="2445"
                          HPOS="444"
                          CONTENT="à un colonel; Constantine, 8 décembre 1846, 3 p. in-8°."/>
               </TextLine>
            </TextBlock>
            <TextBlock ID="r_1_20" HEIGHT="38" WIDTH="101" VPOS="2519" HPOS="1570">
               <Shape>
                  <Polygon POINTS="1570,2519 1671,2519 1671,2557 1570,2557"/>
               </Shape>
               <TextLine ID="tl_35"
                         BASELINE="2556"
                         HEIGHT="36"
                         WIDTH="99"
                         VPOS="2520"
                         HPOS="1571">
                  <String ID="string_tl_35"
                          HEIGHT="36"
                          WIDTH="99"
                          VPOS="2520"
                          HPOS="1571"
                          CONTENT="5 »"/>
               </TextLine>
            </TextBlock>
            <TextBlock ID="r_1_21" HEIGHT="82" WIDTH="1301" VPOS="2560" HPOS="370">
               <Shape>
                  <Polygon POINTS="370,2560 1671,2560 1671,2642 370,2642"/>
               </Shape>
               <TextLine ID="tl_36"
                         BASELINE="2606"
                         HEIGHT="45"
                         WIDTH="1261"
                         VPOS="2561"
                         HPOS="409">
                  <String ID="string_tl_36"
                          HEIGHT="45"
                          WIDTH="1261"
                          VPOS="2561"
                          HPOS="409"
                          CONTENT="Il lui donne les raisons pour lesquelles il ne peut inscrire le capitaine"/>
               </TextLine>
               <TextLine ID="tl_37"
                         BASELINE="2641"
                         HEIGHT="34"
                         WIDTH="602"
                         VPOS="2607"
                         HPOS="371">
                  <String ID="string_tl_37"
                          HEIGHT="34"
                          WIDTH="602"
                          VPOS="2607"
                          HPOS="371"
                          CONTENT="Rose sur le tableau d’avancement."/>
               </TextLine>
            </TextBlock>
            <TextBlock ID="r_1_22" HEIGHT="62" WIDTH="1459" VPOS="2670" HPOS="213">
               <Shape>
                  <Polygon POINTS="213,2670 1672,2670 1672,2732 213,2732"/>
               </Shape>
               <TextLine ID="tl_38"
                         BASELINE="2731"
                         HEIGHT="60"
                         WIDTH="1457"
                         VPOS="2671"
                         HPOS="214">
                  <String ID="string_tl_38"
                          HEIGHT="60"
                          WIDTH="1457"
                          VPOS="2671"
                          HPOS="214"
                          CONTENT="88055 BERLIOZ (Hector), l’illustre compositeur de musique. —"/>
               </TextLine>
            </TextBlock>
            <TextBlock ID="r_1_23" HEIGHT="64" WIDTH="1229" VPOS="2722" HPOS="441">
               <Shape>
                  <Polygon POINTS="441,2722 1670,2722 1670,2786 441,2786"/>
               </Shape>
               <TextLine ID="tl_39"
                         BASELINE="2785"
                         HEIGHT="62"
                         WIDTH="1227"
                         VPOS="2723"
                         HPOS="442">
                  <String ID="string_tl_39"
                          HEIGHT="62"
                          WIDTH="1227"
                          VPOS="2723"
                          HPOS="442"
                          CONTENT="L. a. s. à Érard, 2 p. in-8°. 25 »"/>
               </TextLine>
            </TextBlock>
            <TextBlock ID="r_1_24" HEIGHT="47" WIDTH="1257" VPOS="2799" HPOS="410">
               <Shape>
                  <Polygon POINTS="410,2799 1667,2799 1667,2846 410,2846"/>
               </Shape>
               <TextLine ID="tl_40"
                         BASELINE="2845"
                         HEIGHT="45"
                         WIDTH="1255"
                         VPOS="2800"
                         HPOS="411">
                  <String ID="string_tl_40"
                          HEIGHT="45"
                          WIDTH="1255"
                          VPOS="2800"
                          HPOS="411"
                          CONTENT="Il lui exprime le chagrin qu’il a ressenti en recevant son magnifique pré¬"/>
               </TextLine>
            </TextBlock>
         </PrintSpace>
      </Page>
   </Layout>
</alto>
