<?xml version="1.0" encoding="UTF-8"?>
<alto xmlns:xsi="http://www.w3.org/2001/XMLSchema-instance"
      xmlns="http://www.loc.gov/standards/alto/ns-v2#"
      xmlns:page="http://schema.primaresearch.org/PAGE/gts/pagecontent/2013-07-15"
      xsi:schemaLocation="http://www.loc.gov/standards/alto/ns-v2# http://www.loc.gov/standards/alto/alto.xsd">
   <Description>
      <MeasurementUnit>pixel</MeasurementUnit>
      <OCRProcessing ID="IdOcr">
         <ocrProcessingStep>
            <processingDateTime>2020-10-31T11:43:45.584+01:00</processingDateTime>
            <processingSoftware>
               <softwareCreator>READ COOP</softwareCreator>
               <softwareName>Transkribus</softwareName>
            </processingSoftware>
         </ocrProcessingStep>
      </OCRProcessing>
   </Description>
   <Layout>
      <Page ID="Page1" PHYSICAL_IMG_NR="1" HEIGHT="2906" WIDTH="1862">
         <TopMargin HEIGHT="85" WIDTH="1862" VPOS="0" HPOS="0"/>
         <LeftMargin HEIGHT="2490" WIDTH="185" VPOS="85" HPOS="0"/>
         <RightMargin HEIGHT="2490" WIDTH="117" VPOS="85" HPOS="1745"/>
         <BottomMargin HEIGHT="331" WIDTH="1862" VPOS="2575" HPOS="0"/>
         <PrintSpace HEIGHT="2490" WIDTH="1560" VPOS="85" HPOS="185">
            <TextBlock ID="r_1_1" HEIGHT="42" WIDTH="198" VPOS="94" HPOS="821">
               <Shape>
                  <Polygon POINTS="821,94 1019,94 1019,136 821,136"/>
               </Shape>
               <TextLine ID="tl_1"
                         BASELINE="135"
                         HEIGHT="40"
                         WIDTH="196"
                         VPOS="95"
                         HPOS="822">
                  <String ID="string_tl_1"
                          HEIGHT="40"
                          WIDTH="196"
                          VPOS="95"
                          HPOS="822"
                          CONTENT="— 13 —"/>
               </TextLine>
            </TextBlock>
            <TextBlock ID="r_2_1" HEIGHT="142" WIDTH="1236" VPOS="191" HPOS="421">
               <Shape>
                  <Polygon POINTS="421,191 1657,191 1657,333 421,333"/>
               </Shape>
               <TextLine ID="tl_2"
                         BASELINE="280"
                         HEIGHT="88"
                         WIDTH="1231"
                         VPOS="192"
                         HPOS="422">
                  <String ID="string_tl_2"
                          HEIGHT="88"
                          WIDTH="1231"
                          VPOS="192"
                          HPOS="422"
                          CONTENT="grande vogue à Paris. — L. a. s., en français, à Saint-"/>
               </TextLine>
               <TextLine ID="tl_3"
                         BASELINE="332"
                         HEIGHT="86"
                         WIDTH="1230"
                         VPOS="246"
                         HPOS="426">
                  <String ID="string_tl_3"
                          HEIGHT="86"
                          WIDTH="1230"
                          VPOS="246"
                          HPOS="426"
                          CONTENT="Georges, 2 p. 1/2 in-8°. 6 »"/>
               </TextLine>
            </TextBlock>
            <TextBlock ID="r_2_2" HEIGHT="125" WIDTH="1304" VPOS="315" HPOS="357">
               <Shape>
                  <Polygon POINTS="357,315 1661,315 1661,440 357,440"/>
               </Shape>
               <TextLine ID="tl_4"
                         BASELINE="395"
                         HEIGHT="79"
                         WIDTH="1259"
                         VPOS="316"
                         HPOS="401">
                  <String ID="string_tl_4"
                          HEIGHT="79"
                          WIDTH="1259"
                          VPOS="316"
                          HPOS="401"
                          CONTENT="Il lui demande une loge pour saluer la nouvelle étoile qu’il va « lancer"/>
               </TextLine>
               <TextLine ID="tl_5"
                         BASELINE="439"
                         HEIGHT="60"
                         WIDTH="729"
                         VPOS="379"
                         HPOS="358">
                  <String ID="string_tl_5"
                          HEIGHT="60"
                          WIDTH="729"
                          VPOS="379"
                          HPOS="358"
                          CONTENT="dans la sphère de la poésie dramatique. »"/>
               </TextLine>
            </TextBlock>
            <TextBlock ID="r_2_3" HEIGHT="101" WIDTH="1457" VPOS="431" HPOS="202">
               <Shape>
                  <Polygon POINTS="202,431 1659,431 1659,532 202,532"/>
               </Shape>
               <TextLine ID="tl_6"
                         BASELINE="531"
                         HEIGHT="99"
                         WIDTH="1455"
                         VPOS="432"
                         HPOS="203">
                  <String ID="string_tl_6"
                          HEIGHT="99"
                          WIDTH="1455"
                          VPOS="432"
                          HPOS="203"
                          CONTENT="88124 LA TOUR DU PIN-GOUVERNET (Jean-Frédéric de),"/>
               </TextLine>
            </TextBlock>
            <TextBlock ID="r_2_4" HEIGHT="366" WIDTH="1243" VPOS="488" HPOS="432">
               <Shape>
                  <Polygon POINTS="432,488 1675,488 1675,854 432,854"/>
               </Shape>
               <TextLine ID="tl_7"
                         BASELINE="577"
                         HEIGHT="88"
                         WIDTH="1233"
                         VPOS="489"
                         HPOS="433">
                  <String ID="string_tl_7"
                          HEIGHT="88"
                          WIDTH="1233"
                          VPOS="489"
                          HPOS="433"
                          CONTENT="lieutenant-général, député de la noblesse de la séné¬"/>
               </TextLine>
               <TextLine ID="tl_8"
                         BASELINE="629"
                         HEIGHT="89"
                         WIDTH="1231"
                         VPOS="540"
                         HPOS="435">
                  <String ID="string_tl_8"
                          HEIGHT="89"
                          WIDTH="1231"
                          VPOS="540"
                          HPOS="435"
                          CONTENT="chaussée de Saintes aux États-Généraux, ministre de la"/>
               </TextLine>
               <TextLine ID="tl_9"
                         BASELINE="688"
                         HEIGHT="88"
                         WIDTH="1233"
                         VPOS="600"
                         HPOS="436">
                  <String ID="string_tl_9"
                          HEIGHT="88"
                          WIDTH="1233"
                          VPOS="600"
                          HPOS="436"
                          CONTENT="guerre après le 4 août 1789, il rétablit l’ordre et la disci¬"/>
               </TextLine>
               <TextLine ID="tl_10"
                         BASELINE="745"
                         HEIGHT="91"
                         WIDTH="1234"
                         VPOS="654"
                         HPOS="436">
                  <String ID="string_tl_10"
                          HEIGHT="91"
                          WIDTH="1234"
                          VPOS="654"
                          HPOS="436"
                          CONTENT="pline dans l’armée, né à Grenoble (Isère), décapité le"/>
               </TextLine>
               <TextLine ID="tl_11"
                         BASELINE="800"
                         HEIGHT="91"
                         WIDTH="1228"
                         VPOS="709"
                         HPOS="441">
                  <String ID="string_tl_11"
                          HEIGHT="91"
                          WIDTH="1228"
                          VPOS="709"
                          HPOS="441"
                          CONTENT="28 avril 1794. — L. s. ; Paris, 17 novembre 1789, 1 p."/>
               </TextLine>
               <TextLine ID="tl_12"
                         BASELINE="853"
                         HEIGHT="88"
                         WIDTH="1232"
                         VPOS="765"
                         HPOS="442">
                  <String ID="string_tl_12"
                          HEIGHT="88"
                          WIDTH="1232"
                          VPOS="765"
                          HPOS="442"
                          CONTENT="in-4°. 5 »"/>
               </TextLine>
            </TextBlock>
            <TextBlock ID="r_2_5" HEIGHT="98" WIDTH="1458" VPOS="846" HPOS="218">
               <Shape>
                  <Polygon POINTS="218,846 1676,846 1676,944 218,944"/>
               </Shape>
               <TextLine ID="tl_13"
                         BASELINE="943"
                         HEIGHT="96"
                         WIDTH="1456"
                         VPOS="847"
                         HPOS="219">
                  <String ID="string_tl_13"
                          HEIGHT="96"
                          WIDTH="1456"
                          VPOS="847"
                          HPOS="219"
                          CONTENT="88125 LAVATER (Jean-Gaspard), philosophe et écrivain suisse,"/>
               </TextLine>
            </TextBlock>
            <TextBlock ID="r_2_6" HEIGHT="199" WIDTH="1237" VPOS="902" HPOS="446">
               <Shape>
                  <Polygon POINTS="446,902 1683,902 1683,1101 446,1101"/>
               </Shape>
               <TextLine ID="tl_14"
                         BASELINE="990"
                         HEIGHT="87"
                         WIDTH="1230"
                         VPOS="903"
                         HPOS="447">
                  <String ID="string_tl_14"
                          HEIGHT="87"
                          WIDTH="1230"
                          VPOS="903"
                          HPOS="447"
                          CONTENT="créateur de la physiognomonie, né à Zurich. — 1° L. a. s.,"/>
               </TextLine>
               <TextLine ID="tl_15"
                         BASELINE="1047"
                         HEIGHT="89"
                         WIDTH="1234"
                         VPOS="958"
                         HPOS="448">
                  <String ID="string_tl_15"
                          HEIGHT="89"
                          WIDTH="1234"
                          VPOS="958"
                          HPOS="448"
                          CONTENT="en français, au chevalier de Pougens; Zurich, 18 août"/>
               </TextLine>
               <TextLine ID="tl_16"
                         BASELINE="1100"
                         HEIGHT="60"
                         WIDTH="373"
                         VPOS="1040"
                         HPOS="454">
                  <String ID="string_tl_16"
                          HEIGHT="60"
                          WIDTH="373"
                          VPOS="1040"
                          HPOS="454"
                          CONTENT="1790, 2 p. in-16."/>
               </TextLine>
            </TextBlock>
            <TextBlock ID="r_2_7" HEIGHT="124" WIDTH="1308" VPOS="1084" HPOS="379">
               <Shape>
                  <Polygon POINTS="379,1084 1687,1084 1687,1208 379,1208"/>
               </Shape>
               <TextLine ID="tl_17"
                         BASELINE="1161"
                         HEIGHT="76"
                         WIDTH="1269"
                         VPOS="1085"
                         HPOS="417">
                  <String ID="string_tl_17"
                          HEIGHT="76"
                          WIDTH="1269"
                          VPOS="1085"
                          HPOS="417"
                          CONTENT="Il lui transmet ses observations sur trois portraits qu’il lui a soumis, bien"/>
               </TextLine>
               <TextLine ID="tl_18"
                         BASELINE="1207"
                         HEIGHT="70"
                         WIDTH="1055"
                         VPOS="1137"
                         HPOS="380">
                  <String ID="string_tl_18"
                          HEIGHT="70"
                          WIDTH="1055"
                          VPOS="1137"
                          HPOS="380"
                          CONTENT="qu’il se soit fait une règle de ne jamais juger sur des portraits."/>
               </TextLine>
            </TextBlock>
            <TextBlock ID="r_2_8" HEIGHT="87" WIDTH="1180" VPOS="1204" HPOS="458">
               <Shape>
                  <Polygon POINTS="458,1204 1638,1204 1638,1291 458,1291"/>
               </Shape>
               <TextLine ID="tl_19"
                         BASELINE="1290"
                         HEIGHT="85"
                         WIDTH="1178"
                         VPOS="1205"
                         HPOS="459">
                  <String ID="string_tl_19"
                          HEIGHT="85"
                          WIDTH="1178"
                          VPOS="1205"
                          HPOS="459"
                          CONTENT="2° Page aut., en allemand, 1 p. in-8°, sur léger carton."/>
               </TextLine>
            </TextBlock>
            <TextBlock ID="r_2_9" HEIGHT="59" WIDTH="645" VPOS="1292" HPOS="423">
               <Shape>
                  <Polygon POINTS="423,1292 1068,1292 1068,1351 423,1351"/>
               </Shape>
               <TextLine ID="tl_20"
                         BASELINE="1350"
                         HEIGHT="57"
                         WIDTH="643"
                         VPOS="1293"
                         HPOS="424">
                  <String ID="string_tl_20"
                          HEIGHT="57"
                          WIDTH="643"
                          VPOS="1293"
                          HPOS="424"
                          CONTENT="Feuillet III de ses Algemeine Regeln."/>
               </TextLine>
            </TextBlock>
            <TextBlock ID="r_2_10" HEIGHT="88" WIDTH="1238" VPOS="1335" HPOS="460">
               <Shape>
                  <Polygon POINTS="460,1335 1698,1335 1698,1423 460,1423"/>
               </Shape>
               <TextLine ID="tl_21"
                         BASELINE="1422"
                         HEIGHT="86"
                         WIDTH="1236"
                         VPOS="1336"
                         HPOS="461">
                  <String ID="string_tl_21"
                          HEIGHT="86"
                          WIDTH="1236"
                          VPOS="1336"
                          HPOS="461"
                          CONTENT="Les deux pièces. 20 »"/>
               </TextLine>
            </TextBlock>
            <TextBlock ID="r_2_11" HEIGHT="96" WIDTH="1463" VPOS="1417" HPOS="236">
               <Shape>
                  <Polygon POINTS="236,1417 1699,1417 1699,1513 236,1513"/>
               </Shape>
               <TextLine ID="tl_22"
                         BASELINE="1512"
                         HEIGHT="94"
                         WIDTH="1461"
                         VPOS="1418"
                         HPOS="237">
                  <String ID="string_tl_22"
                          HEIGHT="94"
                          WIDTH="1461"
                          VPOS="1418"
                          HPOS="237"
                          CONTENT="88126 LEBEAU (Charles), historien, membre de l’Académie des"/>
               </TextLine>
            </TextBlock>
            <TextBlock ID="r_2_12"
                       HEIGHT="196"
                       WIDTH="1239"
                       VPOS="1471"
                       HPOS="466">
               <Shape>
                  <Polygon POINTS="466,1471 1705,1471 1705,1667 466,1667"/>
               </Shape>
               <TextLine ID="tl_23"
                         BASELINE="1560"
                         HEIGHT="88"
                         WIDTH="1237"
                         VPOS="1472"
                         HPOS="467">
                  <String ID="string_tl_23"
                          HEIGHT="88"
                          WIDTH="1237"
                          VPOS="1472"
                          HPOS="467"
                          CONTENT="Inscriptions, auteur de l’Histoire du Bas-Empire, né à"/>
               </TextLine>
               <TextLine ID="tl_24"
                         BASELINE="1613"
                         HEIGHT="86"
                         WIDTH="1237"
                         VPOS="1527"
                         HPOS="467">
                  <String ID="string_tl_24"
                          HEIGHT="86"
                          WIDTH="1237"
                          VPOS="1527"
                          HPOS="467"
                          CONTENT="Paris. — L. a. s. à d’Anville; 19 juin 1771, 3 p. in-4°,"/>
               </TextLine>
               <TextLine ID="tl_25"
                         BASELINE="1666"
                         HEIGHT="80"
                         WIDTH="1235"
                         VPOS="1586"
                         HPOS="469">
                  <String ID="string_tl_25"
                          HEIGHT="80"
                          WIDTH="1235"
                          VPOS="1586"
                          HPOS="469"
                          CONTENT="adresse, cachet. 15 »"/>
               </TextLine>
            </TextBlock>
            <TextBlock ID="r_2_13"
                       HEIGHT="172"
                       WIDTH="1313"
                       VPOS="1650"
                       HPOS="394">
               <Shape>
                  <Polygon POINTS="394,1650 1707,1650 1707,1822 394,1822"/>
               </Shape>
               <TextLine ID="tl_26"
                         BASELINE="1729"
                         HEIGHT="78"
                         WIDTH="1271"
                         VPOS="1651"
                         HPOS="435">
                  <String ID="string_tl_26"
                          HEIGHT="78"
                          WIDTH="1271"
                          VPOS="1651"
                          HPOS="435"
                          CONTENT="Il s’excuse des critiques qu’il a portées contre un ouvrage. Il croyait s’a¬"/>
               </TextLine>
               <TextLine ID="tl_27"
                         BASELINE="1773"
                         HEIGHT="78"
                         WIDTH="1311"
                         VPOS="1695"
                         HPOS="395">
                  <String ID="string_tl_27"
                          HEIGHT="78"
                          WIDTH="1311"
                          VPOS="1695"
                          HPOS="395"
                          CONTENT="dresser à un confrère fort au-dessus de ces bagatelles, mais l’Académie est"/>
               </TextLine>
               <TextLine ID="tl_28"
                         BASELINE="1821"
                         HEIGHT="75"
                         WIDTH="1160"
                         VPOS="1746"
                         HPOS="396">
                  <String ID="string_tl_28"
                          HEIGHT="75"
                          WIDTH="1160"
                          VPOS="1746"
                          HPOS="396"
                          CONTENT="témoin qu’il est rempli d’estime pour d’Anville et pour ses œuvres."/>
               </TextLine>
            </TextBlock>
            <TextBlock ID="r_2_14"
                       HEIGHT="101"
                       WIDTH="1466"
                       VPOS="1811"
                       HPOS="247">
               <Shape>
                  <Polygon POINTS="247,1811 1713,1811 1713,1912 247,1912"/>
               </Shape>
               <TextLine ID="tl_29"
                         BASELINE="1911"
                         HEIGHT="99"
                         WIDTH="1464"
                         VPOS="1812"
                         HPOS="248">
                  <String ID="string_tl_29"
                          HEIGHT="99"
                          WIDTH="1464"
                          VPOS="1812"
                          HPOS="248"
                          CONTENT="88127 LEMAITRE (Jules), célèbre écrivain et critique, membre de"/>
               </TextLine>
            </TextBlock>
            <TextBlock ID="r_2_15"
                       HEIGHT="206"
                       WIDTH="1243"
                       VPOS="1867"
                       HPOS="477">
               <Shape>
                  <Polygon POINTS="477,1867 1720,1867 1720,2073 477,2073"/>
               </Shape>
               <TextLine ID="tl_30"
                         BASELINE="1957"
                         HEIGHT="89"
                         WIDTH="1234"
                         VPOS="1868"
                         HPOS="478">
                  <String ID="string_tl_30"
                          HEIGHT="89"
                          WIDTH="1234"
                          VPOS="1868"
                          HPOS="478"
                          CONTENT="l’Académie française, né à Vennecy (Loiret). — L. a. s.,"/>
               </TextLine>
               <TextLine ID="tl_31"
                         BASELINE="2014"
                         HEIGHT="91"
                         WIDTH="1235"
                         VPOS="1923"
                         HPOS="480">
                  <String ID="string_tl_31"
                          HEIGHT="91"
                          WIDTH="1235"
                          VPOS="1923"
                          HPOS="480"
                          CONTENT="sur une carte correspondance, à M. Brieux; 5 novembre"/>
               </TextLine>
               <TextLine ID="tl_32"
                         BASELINE="2072"
                         HEIGHT="95"
                         WIDTH="1235"
                         VPOS="1977"
                         HPOS="484">
                  <String ID="string_tl_32"
                          HEIGHT="95"
                          WIDTH="1235"
                          VPOS="1977"
                          HPOS="484"
                          CONTENT="1890, 1 p. in-16. 6 »"/>
               </TextLine>
            </TextBlock>
            <TextBlock ID="r_2_16"
                       HEIGHT="171"
                       WIDTH="1318"
                       VPOS="2043"
                       HPOS="406">
               <Shape>
                  <Polygon POINTS="406,2043 1724,2043 1724,2214 406,2214"/>
               </Shape>
               <TextLine ID="tl_33"
                         BASELINE="2131"
                         HEIGHT="87"
                         WIDTH="1274"
                         VPOS="2044"
                         HPOS="447">
                  <String ID="string_tl_33"
                          HEIGHT="87"
                          WIDTH="1274"
                          VPOS="2044"
                          HPOS="447"
                          CONTENT="Il a publié dans la Revue Bleue une longue étude sur Flaubert, mais il ne"/>
               </TextLine>
               <TextLine ID="tl_34"
                         BASELINE="2176"
                         HEIGHT="83"
                         WIDTH="1316"
                         VPOS="2093"
                         HPOS="407">
                  <String ID="string_tl_34"
                          HEIGHT="83"
                          WIDTH="1316"
                          VPOS="2093"
                          HPOS="407"
                          CONTENT="l’a pas recueillie dans ses Contemporains, parce qu’il la trouvait trop impar¬"/>
               </TextLine>
               <TextLine ID="tl_35"
                         BASELINE="2213"
                         HEIGHT="29"
                         WIDTH="91"
                         VPOS="2184"
                         HPOS="409">
                  <String ID="string_tl_35"
                          HEIGHT="29"
                          WIDTH="91"
                          VPOS="2184"
                          HPOS="409"
                          CONTENT="faite."/>
               </TextLine>
            </TextBlock>
            <TextBlock ID="r_2_17"
                       HEIGHT="102"
                       WIDTH="1471"
                       VPOS="2209"
                       HPOS="259">
               <Shape>
                  <Polygon POINTS="259,2209 1730,2209 1730,2311 259,2311"/>
               </Shape>
               <TextLine ID="tl_36"
                         BASELINE="2310"
                         HEIGHT="100"
                         WIDTH="1469"
                         VPOS="2210"
                         HPOS="260">
                  <String ID="string_tl_36"
                          HEIGHT="100"
                          WIDTH="1469"
                          VPOS="2210"
                          HPOS="260"
                          CONTENT="88128 LENORMAND (Marie-Anne-Adélaïde), fameuse devine¬"/>
               </TextLine>
            </TextBlock>
            <TextBlock ID="r_2_18"
                       HEIGHT="149"
                       WIDTH="1243"
                       VPOS="2264"
                       HPOS="490">
               <Shape>
                  <Polygon POINTS="490,2264 1733,2264 1733,2413 490,2413"/>
               </Shape>
               <TextLine ID="tl_37"
                         BASELINE="2356"
                         HEIGHT="91"
                         WIDTH="1239"
                         VPOS="2265"
                         HPOS="491">
                  <String ID="string_tl_37"
                          HEIGHT="91"
                          WIDTH="1239"
                          VPOS="2265"
                          HPOS="491"
                          CONTENT="resse, née à Alençon (Orne). —- L. a. s. à M.M. Treuttel"/>
               </TextLine>
               <TextLine ID="tl_38"
                         BASELINE="2412"
                         HEIGHT="88"
                         WIDTH="1238"
                         VPOS="2324"
                         HPOS="494">
                  <String ID="string_tl_38"
                          HEIGHT="88"
                          WIDTH="1238"
                          VPOS="2324"
                          HPOS="494"
                          CONTENT="et Wurtz; 20 janvier 1823, 1 p. in-4°. 10 »"/>
               </TextLine>
            </TextBlock>
            <TextBlock ID="r_2_19" HEIGHT="78" WIDTH="1141" VPOS="2394" HPOS="460">
               <Shape>
                  <Polygon POINTS="460,2394 1601,2394 1601,2472 460,2472"/>
               </Shape>
               <TextLine ID="tl_39"
                         BASELINE="2471"
                         HEIGHT="76"
                         WIDTH="1139"
                         VPOS="2395"
                         HPOS="461">
                  <String ID="string_tl_39"
                          HEIGHT="76"
                          WIDTH="1139"
                          VPOS="2395"
                          HPOS="461"
                          CONTENT="Elle leur réclame 178 francs pour trois douzaines de ses Souvenirs."/>
               </TextLine>
            </TextBlock>
            <TextBlock ID="r_2_20"
                       HEIGHT="105"
                       WIDTH="1467"
                       VPOS="2463"
                       HPOS="270">
               <Shape>
                  <Polygon POINTS="270,2463 1737,2463 1737,2568 270,2568"/>
               </Shape>
               <TextLine ID="tl_40"
                         BASELINE="2567"
                         HEIGHT="103"
                         WIDTH="1465"
                         VPOS="2464"
                         HPOS="271">
                  <String ID="string_tl_40"
                          HEIGHT="103"
                          WIDTH="1465"
                          VPOS="2464"
                          HPOS="271"
                          CONTENT="88129 LESLIE (John), physicien et mathématicien écossais. —"/>
               </TextLine>
            </TextBlock>
         </PrintSpace>
      </Page>
   </Layout>
</alto>
