1891 2952
860 121 211 53 — 11 —

245 219 1458 91 88110 GENTIL (Émile), voyageur, qui explora le centre de l’Afri¬

475 280 1227 79 que, né à Volmunster (Moselle). — L. a. s. ; Marseille,

476 335 1231 79 24 février 1899, 1 p. 1/2 in-8°. 8 »

443 401 1266 65 Il exprime le regret de ne pouvoir faire des conférences à Bruxelles et à

403 472 131 31 Anvers.

254 510 1454 88 88111 GRAMONT (Antoine-Alfred-Agénor, duc de), diplomate,

483 567 1230 79 ministre des Affaires étrangères au moment de la décla¬

484 622 1231 78 ration de guerre de 1870. — L. s. au directeur du Nou¬

489 678 1225 80 velliste de Rouen; Londres, 2 novembre 1870, 3 p. in-8°.

1591 749 125 28 20 »

458 793 1260 67 Lettre historique relative à la renonciation du prince de Hohenzollern;

416 837 1304 68 il dément l’information qui affirme que lord Lyons avait l’intention de

414 880 1306 68 s’entremettre entre la Prusse et la France et qu’il ait refusé cette interven¬

415 953 77 29 tion.

265 991 1459 83 88112 GRANDVILLE (Jean-Ignace), célèbre dessinateur et cari¬

493 1048 1232 76 caturiste, né à Nancy. — L. a. s. au docteur Marx;

496 1103 1233 77 mardi 19, 1 p. in-8°. Peu commun. 15 »

267 1191 1462 84 88113 GUISE (François de Lorraine, duc de), illustre guerrier

499 1248 1231 76 du xvie siècle, assassiné à Orléans par Poltrot de Méré,

500 1303 1232 77 en 1563. — L. a. s. à son beau-père, Hercule II, duc de

501 1358 1234 77 Ferrare; Paris, 16 mai (1559), 4 p. in-folio. 500 »

470 1424 1268 64 Précieuse pièce dans laquelle il l’invite à venir à Paris (pour assister aux

429 1468 1310 65 fêtes données à l’occasion du mariage de Philippe II avec la fille d’Henri II) ;

430 1511 1311 67 il lui explique que son fils (le futur Alphonse II, qui vivait à la Cour de

431 1555 1309 67 France) ne peut quitter Paris parce que le roi l’a choisi pour un de ses te¬

430 1599 1313 67 nants dans le tournoi. -(C’est au cours de ce tournoi qu’Henri II fut blessé

430 1662 607 50 mortellement par Montgommery).

282 1715 1463 85 88114 GUISE (Henri de Lorraine, duc de), dit le Balafré, assas¬

509 1770 1233 77 siné à Blois en 1588. — L. aut., signée de son paraphe,

512 1824 1232 80 à M. d’Entraigues, gouverneur du duché d’Orléans; ce

513 1880 1229 82 treize, 2 p. 1/4 in-folio, coupée dans les plis, légères taches.

1599 1945 148 38 250 »

482 1994 1268 66 Curieuse lettre. Il lui offre des tiercelets puis lui parle de la guerre. Les

442 2038 1306 73 ivrognes d’Allemagne ne sortent pas des étables de Strasbourg ; ils n’ont rien

443 2083 1307 71 traité parce que l’argent d’Angleterre manque. Le prince de Parme a pris

444 2127 1308 69 trois villes en Gueldre et il passe le Rhin pour assiéger ce qui reste entre les

445 2167 1307 75 mains des hérétiques dans l’évêché de Cologne, à la barbe des Allemands.

447 2216 1306 71 « Il assiège Nuz (Neuss?), qui seule tiendra et croys dans dix jours il sera

447 2261 1306 69 dedans. Un servyteur capable, autorizé de son maytre, absolu comman¬

448 2304 1307 71 deur, sans avoir affaire à robes longues, secrétaires et trésoriers, peut beau¬

448 2348 1307 73 coup antreprendre et exécuter. Plut à Dieu en fussions insy hors des mains

450 2392 1305 72 de telles pestes et près d’aller assiéger Strasbourg estandant nos limites au

452 2474 119 35 Ryn. »

299 2509 1462 88 88115 HAHNEMANN (Samuel), médecin allemand, fondateur de
