1882 3072
891 381 195 40 — 30 —

486 484 1239 78 finances de la Convention ; Paris, 20 vendémiaire an III,

486 540 1239 79 I p. 1/2 in-4°, vignette imprimée. 5 »

249 611 1474 88 88212 GARRAN DE COULON (Jean-Philippe), avocat au dépar¬

481 674 1237 77 tement de Paris, député du Loiret à la Convention,

477 729 1241 78 né à Saint-Maixent (Deux-Sèvres). — L. a. s. ; Paris,

480 786 1239 77 II avril 1807, 1 p. in-4°. 10 »

441 853 1274 66 Il appuie la demande de la justice de paix de Champdeniers (Deux-Sèvres),

397 896 1318 68 faite par M. Citois, ex-notaire à Xaintrais. « C’est un père de famille, acqué¬

396 940 1321 66 reur de domaines nationaux, intelligent et affectionné au gouvernement. »

239 1002 1476 84 88213 GARRAU (Pierre-Anselme), avocat, député de la Gironde

471 1065 1239 76 à la Convention, né à Sainte-Foy (Gironde). — L. a. s.

469 1121 1238 81 au ministre de la Guerre ; Paris, 13 prairial an VII, 1 p.

470 1177 1240 76 in-4°. 8 »

236 1248 1472 87 88214 GASPARIN (Thomas-Augustin), officier, député des Bou¬

464 1313 1242 76 ches-du-Rhône à l’Assemblée législative et à la Conven¬

463 1368 1240 78 tion, né à Orange (Vaucluse). — L. a. s. ; Paris, 20 février

464 1426 1237 76 1792, 2 p. in-4°. 10 »

430 1490 1267 64 Il recommande un de ses compatriotes, M. Servais de Laval, pour un

387 1534 455 46 emploi de la gendarmerie.

228 1595 1470 85 88215 GASTON (Raymond), homme de loi, député de l’Ariège à

456 1657 1241 77 l’Assemblée législative et à la Convention, né à Foix

459 1713 1236 77 (Ariège). — L. a. s. au ministère de la guerre ; Paris,

453 1769 1244 78 4 avril an IV de la Liberté (1792), 1 p. in-4°. 10 »

417 1834 1278 65 Il se joint au maire de Paris, Petion, pour faire jouir de l’amnistie le jeune

376 1877 1318 66 Deveze, fils du commissaire de la section du Roule. Son frère, colonel du

377 1924 983 58 54e régiment d’infanterie, le recevra dans son régiment.

221 1986 1472 85 88216 GAUDIN (Joseph-Marie-Jacques-François), député de la

450 2049 1241 77 Vendée à l’Assemblée législative et à la Convention, né

448 2105 1242 77 aux Sables d’Olonne (Vendée). — L. s. aux membres de

446 2160 1241 72 la Commission de la marine et des colonies ; aux Sables,

447 2216 1241 78 14 ventôse an III, 1/2 p. in-folio, vignette imprimée avec

442 2273 1244 76 la devise : Humanité. Justice. 10 »

213 2344 1472 85 88217 GAULTIER (René-Claude), député des Côtes-du-Nord à la

442 2406 1240 78 Convention, né à Pontrieux (Côtes-du-Nord). —- L. a. s.,

438 2462 1244 78 signée aussi par son collègue G. Couppé, aux membres

438 2518 1190 75 du Directoire ; Paris, 5 vendémiaire an VI, 1 p. in-4°.

1558 2608 123 30 10 »

402 2638 1277 65 Recommandation en faveur du citoyen Thomas, chef du 4e bataillon des

358 2681 1320 66 Côtes-du-Nord, qui demande une place de chef d’escadron dans la gendar¬

344 2726 135 40 merie.

205 2788 1470 85 88218 GAUTHIER (Antoine-François), avocat, .député du Tiers
