1861 3015
746 225 201 51 - 15 -

348 339 1226 69 — L. a. s. au cardinal de Fleury ; (avril 1732), 1/2 p. in-4°,

349 394 1226 69 adresse, cachets armoriés bien conservés, soies rouges.

349 449 1228 68 Superbe pièce. 350 »

319 514 1258 57 Elle le prie de lui mander des nouvelles de la santé du roi, qui est l’uni¬

281 559 1298 59 que chose qui l’intéresse. Elle s’est relevée [des couches de Mme Adélaïde]

273 612 655 41 ce matin et elle a été voir ses enfants.

134 670 1448 77 88136 MARIE-AMÉLIE, reine des Français, épouse de Louis-Phi¬

355 732 1227 67 lippe. — L. a. s. à une comtesse; Claremont, 3 décembre

360 787 1225 67 1849, 2 p. 1/2 in-8°. 15 »

139 873 1446 72 88137 MASCAGNI (Paolo), célèbre anatomiste italien, né près de

361 928 1226 69 Sienne. — L. a. s. à M. Courvoisier; Castellette, 19 sep¬

362 984 1226 65 tembre 1812, 1 p. in-4°. 10 »

144 1067 1448 71 88138 MASSENET (Jules), le célèbre compositeur de musique. —

364 1122 1228 69 Deux mesures de musique aut. sig. ; Paris, 1891, 1 p. in-8°

366 1179 1226 66 oblong. 15 »

335 1250 720 46 Fragments du deuxième acte de Manon.

148 1311 1448 69 88139 MASSEY (Pierre-François), député de la Somme à l’Assem¬

371 1366 1226 66 blée législative, né à Amiens (Somme). — L. a. s. à

372 1421 1175 66 M. Cadet de Chambine ; Paris, 16 juin 1792, 1 p. in-4°.

1501 1487 103 38 3 »

156 1549 1447 73 88140 MAUPASSANT (Guy de), le célèbre romancier. — L. a. s. ;

375 1597 1230 79 Cannes, 1 p. 1/2 in-8°. 20 »

343 1671 1262 55 Il donne l’autorisation de reproduire Pierre et Jean à partir du 1er mars.

156 1745 1450 72 88141 MAUPERTUIS (Pierre-Louis Moreau de), célèbre géomètre,

379 1800 1230 66 né à Saint-Malo. — L. a. s. ; mardi 14, 1 p. in-4°. 25 »

348 1865 1262 56 Curieuse lettre dans laquelle il fait allusion aux pamphlets répandus

308 1909 1303 58 contre lui. Il demande quel effet a produit à Potsdam la lettre de son géné¬

309 1970 479 36 reux et sublime bienfaiteur.

161 2022 1453 74 88142 MONTPENSIER (Anne-Marie-Louise d’ORLÉANS, duchesse

386 2078 1229 71 de), dite la Grande Mademoiselle, fille de Gaston d’Or¬

386 2134 1227 67 léans, une des héroïnes de la Fronde. — P. s. sur vélin ;

389 2188 1224 70 Saint-Germain, 18 septembre 1668, 1 p. in-40, fragment

390 2248 1226 65 de cachet en cire rouge. 35 »

357 2309 1258 58 Mandement au chapitre de la collégiale de Saint-Ebron et Saint-Firmin

318 2354 1298 60 de Mortain pour les informer qu’elle a octroyé à Jacques Le Royer, prê¬

319 2397 1298 58 tre du diocèse du Mans, la chanoinie et prébende de la collégiale de Mor¬

321 2462 328 34 tain dite de Condé.

171 2510 1454 73 88143 MONTPENSIER (Louis II de Bourbon, duc de), gouver¬

398 2564 1228 71 neur de Bretagne à l’époque de la Saint-Barthélemy et

400 2620 1228 73 général en chef de l’armée du Poitou, connu par ses
