1874 3020
952 181 196 36 — 22 —

330 291 1454 65 88180 WILLETTE (Adolphe), le spirituel dessinateur. — L. a. s.;

556 347 1231 64 Paris, 24 mars 1887, 1 p. in-4°. 15 »

521 415 1011 49 Il pourra exécuter un dessin; il demande vingt louis d’or.

330 475 1457 69 88181 WILSON (Woodrow), le président actuel des États-Unis. —

557 536 1224 65 L. s. à M. Carroll; New-Jersey, 4 décembre 1911, 1 p.

557 596 1228 55 in-4°. 100 »

522 658 1262 48 Très curieuse lettre dans laquelle il le remercie de lui avoir fait part de la

482 702 1302 46 fondation d’un club Woodrow Wilson à Memphis, à l’occasion de son élec¬

482 742 1302 55 tion à la présidence des États-Unis. « It would be a matter of the deepest

481 790 1307 50 possible gratification to me if I could feel that I had been the means of

482 835 1303 51 drawing the various groups of the Democratie party in Tennessee toge¬

482 894 110 27 ther. »

851 1065 426 53 DOCUMENTS

330 1275 1455 64 88182 PROCÈS ET JUGEMENT DE LOUIS XVI. — 11 pièces ori¬

557 1348 157 47 ginales.

611 1400 1174 58 1° L. s. d’ANAXAGORAS CHAUMETTE, procureur de

559 1456 1225 59 la Commune de Paris; 9 décembre 1792, 2 p. in-4°, tête

561 1519 460 52 et vignette imprimée.

529 1577 1255 47 Il est de l’intérêt de la République que les citoyens ramassent toutes leurs

485 1619 1300 48 forces et toutes leurs volontés pour maintenir dans Paris la tranquillité la

485 1663 1301 50 plus parfaite. « Il faut que nos frères des 83 autres départements se disent

485 1709 1305 47 en voyant notre conduite à l’époque du jugement de Louis le dernier, ceux

486 1753 1303 49 qui, depuis longtemps, déclament contre les citoyens de Paris, sont des

485 1797 1302 48 traîtres. Les Parisiens sont toujours les mêmes, toujours nos amis. » Il

485 1841 1305 50 appelle l’attention sur les personnages inconnus qui circulent dans les

484 1899 230 36 lieux publics.

612 1952 1178 61 2° P. s. (griffe) par COULOMBEAU; Paris, 11 décembre

563 2017 398 53 1792, 1 p. in-folio.

527 2074 1266 48 Ordre d’envoyer aux 48 sections l’ordre d’illuminer Paris pendant le pro¬

486 2126 615 41 cès de Louis Capet et de sa famille.

612 2184 1181 63 3° P. s. par MÉHÉE; Paris, 26 décembre 1792, 1/2 p.

563 2247 777 54 in-folio, tête et vignette imprimée.

529 2310 1043 45 Même ordre, sous une autre forme, que la pièce précédente.

615 2373 1184 62 4° P. s. par Coulombeau, secrétaire greffier de la Com¬

566 2428 1229 63 mune de Paris ; 13 janvier 1793, 1 p. in-folio, tête et

567 2494 406 52 vignette imprimée.

533 2549 1261 50 Mesures à prendre pour assurer la sûreté de Paris le lendemain, jour où

493 2601 967 44 la Convention prononcera le jugement de Louis Capet.
