1887 3011
877 441 173 42 - 4 -

392 546 1312 57 sent, arrivé la veille, il n'a jamais songé à rien de pareil pour faire son devoir

392 591 1310 57 et pour dire, au sujet d’un grand homme tel que Spontini, toute l’admira¬

394 651 393 41 tion qu’il lui inspire.

243 703 1461 70 88056 BERRY (Charles-Ferdinand, duc de), le père du comte de

468 759 1238 62 Chambord, assassiné en 1820. — P. s.; Paris, Ier octo¬

468 814 1238 67 bre 1816, 1 p. in-folio oblong, grande vignette gravée

466 874 1242 65 par Lorichon. 35 »

435 936 1270 55 Il atteste que le comte Gaëtan de La Rochefoucauld a suivi le roi en

395 981 1312 56 Belgique [en 1815], et qu’il a donné des preuves de fidélité, de zèle et de

396 1026 1311 54 dévouement pour le service du roi comme commandant les volontaires

393 1077 856 49 royaux de l’Est en Suisse et en Franche-Comté.

246 1137 1464 67 88057 BEURNONVILLE (Pierre Riel, marquis de), célèbre géné¬

471 1193 1239 66 ral des guerres de la République, ambassadeur, maréchal

474 1249 1236 63 de France en 1816. — P. s. ; quartier-général à Mulheim,

475 1305 1238 64 10 brumaire an V, 1 p. in-folio, jolie vignette gravée de

474 1363 1241 52 l’armée du Nord. 10 »

447 1427 1265 54 Ordre au citoyen Joseph Darey, chef de bataillon, de se rendre au camp

404 1472 1309 53 de la 29e demi-brigade et d’y prendre le commandement du 3e bataillon.

255 1539 1463 68 88058 BLANC (Louis), homme politique, historien de la Révolu¬

480 1595 1240 62 tion française. — L. a. s. à un confrère ; Brighton, 15 avril

481 1652 1241 63 1868, 2 p. in-folio. 10 »

447 1718 1270 52 Il remercie pour les lignes de sympathie imprimées dans le Petit Figaro,

407 1763 1310 51 à l’occasion de la perte de sa mère, perte que le journal croyait récente. « Je

405 1807 1313 52 l’ai perdue, il n’est que trop vrai, mais quand j’étais tout enfant; et voici

407 1861 690 43 que l’âge mûr est déjà derrière moi ! »

255 1919 1467 67 88059 BOMBONNEL (Charles), fameux chasseur, surnommé le

486 1975 1236 64 Tueur de panthères, né à Spoy (Aube). — L. a. s. ; Dijon,

487 2030 1240 64 9 février 1864, 3 p. in-8°. 6 »

454 2102 936 48 Il invite son correspondant à venir chasser le sanglier.

262 2163 1466 67 88060 BONAPARTE (Hortense de Beauharnais, épouse de Louis

491 2220 1236 63 Louis), reine de Hollande, mère de Napoléon III. — P. s.

491 2276 1241 64 deux fois; Paris, 26 janvier 1809, 1 p. in-folio. 20 »

458 2342 1273 53 Pouvoir donné à M. Rougemont de Loowenberg pour toucher les divi¬

417 2391 976 48 dendes de ses soixante actions de la Banque de France.

267 2451 1464 69 88061 BERTHOLON (Pierre, l’abbé), médecin, ami de Franklin,

495 2508 1235 64 auteur de recherches sur l’électricité, né à Lyon. — L. a.

495 2564 1239 64 s. à M. Guérin fils; Béziers, 30 octobre 1785, 2 p. 1/2 in-4°,

497 2621 1240 51 adresse. 10 »

464 2686 1273 54 Il l’entretient de ses expériences sur l’électricité, des effets de la foudre,

426 2739 597 45 de l’imperméabilité du verre, etc.

274 2796 1462 69 88062 BOURBAKI (Charles), célèbre général, qui commanda l’ar¬

499 2851 1237 67 mée de l’Est en 1870, vainqueur de Werder à Villersexel,
