2179 3146
835 457 867 463 —
889 444 920 470 13
940 458 974 463 —

391 519 447 552 fils,
477 518 548 546 c’est
576 518 683 552 qu’elle
711 517 840 553 professe
869 526 944 552 pour
970 518 1010 545 lui
1033 518 1061 544 la
1086 519 1149 552 plus
1169 516 1230 544 vive
1250 516 1439 544 admiration.
1467 515 1529 542 Elle

395 562 520 582 renonce
538 554 611 581 donc
628 554 644 580 à
662 562 713 580 son
731 552 836 588 projet.
861 564 875 577 «
893 554 935 580 Ah
948 554 952 580 !
975 561 1047 581 vous
1063 553 1090 580 le
1110 554 1200 585 savés,
1224 560 1271 579 ma
1288 551 1531 579 reconnaissance

396 591 469 618 n'est
488 597 540 625 pas
559 589 632 615 celle
654 589 706 615 des
730 590 812 616 âmes
837 589 1009 622 ordinaires,
1036 589 1109 615 mais
1133 589 1207 615 dans
1228 595 1259 614 ce
1282 588 1371 614 cas-ci
1390 588 1421 621 je
1444 586 1535 613 serais

394 626 490 653 effraie
505 626 539 652 de
553 632 585 651 sa
599 625 759 660 grandeur,
776 632 834 651 non
852 633 907 658 que
923 624 952 659 je
968 625 1103 651 voulusse
1118 624 1147 651 la
1162 623 1260 655 sentir,
1276 623 1349 650 mais
1370 622 1405 650 de
1426 630 1457 649 ce
1478 630 1534 656 que

393 662 422 696 je
441 670 478 688 ne
496 661 615 696 pourrai
631 659 741 695 jamais
760 659 934 694 l’acquitter.
954 661 984 687 Je
1007 668 1043 686 ne
1063 660 1128 694 puis
1150 659 1241 686 écrire
1260 658 1437 694 davantage;
1462 658 1536 684 dites

397 700 458 724 tout
473 705 504 724 ce
523 695 591 731 qu’il
607 704 745 730 manque,
765 695 848 722 faites
861 698 925 722 tout
941 704 972 722 ce
989 703 1044 729 que
1061 696 1092 729 je
1114 694 1211 722 désire
1229 696 1258 720 et
1276 694 1314 720 du
1335 694 1429 720 moins
1452 693 1536 719 dites-

396 741 465 759 vous
490 740 545 767 que
571 739 619 758 ma
643 730 838 766 proposition,
863 731 988 765 quelque
1015 730 1133 757 terrible
1159 729 1264 764 qu’elle
1290 737 1336 755 me
1366 728 1494 763 paraisse
1520 728 1535 754 à

396 768 524 800 présent,
541 766 642 794 n’était
653 775 706 801 pas
723 766 799 794 dicté
815 774 867 801 par
881 766 1042 801 l’égoïsme,
1059 766 1133 792 mais
1149 773 1201 800 par
1216 766 1243 791 la
1257 764 1427 797 sensibilité,
1440 766 1469 790 et
1480 771 1535 798 que

398 805 425 830 la
440 804 572 830 manière
587 802 660 829 dont
675 811 745 829 vous
758 802 786 828 la
803 805 917 837 reçûtes
926 802 987 829 doit
999 801 1126 828 enrichir
1136 803 1217 827 votre
1225 800 1290 827 âme
1302 799 1372 826 d'un
1381 799 1449 826 bien
1459 799 1533 825 beau

398 839 544 866 souvenir.
557 839 587 864 Je
604 838 664 865 suis
681 837 799 865 accablé
816 837 851 864 de
864 846 956 864 maux
972 836 1007 863 de
1028 837 1115 863 nerfs.
1138 837 1179 863 Ah
1192 835 1197 852 ’
1221 844 1291 862 vous
1310 835 1390 861 savés
1411 842 1466 869 que
1484 834 1534 869 j’ai

397 883 455 902 une
467 875 530 901 âme
552 874 601 907 qui
622 877 670 900 tue
689 881 760 901 mon
781 881 875 907 corps.
896 873 926 900 Je
944 880 1015 899 vous
1035 872 1194 905 embrasse,
1214 871 1283 897 cher
1305 873 1333 897 et
1352 869 1534 905 respectable

397 911 469 943 ami;
481 911 511 945 je
529 917 598 936 vous
614 910 734 936 aimerai
750 909 918 943 toujours...
941 919 955 933 »

318 976 372 1010 68.
403 974 460 1009 LA
489 973 701 1009 FAYETTE
731 971 883 1021 (Gilbert
911 971 1068 1014 Motier,
1098 969 1260 1017 marquis
1288 968 1357 1017 de),
1391 967 1534 1005 célèbre

412 1022 559 1070 général
578 1022 621 1060 etbomme
795 1021 987 1068 politique,
1007 1031 1042 1054 n.
1064 1023 1169 1063 1757,
1189 1030 1237 1054 m.
1258 1020 1362 1054 1834.

447 1086 477 1114 L.
507 1095 534 1114 a.
553 1094 576 1113 s.
596 1087 613 1113 à
630 1085 667 1113 M.
686 1085 722 1114 Y.
740 1083 860 1119 Thoré;
878 1083 979 1117 Paris,
994 1082 1032 1111 25
1047 1081 1125 1110 avril
1140 1082 1228 1115 1824,
1247 1081 1261 1109 1
1278 1089 1308 1118 p.
1330 1079 1383 1118 1/3
1400 1079 1476 1108 in-4.

432 1137 561 1173 Superbe
577 1137 662 1164 lettre
679 1138 716 1163 où
733 1137 750 1163 il
768 1136 807 1162 lui
825 1134 1033 1162 recommande
1049 1142 1107 1160 une
1118 1141 1226 1168 pauvre
1238 1132 1345 1159 femme
1360 1132 1408 1166 qui
1420 1139 1437 1158 a
1446 1131 1538 1165 perdu

400 1181 431 1200 sa
454 1173 581 1208 position
607 1180 693 1207 parce
717 1171 821 1206 qu'elle
846 1174 889 1197 est
911 1171 938 1197 la
953 1177 1032 1198 sœur
1052 1169 1086 1196 de
1109 1168 1267 1201 Pommier,
1285 1168 1345 1194 l'un
1365 1168 1414 1195 des
1433 1168 1537 1200 quatre

397 1211 526 1244 sergents
543 1208 577 1235 de
593 1208 622 1235 la
633 1208 780 1235 Rochelle.

317 1273 372 1307 69.
402 1271 674 1307 LAMARTINE
697 1270 896 1318 (Alphonse
918 1270 992 1314 de),
1022 1269 1053 1303 le
1075 1267 1188 1314 grand
1211 1269 1329 1313 poète,
1363 1277 1397 1300 n.
1434 1267 1532 1307 1790,

411 1321 584 1357 m.1869.

449 1383 481 1411 L.
502 1392 531 1412 a.
549 1391 574 1411 s.
586 1391 592 1417 ;
611 1381 824 1416 Saint-Point,
848 1381 886 1410 10
901 1379 1028 1410 octobre
1046 1379 1133 1413 1858,
1150 1379 1166 1407 3
1187 1386 1216 1416 p.
1235 1378 1314 1405 in-8.

431 1435 553 1463 Superbe
566 1436 675 1462 lettre.
690 1435 713 1461 Il
728 1443 758 1461 se
779 1434 871 1469 plaint
889 1441 945 1468 que
965 1433 991 1459 la
1010 1431 1202 1466 souscription
1223 1437 1278 1464 que
1298 1429 1357 1456 l’on
1378 1429 1429 1456 fait
1449 1437 1484 1455 en
1505 1437 1536 1455 sa

399 1470 495 1497 faveur
510 1470 581 1498 n’ait
595 1479 648 1506 pas
662 1471 726 1505 plus
742 1469 843 1497 d’écho
860 1477 897 1496 au
914 1467 987 1495 nord
1003 1467 1090 1501 qu’au
1103 1467 1173 1493 midi
1192 1465 1226 1493 de
1240 1466 1268 1491 la
1283 1465 1399 1491 France.
1414 1474 1426 1489 «
1440 1464 1492 1490 J'ai
1510 1464 1537 1490 la

400 1507 571 1534 conscience
588 1515 644 1540 que
661 1506 717 1533 l'on
732 1513 778 1532 me
802 1505 897 1532 devait
918 1504 1016 1531 mieux
1035 1510 1091 1536 que
1110 1503 1161 1529 des
1178 1503 1313 1536 outrages
1334 1503 1362 1527 et
1379 1501 1429 1527 des
1446 1502 1539 1526 ostra¬

399 1542 513 1569 cismes.
533 1542 604 1570 Sans
621 1550 688 1569 mon
704 1542 909 1573 dévouement,
926 1539 993 1566 bien
1011 1546 1049 1564 ou
1066 1537 1125 1564 mal
1137 1536 1266 1569 réfléchi,
1277 1544 1351 1570 pour
1362 1536 1416 1562 elle
1430 1543 1467 1561 au
1475 1535 1540 1569 jour

398 1577 432 1604 de
452 1586 498 1605 ses
524 1578 683 1612 angoisses,
697 1578 728 1612 je
754 1585 790 1604 ne
813 1576 904 1603 serais
930 1583 980 1610 pas
1003 1573 1123 1608 expulsé
1144 1573 1178 1599 de
1202 1579 1272 1598 mon
1292 1572 1345 1597 toit
1363 1570 1493 1607 paternel
1513 1573 1541 1596 et

398 1612 511 1640 bientôt
527 1621 625 1640 meme
642 1614 676 1640 de
698 1621 744 1640 ses
759 1611 927 1639 frontières.
944 1611 1002 1642 Que
1018 1610 1090 1636 Dieu
1103 1617 1139 1635 ne
1152 1608 1194 1635 les
1212 1607 1248 1633 lui
1269 1607 1356 1634 rende
1369 1613 1421 1641 pas
1432 1606 1437 1626 l
1459 1616 1473 1630 »

320 1678 374 1709 70.
405 1676 462 1711 LA
479 1675 887 1714 ROCHEFOUCAULD
910 1671 1097 1722 (François
1113 1672 1173 1714 VI,
1191 1670 1261 1706 duc
1282 1669 1352 1716 de),
1375 1669 1397 1704 F
1404 1668 1540 1705 illustre

414 1726 582 1770 écrivain,
602 1726 732 1761 auleur
753 1725 816 1760 dos
831 1723 1024 1764 Maximes,
1044 1734 1078 1763 n,
1102 1722 1202 1756 1613.
1225 1730 1273 1754 m.
1296 1721 1399 1754 1680.

456 1789 489 1818 P.
508 1798 547 1824 s.,
560 1789 664 1825 signée
677 1788 761 1817 aussi
775 1796 831 1825 par
844 1786 966 1815 Andrée
978 1784 1015 1814 de
1029 1783 1178 1819 Vivonne,
1191 1790 1246 1811 son
1265 1782 1395 1819 épouse;
1409 1781 1426 1811 3
1436 1780 1540 1819 juillet

413 1829 499 1864 1658,
517 1830 535 1857 2
549 1837 580 1866 p.
597 1827 729 1857 in-folio.
751 1826 823 1856 Très
838 1836 919 1854 rare.

432 1881 624 1909 Procuration
638 1881 753 1908 donnée
768 1880 786 1906 à
801 1879 872 1907 Paul
885 1877 1024 1906 Bernard,
1033 1877 1098 1904 leur
1108 1876 1273 1909 intendant,
1282 1884 1357 1911 pour
1367 1876 1539 1910 emprunter

398 1926 454 1944 une
468 1925 580 1944 somme
596 1918 631 1944 de
648 1918 728 1944 9.000
740 1917 837 1943 livres.

322 1982 375 2014 71.
405 1980 583 2016 LAYNEZ
605 1979 760 2028 (Jaime),
782 1990 826 2014 un
850 1978 913 2013 des
935 1975 1111 2024 premiers
1134 1979 1169 2010 et
1191 1974 1252 2011 des
1273 1974 1353 2022 plus
1375 1973 1539 2009 célèbres

414 2028 584 2077 disciples
606 2029 778 2076 d’Ignace
801 2027 845 2062 de
869 2026 1005 2073 Loyola
1025 2027 1059 2059 et
1081 2036 1144 2059 son
1165 2034 1377 2060 successeur
1399 2032 1540 2058 comme

414 2078 560 2124 général
577 2077 620 2113 de
639 2078 777 2113 l’ordre
795 2077 857 2111 des
869 2074 1033 2123 jésuites,
1053 2085 1089 2108 n.
1117 2075 1222 2115 1512,
1242 2084 1290 2107 m.
1314 2074 1415 2107 1565.

450 2140 481 2168 P.
514 2150 552 2176 s.,
580 2149 616 2169 en
649 2139 765 2175 italien,
795 2138 899 2176 signée
925 2134 1008 2166 aussi
1035 2134 1092 2173 par
1117 2133 1280 2164 Bobadilla
1310 2132 1340 2163 et
1369 2131 1527 2163 Salmeron
1532 2154 1539 2168 ,

412 2179 555 2218 disciples
580 2180 724 2217 d’Ignace
750 2179 787 2209 de
813 2178 930 2217 Loyola
956 2178 986 2206 et
1008 2177 1036 2204 le
1062 2176 1189 2204 docteur
1211 2174 1328 2203 Madrid
1340 2182 1347 2209 ;
1374 2175 1480 2208 Rome,
1504 2173 1541 2201 29

413 2219 473 2249 mai
493 2221 578 2256 1555,
598 2221 611 2248 1
631 2230 661 2258 p.
681 2219 737 2259 1/2
753 2216 886 2249 in-folio.
908 2216 982 2246 Très
995 2224 1077 2244 rare,
1095 2214 1186 2254 [Coll.
1202 2214 1240 2243 B.
1254 2213 1384 2252 Fillon.)

437 2278 589 2305 Consultés
605 2286 658 2313 par
676 2279 738 2304 Don
753 2278 824 2304 Juan
842 2276 877 2303 de
892 2275 951 2301 Lun
957 2283 973 2301 a
989 2281 1039 2300 sur
1054 2273 1096 2300 les
1111 2272 1284 2300 hésitations
1299 2272 1365 2306 qu’il
1385 2271 1509 2306 éprouve
1525 2269 1539 2295 à

401 2316 492 2340 rester
515 2314 588 2341 dans
611 2313 726 2344 l’ordre,
753 2321 800 2339 ces
826 2314 928 2346 quatre
953 2309 1038 2345 pères
1060 2308 1180 2343 opinent
1202 2316 1275 2342 pour
1295 2307 1363 2341 qu’il
1387 2305 1538 2341 persévère

402 2348 474 2375 dans
490 2358 520 2376 sa
536 2349 680 2385 première
694 2347 869 2376 résolution.
886 2344 1024 2380 L’exposé
1040 2344 1075 2371 de
1091 2345 1170 2371 Luna
1183 2347 1224 2371 esl
1237 2351 1271 2370 en
1286 2344 1343 2369 tète
1357 2342 1392 2368 de
1410 2342 1433 2368 la
1447 2340 1536 2375 pièce.
