2179 3146
327 518 688 557 PUBLICATIONS
737 518 839 550 SUR
892 516 975 549 LES
1024 515 1398 549 AUTOGRAPHES

476 621 505 639 En
517 620 588 639 vente
603 618 660 637 chez
670 617 699 635 M.
710 611 806 636 Étienne
822 616 950 639 Charavay,
964 619 1006 633 rue
1019 615 1048 634 de
1062 614 1227 637 Furstenberg,
1234 612 1258 633 3.

283 806 351 829 Faux
373 801 554 832 autographes
573 807 579 823 :
602 798 698 823 affaire
729 796 927 821 Vrain-Lucas.
961 788 1046 818 Étude
1085 801 1132 823 par
1166 786 1276 816 Étienne
1304 792 1449 820 Charavay.

318 839 448 863 Brochure
462 837 523 860 in-8.
1392 831 1403 849 i
1438 834 1451 846 »

318 882 397 911 Étude
413 887 521 915 critique
540 891 583 908 sur
599 885 623 906 la
643 883 760 905 fameuse
780 881 923 904 collection
942 879 1045 902 vendue
1063 877 1077 900 à
1093 878 1129 900 M.
1147 877 1259 900 Chasles
1280 879 1305 898 et
1322 874 1450 898 observa¬

289 924 355 947 tions
370 930 411 946 sur
424 923 461 945 les
478 927 583 951 moyens
595 920 629 942 de
647 916 814 941 reconnaître
832 917 871 939 les
889 916 948 938 faux
967 914 1156 944 autographes.

289 981 459 1013 Supplément
485 979 501 1002 à
528 975 706 1008 l'isographie
735 975 783 999 des
815 973 939 997 hommes
969 972 1104 999 célèbres,
1141 967 1233 993 dressé
1264 975 1311 998 par
1338 960 1453 990 Étienne

321 1017 467 1045 Charavay;
493 1012 623 1044 première
648 1010 728 1039 série,
753 1013 894 1033 contenant
918 1009 957 1030 les
982 1006 1122 1029 livraisons
1146 1005 1178 1027 de
1207 1005 1212 1026 I
1240 1003 1253 1026 à
1279 1004 1308 1026 V.
1331 1004 1386 1031 In-4
1411 1009 1455 1025 sur

320 1052 411 1082 papier
423 1050 456 1073 de
474 1047 617 1072 Hollande.
631 1045 696 1070 Tiré
712 1045 727 1069 à
742 1052 789 1069 200
797 1044 986 1073 exemplaires.
1381 1044 1407 1060 12
1442 1046 1454 1057 »

321 1110 345 1129 2°
360 1103 437 1132 série,
448 1105 591 1126 contenant
607 1103 646 1124 les
663 1100 803 1123 livraisons
832 1098 865 1121 de
883 1098 913 1120 VI
931 1096 946 1119 à
965 1096 1001 1119 X.
1383 1097 1408 1113 12
1444 1100 1454 1110 »

292 1153 444 1179 L’Amateur
470 1149 691 1181 d’autographes,
717 1155 796 1171 revue
825 1144 1020 1175 rétrospective
1049 1148 1074 1167 et
1100 1140 1325 1171 contemporaine
1351 1137 1458 1168 publiée

321 1196 379 1213 sous
400 1189 422 1211 la
438 1188 566 1211 direction
588 1180 727 1208 d’Étienne
746 1183 895 1212 Charavay,
919 1180 1066 1210 paraissant
1087 1180 1189 1207 chaque
1210 1176 1276 1199 mois
1297 1181 1343 1204 par
1371 1174 1457 1197 livrai¬

321 1232 366 1249 son
383 1224 415 1247 de
431 1227 457 1247 16
471 1229 551 1252 pages
565 1222 628 1250 in-8,
645 1227 711 1244 avec
726 1216 882 1242 fac-similés
896 1217 961 1240 dans
981 1216 1004 1238 le
1019 1219 1099 1238 texte.

645 1269 707 1292 Prix
721 1269 754 1291 de
774 1267 970 1290 l’abonnement
990 1264 1049 1287 d’un
1065 1270 1097 1285 an
1108 1271 1114 1286 :

325 1318 397 1341 Paris
419 1321 445 1339 et
466 1314 676 1345 départements.
716 1331 721 1336 .
757 1329 762 1335 .
800 1317 828 1334 10
858 1319 870 1331 »
901 1310 905 1340 |
953 1308 1039 1333 Union
1064 1306 1178 1336 postale.
1256 1323 1261 1328 .
1296 1321 1302 1326 .
1384 1309 1411 1325 12
1445 1310 1456 1321 »

324 1372 397 1395 Cette
413 1376 499 1397 revue,
517 1367 612 1392 fondée
628 1375 660 1390 en
678 1366 746 1395 1862,
763 1369 802 1388 est
820 1365 843 1387 le
859 1363 918 1388 seul,
930 1368 1029 1392 organe
1043 1367 1093 1391 que
1109 1361 1146 1382 les
1162 1362 1293 1381 amateurs
1308 1356 1456 1385 d’autogra¬

297 1408 358 1438 phes
377 1407 446 1429 aient
466 1412 498 1428 en
526 1405 635 1428 France.
659 1403 718 1425 Elle
739 1400 829 1431 publie
848 1399 896 1422 des
919 1397 1007 1428 pièces
1028 1395 1141 1419 inédites
1159 1398 1185 1417 et
1203 1393 1292 1416 donne
1312 1395 1399 1415 toutes
1420 1390 1457 1413 les

299 1443 429 1466 nouvelles
450 1444 565 1471 pouvant
586 1437 730 1462 intéresser
746 1438 784 1459 les
804 1439 946 1458 amateurs.

327 1485 459 1510 Collection
471 1483 585 1515 complète
599 1484 628 1507 de
645 1481 703 1505 1862
719 1481 735 1504 à
754 1480 822 1509 1879,
836 1485 864 1507 17
880 1478 933 1502 vol.
951 1478 1012 1500 in-8.
1372 1471 1415 1493 160
1447 1479 1458 1489 »>

296 1544 373 1568 Table
387 1542 512 1574 générale
529 1542 576 1565 des
591 1541 691 1565 lettres
716 1541 743 1563 et
759 1538 921 1562 documents
942 1536 1076 1558 contenus
1099 1532 1166 1556 dans
1184 1530 1334 1554 l’Amateur
1354 1527 1456 1551 d’auto¬

326 1578 440 1610 graphes
448 1586 454 1608 ;
465 1576 596 1608 première
609 1574 687 1602 série,
698 1573 842 1602 1862-1874,
859 1572 927 1599 1877,
936 1570 1000 1592 in-8.
1015 1566 1080 1591 Tiré
1095 1567 1110 1590 à
1123 1573 1166 1590 100
1178 1564 1366 1595 exemplaires.
1399 1571 1414 1592 4
1448 1571 1459 1582 »

326 1628 400 1652 Cette
415 1627 495 1654 table,
512 1623 620 1656 rédigée
636 1630 701 1646 avec
718 1623 775 1645 soin
792 1627 840 1651 par
860 1627 892 1642 un
918 1617 1104 1647 bibliographe
1129 1613 1248 1642 émérite,
1272 1613 1308 1635 M.
1340 1610 1457 1634 Maurice

296 1665 441 1691 Tourneux,
460 1666 498 1686 est
519 1659 717 1690 indispensable
730 1665 779 1681 aux
800 1654 918 1683 abonnés
940 1653 972 1677 de
994 1653 1132 1676 VAmateur
1156 1648 1348 1680 d'autographes
1361 1650 1388 1669 et
1406 1652 1453 1669 aux

299 1697 394 1722 érudits
411 1698 451 1728 qui
468 1702 512 1721 ont
529 1697 620 1720 besoin
637 1695 670 1717 de
684 1693 820 1718 consulter
836 1695 878 1715 cet
895 1690 957 1713 utile
971 1687 1084 1712 recueil.

299 1756 449 1781 Inventaire
466 1755 512 1780 des
528 1753 713 1785 autographes
725 1754 753 1776 et
766 1750 928 1774 documents
944 1745 1114 1776 historiques
1138 1742 1226 1766 réunis
1241 1748 1288 1771 par
1311 1742 1347 1763 M.
1368 1738 1461 1767 Benja¬

326 1793 373 1816 min
392 1792 484 1818 Fillon,
496 1790 594 1814 décrits
614 1796 661 1820 par
676 1781 788 1812 Étienne
804 1786 952 1813 Charavay.
969 1781 1068 1805 Tomes
1086 1781 1093 1802 1
1110 1783 1137 1802 et
1154 1780 1186 1807 II,
1204 1784 1216 1799 2
1232 1777 1287 1800 vol.
1304 1777 1366 1802 in-4,
1384 1774 1460 1803 impr.

327 1835 370 1851 sur
386 1828 476 1858 papier
494 1827 527 1849 de
545 1825 680 1849 Hollande
696 1830 743 1853 par
759 1823 795 1845 M.
813 1821 853 1844 Cl.
873 1821 1015 1842 Motteroz.
1034 1817 1143 1845 Chaque
1160 1814 1276 1837 volume.
1389 1814 1414 1838 2;
1450 1818 1461 1829 »

300 1885 403 1910 Lettres
419 1883 604 1916 autographes
621 1881 785 1913 composant
798 1879 826 1902 la
846 1875 996 1901 collection
1016 1874 1048 1898 de
1071 1872 1103 1896 M.
1119 1869 1213 1896 Alfred
1231 1869 1325 1897 Bovet,
1347 1865 1463 1889 décrites

330 1928 378 1952 par
398 1914 507 1944 Étienne
530 1920 680 1948 Charavay,
696 1922 815 1945 ouvrage
839 1911 959 1942 imprimé
985 1916 1047 1932 sous
1074 1909 1097 1930 la
1122 1906 1253 1930 direction
1282 1903 1315 1926 de
1344 1900 1465 1925 Fernand

332 1957 481 1980 Calmettes.
499 1962 509 1977 1
534 1956 586 1978 vol.
613 1955 676 1981 in-4,
694 1952 727 1975 de
754 1957 813 1975 1000
835 1954 927 1980 pages,
948 1943 1068 1975 imprimé
1089 1949 1133 1966 sur
1152 1941 1245 1971 papier
1263 1939 1296 1962 de
1313 1939 1382 1966 luxe,
1401 1942 1466 1959 avec

332 1991 514 2015 encadrement
529 1997 612 2021 rouge
627 1989 643 2012 à
658 1990 760 2017 chaque
778 1991 857 2016 page.
1379 1977 1423 2001 Mo
1457 1980 1467 1990 »

303 2049 444 2073 Collection
462 2049 492 2073 de
508 2049 605 2073 lettres
622 2044 809 2076 autographes
823 2044 851 2066 et
867 2041 898 2064 de
919 2038 1081 2062 documents
1094 2034 1265 2064 historiques
1280 2037 1329 2055 sur
1345 2030 1370 2054 le
1381 2030 1468 2060 règne

333 2084 364 2108 de
380 2085 457 2109 Louis
471 2084 543 2111 XIII,
560 2081 660 2106 formée
677 2088 724 2112 par
737 2080 780 2103 feu
798 2079 834 2101 M.
852 2079 885 2100 A.
911 2073 1026 2101 Pécard,
1047 2070 1149 2094 décrite
1170 2074 1197 2093 et
1224 2065 1361 2097 précédée
1388 2065 1466 2087 d’une

333 2121 416 2145 notice
431 2127 479 2151 par
498 2121 607 2143 Etienne
624 2119 773 2147 Charavay,
790 2115 856 2144 1875.
872 2119 882 2135 1
900 2112 954 2134 vol.
971 2109 1033 2132 in-8.
1409 2107 1423 2129 4
1458 2108 1469 2119 »

335 2168 490 2199 Répertoire
504 2167 701 2198 indispensable
717 2165 731 2188 à
745 2171 810 2188 ceux
826 2162 867 2192 qui
888 2160 1042 2188 s’occupent
1057 2155 1091 2179 de
1107 2154 1234 2177 l’histoire
1250 2151 1284 2174 de
1302 2152 1381 2173 Louis
1399 2148 1461 2171 XIII

304 2209 328 2228 et
343 2205 374 2228 du
388 2206 501 2229 cardinal
519 2205 551 2228 de
569 2203 719 2227 Richelieu.

302 2261 391 2286 Victor
406 2262 493 2293 Hugo;
511 2262 631 2286 Histoire
653 2260 715 2284 d’un
732 2257 829 2285 crime;
846 2255 943 2278 Album
961 2252 993 2275 de
1015 2247 1181 2274 fac-similés
1200 2242 1414 2274 d’autographes
1440 2241 1469 2264 et

333 2299 363 2321 de
381 2299 520 2329 portraits,
536 2295 630 2321 dressé
648 2303 695 2326 par
710 2288 821 2318 Étienne
839 2291 990 2318 Charavay.
1011 2292 1022 2308 1
1045 2285 1100 2308 vol.
1121 2283 1185 2306 in-8.
1408 2281 1417 2306 )
1439 2281 1448 2305 5
1454 2283 1469 2298 °

334 2347 380 2370 Cet
393 2348 487 2375 album,
506 2344 633 2376 composé
658 2345 690 2368 de
713 2350 740 2366 12
757 2339 885 2372 portraits
910 2342 935 2361 et
951 2337 984 2359 de
1003 2342 1048 2358 100
1072 2332 1227 2356 fac-similés
1254 2326 1466 2356 d’autographes

308 2381 345 2400 est
360 2377 391 2400 du
405 2378 487 2403 même
505 2379 600 2402 format
618 2376 667 2407 que
684 2373 814 2398 VHistoire
832 2370 890 2395 d'un
909 2368 984 2393 crime
990 2384 994 2390 ,
