1887 3004
1014 436 1157 488 — 14 —
483 534 538 568 72.
571 532 791 568 LEMOYNE
834 532 1148 574 D’IBERVILLE,
1191 532 1334 568 célèbre
1385 532 1593 580 navigateur
1639 544 1690 588 qui

579 581 741 618 défendit
762 582 1049 627 intrépidement
1070 582 1103 616 le
1125 581 1270 616 Canada
1291 585 1419 616 contre
1440 582 1493 617 les
1508 583 1647 632 Anglais
1663 597 1692 628 et

582 631 771 666 découvrit
792 631 823 666 le
847 630 1058 677 Mississipi,
1083 642 1118 665 n.
1144 633 1164 665 à
1185 630 1380 675 Montréal,
1402 634 1505 675 1642,
1526 645 1573 669 m.
1599 639 1690 676 1706.

618 703 650 731 L.
669 712 696 732 a.
716 711 740 731 s.
764 703 782 731 à
801 703 930 731 Nicolas
951 703 1107 739 Thoinard
1121 711 1128 739 ;
1152 702 1332 737 Rocheforl,
1359 703 1395 730 18
1420 704 1593 740 septembre
1616 709 1692 745 1703,

578 743 596 771 2
610 752 639 781 p.
658 741 734 772 in-i.
758 741 827 771 Très
838 751 919 771 rare.

600 809 782 844 Importante
794 809 881 835 lettre
894 811 929 835 oè
942 809 959 834 il
973 817 1107 835 annonce
1120 817 1174 835 son
1186 808 1290 843 départ
1299 817 1373 843 pour
1383 809 1409 835 le
1421 810 1497 835 mois
1511 810 1545 837 de
1556 817 1697 845 novembre

566 853 614 872 sur
627 845 653 871 le
666 845 767 872 navire
779 844 806 871 le
820 845 973 878 Mississipi.
985 844 1006 870 11
1017 844 1223 879 s’enquiertde
1237 844 1442 879 l’importance
1458 847 1485 871 et
1501 846 1535 873 de
1547 847 1574 873 la
1585 848 1697 882 richesse

567 881 618 907 des
639 880 693 907 îles
720 880 936 907 Saint-Gabriel
958 880 1032 907 dans
1051 880 1078 906 le
1098 880 1149 906 Rio
1171 880 1205 906 de
1230 880 1258 906 la
1281 880 1364 907 Plata
1386 883 1415 906 et
1435 880 1575 909 demande
1596 885 1617 911 si
1638 887 1697 915 elles

567 916 667 943 valent
679 916 707 942 la
720 916 804 950 peine
821 915 912 942 d’être
929 916 1022 950 prises
1037 923 1113 950 pour
1124 915 1149 942 la
1167 916 1287 942 France.

485 991 542 1024 73.
572 987 795 1024 LEMOYNE
824 988 882 1023 DE
912 980 1121 1031 SÉRIGNY,
1142 987 1236 1023 frère
1255 991 1292 1023 et
1308 1000 1536 1035 compagnon
1555 991 1697 1032 d’armes

582 1038 626 1073 du
647 1037 860 1084 précédent.

619 1109 653 1137 L.
675 1117 702 1137 a.
727 1117 752 1137 s.
777 1108 795 1137 à
814 1108 945 1137 Nicolas
971 1108 1156 1145 Thoynard;
1183 1109 1226 1138 La
1252 1108 1411 1143 Rochelle,
1441 1109 1458 1137 3
1479 1110 1601 1141 octobre
1620 1114 1688 1145 1700

579 1149 597 1177 2
613 1158 643 1187 p.
662 1147 740 1177 in-i.
761 1147 831 1177 Très
842 1158 923 1177 rare.

605 1216 804 1242 Intéressante
826 1216 912 1242 lettre
936 1216 972 1241 où
993 1215 1012 1241 il
1032 1215 1071 1242 lui
1095 1215 1149 1242 fait
1166 1218 1233 1250 part
1257 1215 1290 1242 de
1313 1215 1343 1242 la
1365 1216 1491 1244 maladie
1509 1217 1544 1244 de
1566 1227 1615 1246 son
1634 1220 1699 1250 frère

568 1251 740 1278 d'Iberville.

488 1327 546 1358 74.
577 1323 715 1359 LOUIS
742 1323 866 1367 XVIII,
886 1323 942 1358 roi
961 1323 1004 1358 de
1027 1323 1179 1366 France,
1199 1336 1234 1358 n.
1257 1326 1363 1367 1735,
1382 1336 1431 1359 m.
1458 1327 1556 1361 1824.

623 1400 655 1428 L.
675 1408 703 1428 a.
722 1408 765 1435 s.;
787 1399 906 1434 Mittau,
922 1399 959 1428 19
971 1398 1095 1437 janvier
1111 1400 1200 1437 1803,
1218 1399 1269 1439 1/2
1284 1409 1315 1437 p.
1334 1400 1412 1429 in-4.

605 1466 677 1492 Jolie
695 1465 780 1492 lettre
798 1468 834 1492 où
855 1465 875 1492 il
894 1466 1043 1500 témoigne
1067 1474 1098 1492 sa
1118 1465 1301 1493 satisfaction
1317 1466 1352 1492 de
1372 1466 1435 1493 voir
1454 1467 1480 1494 le
1503 1467 1543 1494 roi
1562 1468 1596 1495 de
1618 1470 1698 1498 Suède

570 1503 776 1536 récompenser
790 1501 833 1528 les
848 1501 921 1528 bons
938 1501 1082 1537 Français.

490 1578 546 1611 75.
578 1574 731 1610 LULLY
752 1573 1069 1621 (Jean-Baptiste),
1093 1575 1235 1610 célèbre
1261 1575 1511 1621 compositeur
1533 1576 1574 1611 de
1599 1579 1697 1613 musi¬

586 1636 667 1670 que,
688 1626 858 1659 créateur
879 1623 922 1658 de
945 1623 1081 1669 l’opéra
1102 1636 1146 1658 en
1169 1624 1319 1668 France,
1340 1636 1377 1659 n.
1407 1627 1512 1669 1632,
1531 1637 1577 1660 m.
1603 1629 1694 1663 1687.

622 1695 657 1725 P.
675 1705 698 1724 s.
715 1704 769 1724 sur
786 1694 866 1724 vélin
880 1704 886 1731 ;
905 1694 1004 1731 Paris,
1022 1695 1039 1723 3
1050 1694 1173 1733 janvier
1189 1694 1278 1731 1667,
1298 1696 1312 1723 1
1331 1705 1360 1733 p.
1376 1695 1443 1723 in-4
1460 1696 1583 1734 oblong.

606 1758 685 1792 Reçu
699 1756 734 1783 de
750 1757 777 1783 la
793 1764 906 1783 somme
923 1756 959 1783 de
981 1757 1030 1783 168
1046 1756 1134 1783 livres
1150 1765 1224 1791 pour
1246 1765 1286 1783 un
1303 1757 1436 1791 quartier
1457 1757 1490 1783 de
1512 1765 1556 1784 ses
1576 1765 1655 1794 gages
1672 1760 1699 1787 de

570 1792 779 1821 surintendant
795 1792 830 1819 de
846 1792 874 1818 la
889 1792 1026 1826 musique
1044 1792 1078 1819 de
1095 1792 1123 1819 la
1140 1792 1278 1819 chambre
1293 1792 1332 1819 du
1349 1793 1403 1819 roi.

486 1870 543 1902 76.
575 1865 742 1901 MAFFE1
770 1864 1193 1912 (Francesco-Scipione,
1221 1864 1411 1913 marquis),
1441 1866 1581 1901 célèbre
1608 1871 1698 1913 poète

586 1913 814 1960 dramatique
833 1913 972 1956 italien,
992 1926 1026 1948 n.
1050 1916 1154 1956 1675,
1174 1925 1224 1949 m.
1248 1917 1352 1949 1755.

624 1990 656 2018 L.
673 1999 702 2018 a.
720 1998 744 2017 s.
763 1991 780 2017 à
797 1988 894 2017 Maria
910 1988 1023 2024 Maffei,
1039 1990 1053 2017 1
1073 1998 1105 2026 p.
1119 1988 1200 2026 in-4,
1219 1990 1464 2019 cachet-camée.

605 2056 674 2083 Très
690 2056 768 2082 belle
784 2056 870 2082 lettre
885 2055 922 2081 où
939 2055 958 2081 il
974 2056 1054 2090 parle
1069 2056 1236 2091 d’Apostolo
1257 2057 1342 2082 Zeno.

489 2134 546 2170 77.
577 2119 1220 2165 MARIE-ADÉLAIDE-CLOT1LDE
1251 2128 1310 2163 DE
1341 2128 1536 2173 FRANCE,
1556 2129 1648 2165 reine
1662 2131 1698 2166 de

588 2178 799 2224 Sardaigne,
824 2188 922 2212 sœur
944 2178 987 2211 de
1013 2177 1121 2212 Louis
1143 2177 1236 2220 XVI,
1259 2176 1428 2213 déclarée
1444 2178 1629 2214 vénérable
1646 2191 1700 2226 par

585 2229 617 2263 le
634 2239 726 2274 pape
744 2226 804 2261 Pie
822 2226 895 2267 Vil,
915 2238 950 2260 n.
975 2227 1080 2269 1759,
1099 2238 1148 2261 m.
1172 2228 1275 2261 1802.

624 2304 656 2332 L.
676 2312 703 2331 a.
722 2311 746 2331 s.
763 2311 852 2331 aune
869 2302 977 2338 dame;
993 2302 1173 2338 Versailles,
1191 2302 1208 2331 3
1217 2302 1339 2341 janvier
1355 2304 1442 2339 1775,
1460 2305 1473 2331 I
1490 2313 1518 2341 p.
1534 2303 1596 2332 in-4
1601 2302 1695 2332 .Rare.

606 2364 678 2392 Jolie
691 2364 777 2391 lettre
793 2365 829 2390 où
851 2363 905 2389 elle
927 2364 968 2389 lui
985 2363 1114 2398 exprime
1136 2364 1162 2391 le
1184 2364 1262 2391 désir
1282 2372 1336 2398 que
1360 2365 1505 2392 Tronchin
1527 2366 1553 2392 la
1573 2365 1695 2400 guérisse.
