2179 3146
782 452 817 458 —
834 439 869 464 23
889 452 924 457 —

245 526 314 559 122.
344 517 658 557 TOURGUENEF
676 515 801 564 (Ivan).

388 598 416 625 1°
439 596 472 624 L.
495 604 526 624 a.
553 603 576 622 8.
598 594 635 623 de
656 600 715 622 son
735 592 808 630 père
830 591 927 627 Serge
949 588 1158 627 Tourguenef.
1180 605 1219 610 —
1236 590 1266 616 2°
1290 589 1322 616 L.
1349 597 1376 617 a.
1396 596 1420 616 s.
1441 588 1478 616 de

348 637 424 666 Mme
439 634 566 664 Pauline
577 632 719 669 Viardot,
737 631 818 660 amie
829 631 866 660 de
880 629 1091 667 Tourguenef.
1105 645 1143 650 —
1155 629 1185 657 3°
1199 628 1288 657 Carte
1300 626 1477 666 imprimée,

349 686 427 715 pour
439 676 484 705 les
499 675 653 711 obsèques
671 673 710 702 de
727 670 937 708 Tourguenef.
955 670 1166 699 Intéressante
1182 667 1324 698 réunion.

242 766 313 800 123.
343 759 573 797 TRIVULCE
590 756 895 806 (Jean-Jacques),
916 755 970 790 dit
985 753 1016 790 le
1037 753 1164 789 Grand
1176 753 1332 788 Trivulce
1339 781 1345 794 ,
1361 755 1479 788 maré¬

355 810 435 846 chal
453 811 495 844 de
513 810 665 851 France,
684 807 745 854 qui
770 805 921 852 conquit
943 804 976 839 le
1001 803 1182 838 Milanais.

390 887 421 915 L.
439 885 464 915 s.
481 885 529 915 Jo.
546 883 613 913 Jac.
630 891 706 913 avec
719 883 750 911 la
763 880 973 919 souscription
989 881 1054 909 aut.
1069 879 1087 908 à
1101 879 1250 912 François
1262 878 1293 907 1°'
1305 886 1312 912 ;
1331 877 1480 911 Embrun,

352 928 369 956 5
380 926 481 966 juillet
497 925 633 964 (1515?),
653 926 665 952 1
687 933 716 961 p.
735 922 785 961 1/2
801 920 904 951 in-fol.
925 920 999 949 Très
1012 928 1091 948 rare.

373 994 495 1021 Superbe
509 999 609 1019 lettre
626 989 662 1017 où
677 989 698 1017 il
714 990 754 1024 lui
773 987 935 1024 promel.de
952 987 1024 1014 faire
1041 986 1137 1012 bonne
1148 985 1236 1019 garde
1253 986 1281 1011 et
1297 984 1331 1010 de
1341 984 1483 1010 s’assurer

336 1030 365 1056 la
377 1028 591 1056 bienveillance
602 1027 637 1053 de
649 1033 697 1053 ses
711 1025 787 1052 amis
798 1024 922 1051 d’Italie.
938 1022 960 1049 Il
972 1023 1013 1049 lui
1025 1028 1159 1049 annonce
1175 1021 1202 1047 le
1221 1027 1340 1054 passage
1350 1019 1401 1046 des
1417 1027 1480 1045 am¬

339 1064 512 1092 bassadeurs
534 1064 572 1089 du
590 1071 663 1097 pape
679 1064 708 1087 et
730 1061 769 1088 du
785 1060 829 1087 roi
845 1060 879 1086 de
896 1058 1044 1093 Portugal,
1069 1056 1194 1083 Antoine
1218 1055 1303 1082 Pucci
1325 1055 1400 1090 (plus
1420 1054 1483 1080 tard

341 1099 480 1135 cardinal)
493 1102 520 1126 et
532 1099 620 1133 Diégo
633 1097 777 1130 Pacheco,
790 1096 839 1131 qui
854 1104 883 1122 se
894 1093 1021 1121 rendent
1032 1101 1095 1119 vers
1110 1093 1136 1119 le
1151 1091 1195 1117 roi
1208 1091 1244 1118 de
1256 1089 1404 1125 Portugal.
1420 1100 1434 1113 «
1447 1090 1483 1116 Le

341 1137 383 1162 dit
396 1135 609 1163 ambassadeur
621 1134 657 1160 de
671 1136 755 1160 notre
767 1131 936 1159 Saint-Père
948 1132 992 1157 est
1008 1129 1076 1155 bien
1090 1128 1168 1163 saige
1183 1130 1211 1153 et
1221 1126 1321 1161 gentil.
1337 1125 1482 1152 L’ambas¬

341 1171 445 1199 sadeur
460 1171 494 1197 de
509 1170 645 1205 Portugal
660 1171 703 1196 est
719 1175 865 1203 personne
886 1167 921 1193 de
942 1165 1000 1192 bon
1016 1166 1117 1198 aspect
1137 1165 1166 1189 et
1180 1162 1247 1189 bien
1266 1162 1345 1196 saige
1361 1161 1450 1188 aussi.
1468 1171 1482 1184 »

340 1208 361 1234 11
375 1207 416 1234 lui
432 1213 564 1234 annonce
578 1213 634 1240 que
651 1205 693 1232 les
708 1204 822 1230 Suisses
838 1203 970 1229 abattent
985 1199 1132 1235 plusieurs
1140 1198 1312 1225 forteresses
1326 1199 1354 1223 et
1370 1204 1425 1231 que
1437 1196 1479 1222 les

339 1242 518 1270 aventuriers
534 1243 569 1269 de
587 1244 661 1268 cette
678 1240 778 1267 nation
792 1237 973 1265 descendent
990 1236 1063 1263 dans
1078 1235 1105 1261 le
1122 1234 1264 1267 Milanais,
1279 1235 1339 1259 etc.

247 1337 321 1370 124.
350 1332 539 1370 VAUBAN
576 1329 778 1379 (Sébastien
824 1325 1040 1372 Lepreste),
1088 1325 1230 1360 illustre
1279 1321 1482 1370 ingénieur,

359 1382 540 1418 maréchal
571 1382 616 1416 de
632 1381 785 1423 France,
804 1389 840 1412 n.
865 1378 969 1420 1633,
988 1387 1038 1411 m.
1060 1377 1166 1409 1707.

402 1459 432 1487 L.
451 1457 475 1487 s.
496 1457 520 1487 le
537 1455 692 1486 maréchal
708 1456 743 1484 de
765 1452 890 1483 Vauban
905 1454 923 1482 à
938 1452 976 1481 M.
995 1450 1116 1485 Tardif;
1139 1448 1239 1484 Paris,
1264 1447 1300 1477 12
1318 1446 1378 1476 mai
1396 1447 1484 1482 1706,

356 1500 374 1538 2
390 1499 420 1538 p.
438 1498 489 1536 1/2
505 1498 580 1533 in-4,
598 1496 710 1526 cachet
725 1496 798 1524 bien
813 1493 976 1523 conservé.

379 1566 399 1592 Il
414 1564 454 1593 lui
471 1563 680 1592 recommande
697 1562 732 1589 de
753 1570 790 1589 ne
809 1569 861 1596 pas
877 1559 1016 1586 s’écarter
1027 1557 1079 1585 des
1094 1557 1179 1592 plans
1199 1554 1270 1590 qu’il
1289 1554 1330 1581 lui
1346 1563 1363 1581 a
1380 1552 1485 1580 tracés.

249 1659 322 1693 125.
350 1654 645 1693 V1EUXTEMPS
664 1651 817 1703 (Henri),
832 1649 975 1688 célèbre
989 1647 1183 1685 violoniste
1196 1646 1310 1693 belge,
1323 1656 1359 1680 n.
1382 1646 1485 1686 1820,

361 1717 409 1741 m.
433 1707 532 1740 1881.

401 1781 433 1810 L.
451 1789 479 1809 a.
497 1789 521 1809 s.
532 1790 539 1818 ;
558 1779 735 1815 Francfort,
751 1779 769 1806 2
784 1777 852 1816 juin
869 1775 957 1809 1865,
975 1776 994 1803 4
1010 1783 1038 1812 p.
1059 1773 1132 1801 in-4.

384 1847 562 1882 Importante
578 1846 662 1872 lettre
675 1845 794 1872 relative
809 1844 827 1871 à
840 1851 884 1870 ses
897 1839 1109 1876 compositions
1118 1836 1286 1865 musicales.
1300 1837 1338 1862 La
1346 1834 1491 1871 première

350 1890 420 1918 page
435 1882 567 1910 contient
582 1885 685 1916 quatre
699 1882 791 1916 lignes
807 1880 843 1906 de
856 1877 1005 1911 musique.
1019 1876 1037 1902 11
1051 1876 1171 1902 raconte
1182 1873 1251 1908 qu’il
1263 1880 1280 1899 a
1290 1871 1342 1898 fait
1350 1870 1491 1898 entendre

351 1927 390 1945 un
406 1921 532 1953 quatuor
547 1917 583 1945 de
597 1926 628 1944 sa
643 1916 839 1951 composition
854 1922 924 1941 avec
938 1920 979 1939 un
991 1910 1083 1947 grand
1097 1908 1209 1937 succès.
1225 1918 1238 1932 «
1255 1908 1307 1935 Les
1320 1905 1492 1933 Allemands

351 1957 400 1980 ont
428 1961 501 1989 paru
528 1952 709 1980 abasourdis.
738 1953 775 1979 Ils
796 1951 912 1978 avaient
934 1947 999 1974 Pair
1020 1947 1056 1973 de
1070 1945 1131 1973 dire
1146 1952 1152 1972 :
1177 1945 1229 1971 Pas
1252 1943 1379 1978 possible
1402 1941 1491 1976 qu’un

351 1990 468 2016 homme
486 1989 526 2016 ait
540 1989 593 2016 fait
607 1989 679 2023 cela,
695 1988 807 2015 n’étant
821 1994 873 2022 pas
883 1982 1051 2012 Allemand.
1070 1992 1083 2006 »

254 2080 329 2114 126.
357 2078 562 2115 VINCENT
592 2077 650 2113 DE
677 2077 798 2113 PAUL
818 2073 959 2123 (Saint),
983 2071 1153 2108 l’illustre
1178 2069 1371 2105 fondateur
1391 2066 1435 2101 de
1460 2066 1494 2101 la

368 2128 627 2175 Congrégation
645 2128 689 2162 de
706 2126 741 2162 la
759 2126 925 2167 Mission,
949 2135 984 2157 n.
1013 2122 1117 2163 1576,
1136 2130 1183 2154 m.
1207 2119 1311 2153 1660.

405 2205 437 2232 L.
467 2213 492 2232 s.
518 2212 594 2232 avec
619 2211 679 2233 une
705 2203 789 2240 ligne
817 2203 882 2231 aut.
911 2209 951 2229 au
977 2198 1054 2226 Père
1079 2194 1233 2230 Boulard;
1265 2192 1495 2226 Saint-Lazare,

366 2243 480 2273 26^mai
498 2244 586 2280 1654,
605 2244 618 2272 1
637 2253 667 2281 p.
687 2242 763 2281 in-4,
781 2242 891 2272 cachet
906 2239 976 2269 bien
993 2237 1150 2267 conservé.

391 2310 517 2346 Superbe
539 2309 622 2345 pièce
639 2311 676 2336 où
694 2310 713 2336 il
738 2309 765 2336 le
792 2308 854 2344 prie
878 2308 914 2335 de
935 2304 1035 2340 prêter
1050 2310 1082 2328 sa
1097 2308 1195 2328 crosse
1210 2303 1238 2327 et
1253 2307 1284 2327 sa
1309 2299 1396 2325 mitre
1416 2297 1433 2323 à
1457 2304 1496 2323 un

357 2345 463 2380 évêque
478 2346 526 2380 qui
544 2345 591 2372 n'a
603 2353 655 2380 pas
669 2345 713 2372 les
730 2346 858 2372 siennes.
