2017 3004
1166 444 1201 450 —
1219 431 1255 456 24
1274 445 1307 450 —

615 502 693 534 127.
725 500 936 538 WAGNER
952 502 1151 552 (Richard),
1168 504 1202 541 le
1216 507 1332 553 grand
1350 508 1598 556 compositeur
1630 511 1673 547 de
1695 517 1843 566 musique

734 550 928 595 allemand,
949 564 985 588 n.
1010 555 1114 597 1813,
1134 565 1184 588 m.
1207 557 1312 591 1885.

769 617 800 646 L.
817 626 846 647 a.
865 627 903 654 s.,
919 627 957 648 en
981 619 1129 657 français,
1145 623 1163 649 à
1179 630 1238 651 une
1255 622 1362 660 dame;
1375 622 1462 662 jeudi
1479 626 1554 662 soir,
1573 628 1586 655 1
1606 637 1634 666 p.
1652 628 1730 660 in-8.

751 674 826 701 Belle
842 675 927 704 lettre
944 678 980 704 où
999 676 1018 704 il
1034 676 1147 705 décline
1164 686 1222 706 une
1238 679 1401 708 invitation.

610 737 690 771 128.
721 736 891 774 WEBER
917 738 1213 788 (Charles-Marie
1233 744 1331 791 von),
1353 744 1387 780 le
1404 747 1521 792 grand
1544 749 1785 796 compositeur
1804 758 1841 793 de

729 788 896 834 musique
927 790 1124 835 allemand,
1158 795 1287 828 auteur
1327 793 1371 829 de
1413 794 1631 843 Freyschutz
1639 826 1646 842 ,
1679 811 1712 835 n.
1746 805 1827 841 1786

729 847 777 871 m.
801 838 905 872 1826.

766 908 798 936 L.
816 917 845 937 a.
861 918 887 937 s.
897 918 906 945 ;
922 909 941 938 6
957 911 1131 941 novembre
1148 913 1237 949 1822,
1253 913 1272 941 2
1289 923 1317 952 p.
1333 913 1408 945 in-4.
1426 915 1517 945 Rare.

746 965 899 993 Précieuse
922 967 998 994 pièce
1013 968 1050 995 où
1068 968 1087 994 il
1113 969 1227 997 discute
1243 970 1286 998 les
1303 972 1467 1001 conditions
1486 973 1558 1001 dans
1575 974 1727 1010 lesquelles
1738 979 1756 1007 il
1768 981 1844 1013 devra

712 1007 868 1035 composer
881 1010 923 1028 un
939 1011 1077 1039 ouvrage.
1095 1004 1115 1031 Il
1137 1005 1254 1033 déclare
1275 1015 1332 1041 que
1353 1009 1465 1044 malgré
1485 1017 1518 1036 sa
1534 1010 1631 1038 bonne
1646 1013 1759 1042 volonté
1773 1016 1793 1043 il
1805 1020 1841 1048 lui

711 1038 755 1062 est
768 1037 937 1071 impossible
960 1039 996 1065 de
1019 1039 1164 1068 satisfaire
1181 1049 1220 1069 au
1240 1042 1318 1070 désir
1344 1043 1377 1071 de
1395 1053 1447 1072 son
1471 1047 1710 1081 correspondant.
1730 1051 1752 1078 Il
1769 1056 1840 1087 parle

711 1072 825 1099 ensuite
839 1073 875 1100 de
889 1081 942 1100 son
960 1074 1049 1109 opéra
1066 1075 1286 1106 Abou-Hassan.

606 1135 684 1169 129.
716 1133 1023 1174 WELLINGTON
1047 1138 1197 1185 (Arthur
1226 1141 1467 1188 Wellesley,
1501 1145 1571 1181 duc
1597 1145 1667 1194 de),
1690 1147 1722 1184 le
1751 1153 1840 1189 vain¬

724 1195 839 1230 queur
855 1186 898 1220 de
916 1185 1119 1232 Waterloo,
1144 1201 1180 1224 n.
1203 1193 1307 1234 1769,
1324 1204 1371 1227 m.
1391 1195 1497 1231 1852.

764 1251 797 1280 L.
818 1260 846 1281 a.
864 1261 902 1289 s.,
921 1261 958 1283 en
974 1253 1124 1292 français,
1146 1258 1166 1285 à
1182 1256 1213 1286 la
1227 1257 1387 1296 princesse
1409 1259 1447 1290 de
1463 1261 1677 1300 Vaudemont;
1697 1265 1837 1307 Cambrai,

722 1291 756 1320 11
775 1293 902 1322 octobre
918 1293 1007 1329 1817,
1024 1297 1036 1323 1
1054 1304 1083 1333 p.
1102 1296 1177 1325 in-4.
1196 1298 1275 1328 Jolie
1288 1299 1391 1330 lettre.

603 1360 682 1394 130.
712 1357 1061 1398 W1NCKELMANN
1078 1365 1389 1415 (Jean-Jacques),
1418 1367 1586 1405 l’illustre
1609 1372 1838 1424 archéologue

722 1407 917 1453 allemand,
937 1411 1118 1449 assassiné
1136 1425 1180 1448 en
1200 1417 1305 1451 1768.

757 1476 792 1504 L.
811 1484 839 1505 a.
858 1486 897 1515 s.,
913 1485 948 1506 en
961 1477 1081 1515 italien,
1137 1473 1328 1519 (àl’Académie
1341 1483 1554 1525 deCorlone);
1573 1487 1679 1525 Rome,
1694 1490 1837 1523 14février

719 1515 806 1550 1761,
825 1515 843 1544 2
861 1526 891 1555 p.
910 1516 988 1546 in-4.

738 1571 861 1601 Superbe
882 1575 981 1603 lettre
1005 1575 1040 1604 de
1062 1578 1307 1607 remerciements
1324 1589 1399 1616 pour
1417 1590 1470 1610 son
1487 1583 1648 1614 admission
1666 1586 1737 1615 dans
1751 1588 1835 1618 l’Aca¬

700 1608 797 1636 démie
814 1609 850 1637 de
866 1610 1002 1638 Cortone.

597 1676 674 1711 131.
705 1676 821 1713 ZENO
845 1677 1062 1728 (Aposlolo),
1090 1684 1199 1729 poète
1230 1684 1462 1733 dramatique
1490 1687 1628 1733 italien,
1667 1703 1702 1725 n.
1737 1695 1830 1738 1668,

713 1738 761 1761 m.
785 1730 890 1764 1750.

755 1794 786 1823 L.
809 1803 838 1823 a.
857 1804 881 1824 s.
902 1797 920 1824 à
938 1795 1089 1835 François
1108 1798 1256 1837 Séguier;
1278 1801 1403 1837 Venise,
1424 1803 1462 1833 23
1478 1805 1558 1834 avril
1575 1806 1661 1842 1746,
1680 1807 1695 1835 1
1716 1818 1743 1846 p.
1761 1808 1828 1839 in-4.

737 1850 814 1879 Belle
830 1850 914 1879 lettre
930 1854 967 1880 où
984 1853 1001 1880 il
1018 1855 1099 1889 parle
1116 1856 1152 1883 de
1165 1865 1197 1884 sa
1211 1859 1293 1885 santé
1308 1861 1336 1886 et
1347 1859 1383 1887 de
1398 1861 1469 1888 celle
1486 1862 1521 1889 de
1533 1871 1586 1890 son
1600 1866 1826 1900 correspondant.

596 1924 672 1958 132.
704 1923 818 1959 ZOLA
838 1924 992 1973 (Emile),
1012 1927 1043 1962 le
1063 1928 1208 1965 célèbre
1227 1932 1451 1969 romancier.

751 2000 782 2028 L.
801 2009 829 2029 a.
847 2010 870 2029 s.
883 2009 889 2036 ;
906 2001 1028 2038 Médan,
1047 2003 1083 2032 15
1098 2004 1165 2042 juin
1184 2006 1271 2043 1890,
1290 2008 1302 2035 1
1323 2017 1353 2045 p.
1369 2009 1444 2038 in-4.

729 2056 752 2084 Il
766 2058 898 2092 exprime
913 2058 939 2086 le
956 2059 1059 2094 plaisir
1079 2062 1151 2096 qu'il
1170 2071 1187 2090 a
1201 2065 1328 2091 ressenti
1344 2064 1361 2092 à
1375 2066 1435 2093 voir
1457 2075 1516 2094 une
1533 2068 1568 2095 de
1585 2077 1631 2096 ses
1651 2077 1759 2098 œuvres
1777 2073 1827 2099 tra¬

693 2092 773 2120 duite
789 2101 825 2119 en
842 2102 936 2122 russe.

588 2165 667 2199 133.
699 2164 790 2200 Sous
819 2177 858 2201 ce
882 2170 1050 2211 numéro,
1073 2169 1095 2204 il
1122 2182 1202 2206 sera
1227 2173 1345 2208 vendu
1374 2175 1418 2209 de
1443 2176 1647 2213 nombreux
1674 2182 1824 2226 autogra¬

707 2213 798 2260 phes
815 2226 887 2250 non
904 2216 1126 2264 catalogués.

806 2344 879 2366 Paris.
895 2355 922 2361 —
935 2346 1078 2372 Imprimerie
1091 2348 1116 2369 L.
1132 2348 1293 2376 Maretheux,
1309 2353 1328 2376 1,
1344 2358 1385 2373 rue
1398 2353 1512 2375 Cassette.
1528 2366 1553 2370 —
1565 2355 1626 2378 7776.
