<?xml version="1.0" encoding="UTF-8" standalone="yes"?>
<PcGts xmlns="http://schema.primaresearch.org/PAGE/gts/pagecontent/2013-07-15" xmlns:xsi="http://www.w3.org/2001/XMLSchema-instance" xsi:schemaLocation="http://schema.primaresearch.org/PAGE/gts/pagecontent/2013-07-15 http://schema.primaresearch.org/PAGE/gts/pagecontent/2013-07-15/pagecontent.xsd">
    <Metadata>
        <Creator></Creator>
        <Created>2019-02-18T15:51:42.241+01:00</Created>
        <LastChange>2019-05-19T22:44:44.582+02:00</LastChange>
        <Comments>
                Measurement unit: pixel
                PrimaryLanguage: English
                Language: FrenchStandard
                Producer: ABBYY FineReader Engine 11</Comments>
        <TranskribusMetadata docId="164171" pageId="6046508" pageNr="13" tsid="10278794" status="DONE" userId="10612" imgUrl="https://files.transkribus.eu/Get?id=HGHGGHROGEWRTYOIAQGWTLQC&amp;fileType=view" xmlUrl="https://files.transkribus.eu/Get?id=DMYIWKAOPTBJKULKKODSJKBD" imageId="2780607"/>
    </Metadata>
    <Page imageFilename="1896_05_30_ETI-13.png" imageWidth="2179" imageHeight="3146">
        <PrintSpace>
            <Coords points="-164,514 1671,514 1671,3578 -164,3578"/>
        </PrintSpace>
        <ReadingOrder>
            <OrderedGroup id="ro_1604141136657" caption="Regions reading order">
                <RegionRefIndexed index="0" regionRef="r_1_1"/>
                <RegionRefIndexed index="1" regionRef="r_2_1"/>
                <RegionRefIndexed index="2" regionRef="r_2_2"/>
                <RegionRefIndexed index="3" regionRef="r_2_3"/>
                <RegionRefIndexed index="4" regionRef="r_2_4"/>
                <RegionRefIndexed index="5" regionRef="r_2_5"/>
                <RegionRefIndexed index="6" regionRef="r_2_6"/>
                <RegionRefIndexed index="7" regionRef="r_2_7"/>
                <RegionRefIndexed index="8" regionRef="r_2_8"/>
                <RegionRefIndexed index="9" regionRef="r_2_9"/>
                <RegionRefIndexed index="10" regionRef="r_2_10"/>
                <RegionRefIndexed index="11" regionRef="r_2_11"/>
                <RegionRefIndexed index="12" regionRef="r_2_12"/>
                <RegionRefIndexed index="13" regionRef="r_2_13"/>
                <RegionRefIndexed index="14" regionRef="r_2_14"/>
                <RegionRefIndexed index="15" regionRef="r_2_15"/>
                <RegionRefIndexed index="16" regionRef="r_2_16"/>
                <RegionRefIndexed index="17" regionRef="r_2_17"/>
                <RegionRefIndexed index="18" regionRef="r_2_18"/>
                <RegionRefIndexed index="19" regionRef="r_2_19"/>
            </OrderedGroup>
        </ReadingOrder>
        <TextRegion type="paragraph" id="r_1_1" custom="readingOrder {index:0;}">
            <Coords points="805,464 954,465 954,491 805,490"/>
            <TextLine id="line_1552843169556_263" custom="readingOrder {index:0;}">
                <Coords points="800,443 958,443 958,493 800,493"/>
                <Baseline points="811,488 949,488"/>
                <Word id="word_1552843175651_268" custom="readingOrder {index:0;}">
                    <Coords points="807,465 844,465 844,486 807,486"/>
                    <TextEquiv>
                        <Unicode></Unicode>
                    </TextEquiv>
                </Word>
                <Word id="word_1552843177631_271" custom="readingOrder {index:1;}">
                    <Coords points="861,464 887,464 887,491 861,491"/>
                    <TextEquiv>
                        <Unicode></Unicode>
                    </TextEquiv>
                </Word>
                <Word id="word_1552843179183_274" custom="readingOrder {index:2;}">
                    <Coords points="907,469 946,469 946,488 907,488"/>
                    <TextEquiv>
                        <Unicode></Unicode>
                    </TextEquiv>
                </Word>
                <TextEquiv>
                    <Unicode>- 11 - </Unicode>
                </TextEquiv>
            </TextLine>
            <TextEquiv>
                <Unicode>- 11 - </Unicode>
            </TextEquiv>
        </TextRegion>
        <TextRegion type="paragraph" id="r_2_1" custom="readingOrder {index:1;}">
            <Coords points="278,537 1276,537 1276,586 278,586"/>
            <TextLine id="tl_2" primaryLanguage="English" custom="readingOrder {index:0;}">
                <Coords points="279,538 1275,538 1275,585 279,585"/>
                <Baseline points="279,577 331,578 501,576 578,583 650,574 717,575 893,581 954,574 1080,583 1149,575 1275,575"/>
                <Word id="w_w2aab1b3b2b1b1ab1" language="English" custom="readingOrder {index:0;}">
                    <Coords points="279,545 331,545 331,578 279,578"/>
                    <TextEquiv>
                        <Unicode>58.</Unicode>
                    </TextEquiv>
                    <TextStyle fontFamily="Times New Roman" fontSize="13.0"/>
                </Word>
                <Word id="w_w2aab1b3b2b1b1ab9" language="English" custom="readingOrder {index:1;}">
                    <Coords points="363,541 501,541 501,577 363,577"/>
                    <TextEquiv>
                        <Unicode>HENRI</Unicode>
                    </TextEquiv>
                    <TextStyle fontFamily="Times New Roman" fontSize="13.0"/>
                </Word>
                <Word id="w_w2aab1b3b2b1b1ac21" language="English" custom="readingOrder {index:2;}">
                    <Coords points="521,540 578,540 578,583 521,583"/>
                    <TextEquiv>
                        <Unicode>III,</Unicode>
                    </TextEquiv>
                    <TextStyle fontFamily="Times New Roman" fontSize="13.0"/>
                </Word>
                <Word id="w_w2aab1b3b2b1b1ac31" language="English" custom="readingOrder {index:3;}">
                    <Coords points="599,540 650,540 650,575 599,575"/>
                    <TextEquiv>
                        <Unicode>roi</Unicode>
                    </TextEquiv>
                    <TextStyle fontFamily="Times New Roman" fontSize="13.0"/>
                </Word>
                <Word id="w_w2aab1b3b2b1b1ac39" language="English" custom="readingOrder {index:4;}">
                    <Coords points="673,540 717,540 717,575 673,575"/>
                    <TextEquiv>
                        <Unicode>de</Unicode>
                    </TextEquiv>
                    <TextStyle fontFamily="Times New Roman" fontSize="13.0"/>
                </Word>
                <Word id="w_w2aab1b3b2b1b1ac45" language="English" custom="readingOrder {index:5;}">
                    <Coords points="741,541 893,541 893,581 741,581"/>
                    <TextEquiv>
                        <Unicode>France,</Unicode>
                    </TextEquiv>
                    <TextStyle fontFamily="Times New Roman" fontSize="13.0"/>
                </Word>
                <Word id="w_w2aab1b3b2b1b1ac61" language="English" custom="readingOrder {index:6;}">
                    <Coords points="918,551 954,551 954,574 918,574"/>
                    <TextEquiv>
                        <Unicode>n.</Unicode>
                    </TextEquiv>
                    <TextStyle fontFamily="Times New Roman" fontSize="13.0"/>
                </Word>
                <Word id="w_w2aab1b3b2b1b1ac67" language="English" custom="readingOrder {index:7;}">
                    <Coords points="977,542 1080,542 1080,583 977,583"/>
                    <TextEquiv>
                        <Unicode>1551,</Unicode>
                    </TextEquiv>
                    <TextStyle fontFamily="Times New Roman" fontSize="13.0"/>
                </Word>
                <Word id="w_w2aab1b3b2b1b1ac79" language="English" custom="readingOrder {index:8;}">
                    <Coords points="1101,551 1149,551 1149,575 1101,575"/>
                    <TextEquiv>
                        <Unicode>m.</Unicode>
                    </TextEquiv>
                    <TextStyle fontFamily="Times New Roman" fontSize="13.0"/>
                </Word>
                <Word id="w_w2aab1b3b2b1b1ac85" language="English" custom="readingOrder {index:9;}">
                    <Coords points="1172,542 1275,542 1275,575 1172,575"/>
                    <TextEquiv>
                        <Unicode>1589.</Unicode>
                    </TextEquiv>
                    <TextStyle fontFamily="Times New Roman" fontSize="13.0"/>
                </Word>
                <TextEquiv>
                    <Unicode>58. HENRI III, roi de France, n. 1551, m. 1589.</Unicode>
                </TextEquiv>
                <TextStyle fontFamily="Times New Roman" fontSize="13.0"/>
            </TextLine>
            <TextEquiv>
                <Unicode>58. HENRI III, roi de France, n. 1551, m. 1589.</Unicode>
            </TextEquiv>
        </TextRegion>
        <TextRegion type="paragraph" id="r_2_2" custom="readingOrder {index:2;}">
            <Coords points="367,610 1497,610 1497,737 367,737"/>
            <TextLine id="tl_3" primaryLanguage="English" custom="readingOrder {index:0;} textStyle {offset:9; length:9;italic:true; fontSize:0.0; kerning:0;}">
                <Coords points="409,611 1495,611 1495,657 409,657"/>
                <Baseline points="409,645 439,645 482,646 513,645 727,655 755,645 900,644 1097,649 1146,644 1262,651 1302,645 1378,644 1495,651"/>
                <Word id="w_w2aab1b3b2b3b1ab1" language="English" custom="readingOrder {index:0;}">
                    <Coords points="409,618 439,618 439,645 409,645"/>
                    <TextEquiv>
                        <Unicode>L.</Unicode>
                    </TextEquiv>
                    <TextStyle fontFamily="Times New Roman" fontSize="11.0"/>
                </Word>
                <Word id="w_w2aab1b3b2b3b1ab7" language="English" custom="readingOrder {index:1;}">
                    <Coords points="454,626 482,626 482,646 454,646"/>
                    <TextEquiv>
                        <Unicode>a.</Unicode>
                    </TextEquiv>
                    <TextStyle fontFamily="Times New Roman" fontSize="11.0"/>
                </Word>
                <Word id="w_w2aab1b3b2b3b1ac13" language="English" custom="readingOrder {index:2;}">
                    <Coords points="500,615 524,615 524,645 500,645"/>
                    <TextEquiv>
                        <Unicode>s.</Unicode>
                    </TextEquiv>
                    <TextStyle fontFamily="Times New Roman" fontSize="11.0"/>
                </Word>
                <Word id="w_w2aab1b3b2b3b1b1b1" language="English" custom="readingOrder {index:3;}">
                    <Coords points="538,614 727,614 727,655 538,655"/>
                    <TextEquiv>
                        <Unicode>Alexandre,</Unicode>
                    </TextEquiv>
                    <TextStyle fontFamily="Times New Roman" fontSize="11.0" italic="true"/>
                </Word>
                <Word id="w_w2aab1b3b2b3b1b1c23" language="English" custom="readingOrder {index:4;}">
                    <Coords points="737,625 755,625 755,645 737,645"/>
                    <TextEquiv>
                        <Unicode>&amp;</Unicode>
                    </TextEquiv>
                    <TextStyle fontFamily="Times New Roman" fontSize="11.0" italic="true"/>
                </Word>
                <Word id="w_w2aab1b3b2b3b1b2b3" language="English" custom="readingOrder {index:5;}">
                    <Coords points="771,616 900,616 900,645 771,645"/>
                    <TextEquiv>
                        <Unicode>la-reine</Unicode>
                    </TextEquiv>
                    <TextStyle fontFamily="Times New Roman" fontSize="11.0"/>
                </Word>
                <Word id="w_w2aab1b3b2b3b1b2c21" language="English" custom="readingOrder {index:6;}">
                    <Coords points="912,615 1097,615 1097,653 912,653"/>
                    <TextEquiv>
                        <Unicode>d’Espagne,</Unicode>
                    </TextEquiv>
                    <TextStyle fontFamily="Times New Roman" fontSize="11.0"/>
                </Word>
                <Word id="w_w2aab1b3b2b3b1b2c43" language="English" custom="readingOrder {index:7;}">
                    <Coords points="1112,624 1146,624 1146,644 1112,644"/>
                    <TextEquiv>
                        <Unicode>sa</Unicode>
                    </TextEquiv>
                    <TextStyle fontFamily="Times New Roman" fontSize="11.0"/>
                </Word>
                <Word id="w_w2aab1b3b2b3b1b2c49" language="English" custom="readingOrder {index:8;}">
                    <Coords points="1161,624 1262,624 1262,651 1161,651"/>
                    <TextEquiv>
                        <Unicode>sœur;</Unicode>
                    </TextEquiv>
                    <TextStyle fontFamily="Times New Roman" fontSize="11.0"/>
                </Word>
                <Word id="w_w2aab1b3b2b3b1b2c61" language="English" custom="readingOrder {index:9;}">
                    <Coords points="1274,615 1302,615 1302,654 1274,654"/>
                    <TextEquiv>
                        <Unicode>(9</Unicode>
                    </TextEquiv>
                    <TextStyle fontFamily="Times New Roman" fontSize="11.0"/>
                </Word>
                <Word id="w_w2aab1b3b2b3b1b2c67" language="English" custom="readingOrder {index:10;}">
                    <Coords points="1316,617 1378,617 1378,644 1316,644"/>
                    <TextEquiv>
                        <Unicode>mai</Unicode>
                    </TextEquiv>
                    <TextStyle fontFamily="Times New Roman" fontSize="11.0"/>
                </Word>
                <Word id="w_w2aab1b3b2b3b1b2c75" language="English" custom="readingOrder {index:11;}">
                    <Coords points="1393,616 1495,616 1495,653 1393,653"/>
                    <TextEquiv>
                        <Unicode>1562),</Unicode>
                    </TextEquiv>
                    <TextStyle fontFamily="Times New Roman" fontSize="11.0"/>
                </Word>
                <TextEquiv>
                    <Unicode>L. a. s. Alexandre, à la reine d’Espagne, sa sœur; (9 mai 1562),</Unicode>
                </TextEquiv>
            </TextLine>
            <TextLine id="tl_4" primaryLanguage="English" custom="readingOrder {index:1;} textStyle {offset:43; length:20;italic:true; fontSize:0.0; kerning:0;}">
                <Coords points="368,652 1496,652 1496,695 368,695"/>
                <Baseline points="368,686 383,686 435,685 587,691 726,685 858,684 917,684 959,683 1205,684 1298,684 1390,685 1495,684"/>
                <Word id="w_w2aab1b3b2b3b3ab1" language="English" custom="readingOrder {index:0;}">
                    <Coords points="368,658 383,658 383,686 368,686"/>
                    <TextEquiv>
                        <Unicode>1</Unicode>
                    </TextEquiv>
                    <TextStyle fontFamily="Times New Roman" fontSize="11.0"/>
                </Word>
                <Word id="w_w2aab1b3b2b3b3ab5" language="English" custom="readingOrder {index:1;}">
                    <Coords points="405,666 435,666 435,695 405,695"/>
                    <TextEquiv>
                        <Unicode>p.</Unicode>
                    </TextEquiv>
                    <TextStyle fontFamily="Times New Roman" fontSize="11.0"/>
                </Word>
                <Word id="w_w2aab1b3b2b3b3ac11" language="English" custom="readingOrder {index:2;}">
                    <Coords points="454,656 587,656 587,691 454,691"/>
                    <TextEquiv>
                        <Unicode>in-folio,</Unicode>
                    </TextEquiv>
                    <TextStyle fontFamily="Times New Roman" fontSize="11.0"/>
                </Word>
                <Word id="w_w2aab1b3b2b3b3ac31" language="English" custom="readingOrder {index:3;}">
                    <Coords points="603,655 726,655 726,693 603,693"/>
                    <TextEquiv>
                        <Unicode>légères</Unicode>
                    </TextEquiv>
                    <TextStyle fontFamily="Times New Roman" fontSize="11.0"/>
                </Word>
                <Word id="w_w2aab1b3b2b3b3ac47" language="English" custom="readingOrder {index:4;}">
                    <Coords points="752,656 858,656 858,685 752,685"/>
                    <TextEquiv>
                        <Unicode>taches</Unicode>
                    </TextEquiv>
                    <TextStyle fontFamily="Times New Roman" fontSize="11.0"/>
                </Word>
                <Word id="w_w2aab1b3b2b3b3ac61" language="English" custom="readingOrder {index:5;}">
                    <Coords points="881,655 917,655 917,684 881,684"/>
                    <TextEquiv>
                        <Unicode>de</Unicode>
                    </TextEquiv>
                    <TextStyle fontFamily="Times New Roman" fontSize="11.0"/>
                </Word>
                <Word id="w_w2aab1b3b2b3b3ac67" language="English" custom="readingOrder {index:6;}">
                    <Coords points="944,653 1105,653 1105,685 944,685"/>
                    <TextEquiv>
                        <Unicode>rousseur.</Unicode>
                    </TextEquiv>
                    <TextStyle fontFamily="Times New Roman" fontSize="11.0"/>
                </Word>
                <Word id="w_w2aab1b3b2b3b3b1b1" language="English" custom="readingOrder {index:7;}">
                    <Coords points="1133,653 1205,653 1205,684 1133,684"/>
                    <TextEquiv>
                        <Unicode>Très</Unicode>
                    </TextEquiv>
                    <TextStyle fontFamily="Times New Roman" fontSize="11.0" italic="true"/>
                </Word>
                <Word id="w_w2aab1b3b2b3b3b1c11" language="English" custom="readingOrder {index:8;}">
                    <Coords points="1226,665 1298,665 1298,684 1226,684"/>
                    <TextEquiv>
                        <Unicode>rare</Unicode>
                    </TextEquiv>
                    <TextStyle fontFamily="Times New Roman" fontSize="11.0" italic="true"/>
                </Word>
                <Word id="w_w2aab1b3b2b3b3b1c21" language="English" custom="readingOrder {index:9;}">
                    <Coords points="1322,665 1390,665 1390,685 1322,685"/>
                    <TextEquiv>
                        <Unicode>avec</Unicode>
                    </TextEquiv>
                    <TextStyle fontFamily="Times New Roman" fontSize="11.0" italic="true"/>
                </Word>
                <Word id="w_w2aab1b3b2b3b3b1c31" language="English" custom="readingOrder {index:10;}">
                    <Coords points="1420,659 1495,659 1495,684 1420,684"/>
                    <TextEquiv>
                        <Unicode>cette</Unicode>
                    </TextEquiv>
                    <TextStyle fontFamily="Times New Roman" fontSize="11.0" italic="true"/>
                </Word>
                <TextEquiv>
                    <Unicode>1 p. in-folio, légères taches de rousseur. Très rare avec cette</Unicode>
                </TextEquiv>
            </TextLine>
            <TextLine id="tl_5" primaryLanguage="English" custom="readingOrder {index:2;} textStyle {offset:0; length:9;italic:true; fontSize:0.0; kerning:0;}">
                <Coords points="368,696 536,696 536,736 368,736"/>
                <Baseline points="368,726 536,724"/>
                <Word id="w_w2aab1b3b2b3b5ab1" language="English" custom="readingOrder {index:0;}">
                    <Coords points="368,697 536,697 536,736 368,736"/>
                    <TextEquiv>
                        <Unicode>signature.</Unicode>
                    </TextEquiv>
                    <TextStyle fontFamily="Times New Roman" fontSize="11.0" italic="true"/>
                </Word>
                <TextEquiv>
                    <Unicode>signature.</Unicode>
                </TextEquiv>
                <TextStyle fontFamily="Times New Roman" fontSize="11.0" italic="true"/>
            </TextLine>
            <TextEquiv>
                <Unicode>L. a. s. Alexandre, à la reine d’Espagne, sa sœur; (9 mai 1562),
1 p. in-folio, légères taches de rousseur. Très rare avec cette
signature.</Unicode>
            </TextEquiv>
        </TextRegion>
        <TextRegion type="paragraph" id="r_2_3" custom="readingOrder {index:3;}">
            <Coords points="356,749 1498,749 1498,862 356,862"/>
            <TextLine id="tl_6" primaryLanguage="English" custom="readingOrder {index:0;}">
                <Coords points="392,750 1497,750 1497,791 392,791"/>
                <Baseline points="392,782 525,779 550,779 751,780 802,780 878,779 964,779 1019,779 1183,786 1270,778 1436,779 1497,779"/>
                <Word id="w_w2aab1b3b2b5b1ab1" language="English" custom="readingOrder {index:0;}">
                    <Coords points="392,756 525,756 525,782 392,782"/>
                    <TextEquiv>
                        <Unicode>Curieuse</Unicode>
                    </TextEquiv>
                    <TextStyle fontFamily="Times New Roman" fontSize="9.0"/>
                </Word>
                <Word id="w_w2aab1b3b2b5b1ac19" language="English" custom="readingOrder {index:1;}">
                    <Coords points="535,761 637,761 637,780 535,780"/>
                    <TextEquiv>
                        <Unicode>lettre</Unicode>
                    </TextEquiv>
                    <TextStyle fontFamily="Times New Roman" fontSize="9.0"/>
                </Word>
                <Word id="w_w2aab1b3b2b5b1b1b1" language="English" custom="readingOrder {index:2;}">
                    <Coords points="651,753 751,753 751,787 651,787"/>
                    <TextEquiv>
                        <Unicode>signée</Unicode>
                    </TextEquiv>
                    <TextStyle fontFamily="Times New Roman" fontSize="10.5"/>
                </Word>
                <Word id="w_w2aab1b3b2b5b1b1c15" language="English" custom="readingOrder {index:3;}">
                    <Coords points="767,753 802,753 802,780 767,780"/>
                    <TextEquiv>
                        <Unicode>de</Unicode>
                    </TextEquiv>
                    <TextStyle fontFamily="Times New Roman" fontSize="10.5"/>
                </Word>
                <Word id="w_w2aab1b3b2b5b1b1c21" language="English" custom="readingOrder {index:4;}">
                    <Coords points="824,760 878,760 878,779 824,779"/>
                    <TextEquiv>
                        <Unicode>son</Unicode>
                    </TextEquiv>
                    <TextStyle fontFamily="Times New Roman" fontSize="10.5"/>
                </Word>
                <Word id="w_w2aab1b3b2b5b1b1c29" language="English" custom="readingOrder {index:5;}">
                    <Coords points="896,761 964,761 964,779 896,779"/>
                    <TextEquiv>
                        <Unicode>nom</Unicode>
                    </TextEquiv>
                    <TextStyle fontFamily="Times New Roman" fontSize="10.5"/>
                </Word>
                <Word id="w_w2aab1b3b2b5b1b1c37" language="English" custom="readingOrder {index:6;}">
                    <Coords points="984,752 1019,752 1019,779 984,779"/>
                    <TextEquiv>
                        <Unicode>de</Unicode>
                    </TextEquiv>
                    <TextStyle fontFamily="Times New Roman" fontSize="10.5"/>
                </Word>
                <Word id="w_w2aab1b3b2b5b1b1c43" language="English" custom="readingOrder {index:7;}">
                    <Coords points="1038,753 1183,753 1183,787 1038,787"/>
                    <TextEquiv>
                        <Unicode>baptême,</Unicode>
                    </TextEquiv>
                    <TextStyle fontFamily="Times New Roman" fontSize="10.5"/>
                </Word>
                <Word id="w_w2aab1b3b2b5b1b1c61" language="English" custom="readingOrder {index:8;}">
                    <Coords points="1200,753 1270,753 1270,786 1200,786"/>
                    <TextEquiv>
                        <Unicode>qu'il</Unicode>
                    </TextEquiv>
                    <TextStyle fontFamily="Times New Roman" fontSize="10.5"/>
                </Word>
                <Word id="w_w2aab1b3b2b5b1b1c73" language="English" custom="readingOrder {index:9;}">
                    <Coords points="1288,753 1436,753 1436,788 1288,788"/>
                    <TextEquiv>
                        <Unicode>échangea</Unicode>
                    </TextEquiv>
                    <TextStyle fontFamily="Times New Roman" fontSize="10.5"/>
                </Word>
                <Word id="w_w2aab1b3b2b5b1b1c91" language="English" custom="readingOrder {index:10;}">
                    <Coords points="1460,760 1497,760 1497,779 1460,779"/>
                    <TextEquiv>
                        <Unicode>en</Unicode>
                    </TextEquiv>
                    <TextStyle fontFamily="Times New Roman" fontSize="10.5"/>
                </Word>
                <TextEquiv>
                    <Unicode>CURIEUSE LETTRE signée de son nom de baptême, qu'il échangea en</Unicode>
                </TextEquiv>
            </TextLine>
            <TextLine id="tl_7" primaryLanguage="English" custom="readingOrder {index:1;}">
                <Coords points="358,786 1495,786 1495,825 358,825"/>
                <Baseline points="358,817 425,816 513,815 602,814 654,815 771,815 811,814 887,815 936,814 1028,814 1080,815 1119,814 1213,813 1301,815 1363,815 1495,815"/>
                <Word id="w_w2aab1b3b2b5b3ab1" language="English" custom="readingOrder {index:0;}">
                    <Coords points="358,791 425,791 425,818 358,818"/>
                    <TextEquiv>
                        <Unicode>1565</Unicode>
                    </TextEquiv>
                    <TextStyle fontFamily="Times New Roman" fontSize="10.5"/>
                </Word>
                <Word id="w_w2aab1b3b2b5b3ac11" language="English" custom="readingOrder {index:1;}">
                    <Coords points="438,797 513,797 513,825 438,825"/>
                    <TextEquiv>
                        <Unicode>pour</Unicode>
                    </TextEquiv>
                    <TextStyle fontFamily="Times New Roman" fontSize="10.5"/>
                </Word>
                <Word id="w_w2aab1b3b2b5b3ac21" language="English" custom="readingOrder {index:2;}">
                    <Coords points="529,789 602,789 602,816 529,816"/>
                    <TextEquiv>
                        <Unicode>celui</Unicode>
                    </TextEquiv>
                    <TextStyle fontFamily="Times New Roman" fontSize="10.5"/>
                </Word>
                <Word id="w_w2aab1b3b2b5b3ac33" language="English" custom="readingOrder {index:3;}">
                    <Coords points="620,789 654,789 654,815 620,815"/>
                    <TextEquiv>
                        <Unicode>de</Unicode>
                    </TextEquiv>
                    <TextStyle fontFamily="Times New Roman" fontSize="10.5"/>
                </Word>
                <Word id="w_w2aab1b3b2b5b3ac39" language="English" custom="readingOrder {index:4;}">
                    <Coords points="673,789 771,789 771,815 673,815"/>
                    <TextEquiv>
                        <Unicode>Henri.</Unicode>
                    </TextEquiv>
                    <TextStyle fontFamily="Times New Roman" fontSize="10.5"/>
                </Word>
                <Word id="w_w2aab1b3b2b5b3ac53" language="English" custom="readingOrder {index:5;}">
                    <Coords points="792,788 811,788 811,814 792,814"/>
                    <TextEquiv>
                        <Unicode>Il</Unicode>
                    </TextEquiv>
                    <TextStyle fontFamily="Times New Roman" fontSize="10.5"/>
                </Word>
                <Word id="w_w2aab1b3b2b5b3ac59" language="English" custom="readingOrder {index:6;}">
                    <Coords points="824,788 887,788 887,823 824,823"/>
                    <TextEquiv>
                        <Unicode>prie</Unicode>
                    </TextEquiv>
                    <TextStyle fontFamily="Times New Roman" fontSize="10.5"/>
                </Word>
                <Word id="w_w2aab1b3b2b5b3ac69" language="English" custom="readingOrder {index:7;}">
                    <Coords points="904,796 936,796 936,814 904,814"/>
                    <TextEquiv>
                        <Unicode>sa</Unicode>
                    </TextEquiv>
                    <TextStyle fontFamily="Times New Roman" fontSize="10.5"/>
                </Word>
                <Word id="w_w2aab1b3b2b5b3ac75" language="English" custom="readingOrder {index:8;}">
                    <Coords points="949,796 1028,796 1028,815 949,815"/>
                    <TextEquiv>
                        <Unicode>sœur</Unicode>
                    </TextEquiv>
                    <TextStyle fontFamily="Times New Roman" fontSize="10.5"/>
                </Word>
                <Word id="w_w2aab1b3b2b5b3ac85" language="English" custom="readingOrder {index:9;}">
                    <Coords points="1044,788 1080,788 1080,815 1044,815"/>
                    <TextEquiv>
                        <Unicode>de</Unicode>
                    </TextEquiv>
                    <TextStyle fontFamily="Times New Roman" fontSize="10.5"/>
                </Word>
                <Word id="w_w2aab1b3b2b5b3ac91" language="English" custom="readingOrder {index:10;}">
                    <Coords points="1093,788 1119,788 1119,814 1093,814"/>
                    <TextEquiv>
                        <Unicode>le</Unicode>
                    </TextEquiv>
                    <TextStyle fontFamily="Times New Roman" fontSize="10.5"/>
                </Word>
                <Word id="w_w2aab1b3b2b5b3ac97" language="English" custom="readingOrder {index:11;}">
                    <Coords points="1139,788 1213,788 1213,815 1139,815"/>
                    <TextEquiv>
                        <Unicode>tenir</Unicode>
                    </TextEquiv>
                    <TextStyle fontFamily="Times New Roman" fontSize="10.5"/>
                </Word>
                <Word id="w_w2aab1b3b2b5b3ad109" language="English" custom="readingOrder {index:12;}">
                    <Coords points="1228,788 1301,788 1301,815 1228,815"/>
                    <TextEquiv>
                        <Unicode>dans</Unicode>
                    </TextEquiv>
                    <TextStyle fontFamily="Times New Roman" fontSize="10.5"/>
                </Word>
                <Word id="w_w2aab1b3b2b5b3ad119" language="English" custom="readingOrder {index:13;}">
                    <Coords points="1320,788 1363,788 1363,815 1320,815"/>
                    <TextEquiv>
                        <Unicode>les</Unicode>
                    </TextEquiv>
                    <TextStyle fontFamily="Times New Roman" fontSize="10.5"/>
                </Word>
                <Word id="w_w2aab1b3b2b5b3ad127" language="English" custom="readingOrder {index:14;}">
                    <Coords points="1385,788 1495,788 1495,815 1385,815"/>
                    <TextEquiv>
                        <Unicode>bonnes</Unicode>
                    </TextEquiv>
                    <TextStyle fontFamily="Times New Roman" fontSize="10.5"/>
                </Word>
                <TextEquiv>
                    <Unicode>1565 pour celui de Henri. Il prie sa sœur de le tenir dans les bonnes</Unicode>
                </TextEquiv>
                <TextStyle fontFamily="Times New Roman" fontSize="10.5"/>
            </TextLine>
            <TextLine id="tl_8" primaryLanguage="English" custom="readingOrder {index:2;}">
                <Coords points="357,823 961,823 961,861 357,861"/>
                <Baseline points="357,861 459,852 513,853 583,859 654,851 745,851 903,850 961,850"/>
                <Word id="w_w2aab1b3b2b5b5ab1" language="English" custom="readingOrder {index:0;}">
                    <Coords points="357,827 459,827 459,861 357,861"/>
                    <TextEquiv>
                        <Unicode>grâces</Unicode>
                    </TextEquiv>
                    <TextStyle fontFamily="Times New Roman" fontSize="10.5"/>
                </Word>
                <Word id="w_w2aab1b3b2b5b5ac15" language="English" custom="readingOrder {index:1;}">
                    <Coords points="475,825 513,825 513,853 475,853"/>
                    <TextEquiv>
                        <Unicode>du</Unicode>
                    </TextEquiv>
                    <TextStyle fontFamily="Times New Roman" fontSize="10.5"/>
                </Word>
                <Word id="w_w2aab1b3b2b5b5ac21" language="English" custom="readingOrder {index:2;}">
                    <Coords points="531,825 583,825 583,859 531,859"/>
                    <TextEquiv>
                        <Unicode>roi,</Unicode>
                    </TextEquiv>
                    <TextStyle fontFamily="Times New Roman" fontSize="10.5"/>
                </Word>
                <Word id="w_w2aab1b3b2b5b5ac31" language="English" custom="readingOrder {index:3;}">
                    <Coords points="600,832 654,832 654,851 600,851"/>
                    <TextEquiv>
                        <Unicode>son</Unicode>
                    </TextEquiv>
                    <TextStyle fontFamily="Times New Roman" fontSize="10.5"/>
                </Word>
                <Word id="w_w2aab1b3b2b5b5ac39" language="English" custom="readingOrder {index:4;}">
                    <Coords points="671,824 745,824 745,851 671,851"/>
                    <TextEquiv>
                        <Unicode>mari</Unicode>
                    </TextEquiv>
                    <TextStyle fontFamily="Times New Roman" fontSize="10.5"/>
                </Word>
                <Word id="w_w2aab1b3b2b5b5ac49" language="English" custom="readingOrder {index:5;}">
                    <Coords points="761,824 903,824 903,858 761,858"/>
                    <TextEquiv>
                        <Unicode>(Philippe</Unicode>
                    </TextEquiv>
                    <TextStyle fontFamily="Times New Roman" fontSize="10.5"/>
                </Word>
                <Word id="w_w2aab1b3b2b5b5ac69" language="English" custom="readingOrder {index:6;}">
                    <Coords points="916,823 961,823 961,858 916,858"/>
                    <TextEquiv>
                        <Unicode>II).</Unicode>
                    </TextEquiv>
                    <TextStyle fontFamily="Times New Roman" fontSize="10.5"/>
                </Word>
                <TextEquiv>
                    <Unicode>grâces du roi, son mari (Philippe II).</Unicode>
                </TextEquiv>
                <TextStyle fontFamily="Times New Roman" fontSize="10.5"/>
            </TextLine>
            <TextEquiv>
                <Unicode>CURIEUSE LETTRE signée de son nom de baptême, qu'il échangea en
1565 pour celui de Henri. Il prie sa sœur de le tenir dans les bonnes
grâces du roi, son mari (Philippe II).</Unicode>
            </TextEquiv>
        </TextRegion>
        <TextRegion type="paragraph" id="r_2_4" custom="readingOrder {index:4;}">
            <Coords points="280,895 1497,895 1497,997 280,997"/>
            <TextLine id="tl_9" primaryLanguage="English" custom="readingOrder {index:0;}">
                <Coords points="281,896 1496,896 1496,949 281,949"/>
                <Baseline points="281,937 334,938 550,936 818,942 977,934 1234,934 1294,934 1496,942"/>
                <Word id="w_w2aab1b3b2b7b1ab1" language="English" custom="readingOrder {index:0;}">
                    <Coords points="281,905 334,905 334,938 281,938"/>
                    <TextEquiv>
                        <Unicode>o9.</Unicode>
                    </TextEquiv>
                    <TextStyle fontFamily="Times New Roman" fontSize="13.0"/>
                </Word>
                <Word id="w_w2aab1b3b2b7b1ab9" language="English" custom="readingOrder {index:1;}">
                    <Coords points="365,901 550,901 550,938 365,938"/>
                    <TextEquiv>
                        <Unicode>HEROLD</Unicode>
                    </TextEquiv>
                    <TextStyle fontFamily="Times New Roman" fontSize="13.0"/>
                </Word>
                <Word id="w_w2aab1b3b2b7b1ac23" language="English" custom="readingOrder {index:2;}">
                    <Coords points="567,898 818,898 818,948 567,948"/>
                    <TextEquiv>
                        <Unicode>(Ferdinand),</Unicode>
                    </TextEquiv>
                    <TextStyle fontFamily="Times New Roman" fontSize="13.0"/>
                </Word>
                <Word id="w_w2aab1b3b2b7b1ac49" language="English" custom="readingOrder {index:3;}">
                    <Coords points="832,900 977,900 977,935 832,935"/>
                    <TextEquiv>
                        <Unicode>célèbre</Unicode>
                    </TextEquiv>
                    <TextStyle fontFamily="Times New Roman" fontSize="13.0"/>
                </Word>
                <Word id="w_w2aab1b3b2b7b1ac65" language="English" custom="readingOrder {index:4;}">
                    <Coords points="987,899 1234,899 1234,947 987,947"/>
                    <TextEquiv>
                        <Unicode>compositeur</Unicode>
                    </TextEquiv>
                    <TextStyle fontFamily="Times New Roman" fontSize="13.0"/>
                </Word>
                <Word id="w_w2aab1b3b2b7b1ac89" language="English" custom="readingOrder {index:5;}">
                    <Coords points="1251,900 1294,900 1294,934 1251,934"/>
                    <TextEquiv>
                        <Unicode>de</Unicode>
                    </TextEquiv>
                    <TextStyle fontFamily="Times New Roman" fontSize="13.0"/>
                </Word>
                <Word id="w_w2aab1b3b2b7b1ac95" language="English" custom="readingOrder {index:6;}">
                    <Coords points="1314,899 1496,899 1496,945 1314,945"/>
                    <TextEquiv>
                        <Unicode>musique,</Unicode>
                    </TextEquiv>
                    <TextStyle fontFamily="Times New Roman" fontSize="13.0"/>
                </Word>
                <TextEquiv>
                    <Unicode>59. HEROLD (Ferdinand), célèbre compositeur de musique,</Unicode>
                </TextEquiv>
                <TextStyle fontFamily="Times New Roman" fontSize="13.0"/>
            </TextLine>
            <TextLine id="tl_10" primaryLanguage="English" custom="readingOrder {index:1;} textStyle {offset:10; length:5;italic:true; fontSize:0.0; kerning:0;} textStyle {offset:22; length:14;italic:true; fontSize:0.0; kerning:0;}">
                <Coords points="374,946 1496,946 1496,996 374,996"/>
                <Baseline points="374,986 502,987 533,985 601,984 755,985 792,985 864,985 992,983 1039,984 1138,991 1190,983 1313,991 1376,983 1496,983"/>
                <Word id="w_w2aab1b3b2b7b3ab1" language="English" custom="readingOrder {index:0;}">
                    <Coords points="374,954 502,954 502,987 374,987"/>
                    <TextEquiv>
                        <Unicode>auteur</Unicode>
                    </TextEquiv>
                    <TextStyle fontFamily="Times New Roman" fontSize="13.0"/>
                </Word>
                <Word id="w_w2aab1b3b2b7b3ac15" language="English" custom="readingOrder {index:1;}">
                    <Coords points="512,950 556,950 556,985 512,985"/>
                    <TextEquiv>
                        <Unicode>de</Unicode>
                    </TextEquiv>
                    <TextStyle fontFamily="Times New Roman" fontSize="13.0"/>
                </Word>
                <Word id="w_w2aab1b3b2b7b3b1b1" language="English" custom="readingOrder {index:2;}">
                    <Coords points="566,950 708,950 708,995 566,995"/>
                    <TextEquiv>
                        <Unicode>Zampa</Unicode>
                    </TextEquiv>
                    <TextStyle fontFamily="Times New Roman" fontSize="13.0" italic="true"/>
                </Word>
                <Word id="w_w2aab1b3b2b7b3b2b3" language="English" custom="readingOrder {index:3;}">
                    <Coords points="719,953 755,953 755,985 719,985"/>
                    <TextEquiv>
                        <Unicode>et</Unicode>
                    </TextEquiv>
                    <TextStyle fontFamily="Times New Roman" fontSize="13.0"/>
                </Word>
                <Word id="w_w2aab1b3b2b7b3b2b9" language="English" custom="readingOrder {index:4;}">
                    <Coords points="767,949 815,949 815,985 767,985"/>
                    <TextEquiv>
                        <Unicode>du</Unicode>
                    </TextEquiv>
                    <TextStyle fontFamily="Times New Roman" fontSize="13.0"/>
                </Word>
                <Word id="w_w2aab1b3b2b7b3b3b1" language="English" custom="readingOrder {index:5;}">
                    <Coords points="826,949 904,949 904,985 826,985"/>
                    <TextEquiv>
                        <Unicode>Pré</Unicode>
                    </TextEquiv>
                    <TextStyle fontFamily="Times New Roman" fontSize="13.0" bold="true" italic="true"/>
                </Word>
                <Word id="w_w2aab1b3b2b7b3b4b1" language="English" custom="readingOrder {index:6;}">
                    <Coords points="917,960 992,960 992,983 917,983"/>
                    <TextEquiv>
                        <Unicode>aux</Unicode>
                    </TextEquiv>
                    <TextStyle fontFamily="Times New Roman" fontSize="13.0" italic="true"/>
                </Word>
                <Word id="w_w2aab1b3b2b7b3b4b9" language="English" custom="readingOrder {index:7;}">
                    <Coords points="1009,949 1126,949 1126,984 1009,984"/>
                    <TextEquiv>
                        <Unicode>Clercs</Unicode>
                    </TextEquiv>
                    <TextStyle fontFamily="Times New Roman" fontSize="13.0" italic="true"/>
                </Word>
                <Word id="w_w2aab1b3b2b7b3b5b1" language="English" custom="readingOrder {index:8;}">
                    <Coords points="1131,977 1138,977 1138,991 1131,991"/>
                    <TextEquiv>
                        <Unicode>,</Unicode>
                    </TextEquiv>
                    <TextStyle fontFamily="Times New Roman" fontSize="13.0"/>
                </Word>
                <Word id="w_w2aab1b3b2b7b3b5b5" language="English" custom="readingOrder {index:9;}">
                    <Coords points="1154,960 1190,960 1190,983 1154,983"/>
                    <TextEquiv>
                        <Unicode>n.</Unicode>
                    </TextEquiv>
                    <TextStyle fontFamily="Times New Roman" fontSize="13.0"/>
                </Word>
                <Word id="w_w2aab1b3b2b7b3b5c11" language="English" custom="readingOrder {index:10;}">
                    <Coords points="1208,951 1313,951 1313,991 1208,991"/>
                    <TextEquiv>
                        <Unicode>1791,</Unicode>
                    </TextEquiv>
                    <TextStyle fontFamily="Times New Roman" fontSize="13.0"/>
                </Word>
                <Word id="w_w2aab1b3b2b7b3b5c23" language="English" custom="readingOrder {index:11;}">
                    <Coords points="1328,960 1376,960 1376,983 1328,983"/>
                    <TextEquiv>
                        <Unicode>m.</Unicode>
                    </TextEquiv>
                    <TextStyle fontFamily="Times New Roman" fontSize="13.0"/>
                </Word>
                <Word id="w_w2aab1b3b2b7b3b5c29" language="English" custom="readingOrder {index:12;}">
                    <Coords points="1394,950 1496,950 1496,983 1394,983"/>
                    <TextEquiv>
                        <Unicode>1833.</Unicode>
                    </TextEquiv>
                    <TextStyle fontFamily="Times New Roman" fontSize="13.0"/>
                </Word>
                <TextEquiv>
                    <Unicode>auteur de Zampa et du Pré aux Clercs, n. 1791, m. 1833.</Unicode>
                </TextEquiv>
            </TextLine>
            <TextEquiv>
                <Unicode>59. HEROLD (Ferdinand), célèbre compositeur de musique,
auteur de Zampa et du Pré aux Clercs, n. 1791, m. 1833.</Unicode>
            </TextEquiv>
        </TextRegion>
        <TextRegion type="paragraph" id="r_2_5" custom="readingOrder {index:5;}">
            <Coords points="410,1022 1166,1022 1166,1065 410,1065"/>
            <TextLine id="tl_11" primaryLanguage="English" custom="readingOrder {index:0;}">
                <Coords points="411,1023 1165,1023 1165,1064 411,1064"/>
                <Baseline points="411,1056 444,1057 490,1055 549,1062 670,1061 704,1053 888,1053 995,1060 1027,1053 1073,1052 1165,1052"/>
                <Word id="w_w2aab1b3b2b9b1ab1" language="English" custom="readingOrder {index:0;}">
                    <Coords points="411,1028 444,1028 444,1057 411,1057"/>
                    <TextEquiv>
                        <Unicode>P.</Unicode>
                    </TextEquiv>
                    <TextStyle fontFamily="Times New Roman" fontSize="11.0"/>
                </Word>
                <Word id="w_w2aab1b3b2b9b1ab7" language="English" custom="readingOrder {index:1;}">
                    <Coords points="462,1037 490,1037 490,1056 462,1056"/>
                    <TextEquiv>
                        <Unicode>a.</Unicode>
                    </TextEquiv>
                    <TextStyle fontFamily="Times New Roman" fontSize="11.0"/>
                </Word>
                <Word id="w_w2aab1b3b2b9b1ac13" language="English" custom="readingOrder {index:2;}">
                    <Coords points="506,1035 549,1035 549,1062 506,1062"/>
                    <TextEquiv>
                        <Unicode>s.;</Unicode>
                    </TextEquiv>
                    <TextStyle fontFamily="Times New Roman" fontSize="11.0"/>
                </Word>
                <Word id="w_w2aab1b3b2b9b1ac21" language="English" custom="readingOrder {index:3;}">
                    <Coords points="570,1025 670,1025 670,1061 570,1061"/>
                    <TextEquiv>
                        <Unicode>Paris,</Unicode>
                    </TextEquiv>
                    <TextStyle fontFamily="Times New Roman" fontSize="11.0"/>
                </Word>
                <Word id="w_w2aab1b3b2b9b1ac35" language="English" custom="readingOrder {index:4;}">
                    <Coords points="689,1026 704,1026 704,1053 689,1053"/>
                    <TextEquiv>
                        <Unicode>7</Unicode>
                    </TextEquiv>
                    <TextStyle fontFamily="Times New Roman" fontSize="11.0"/>
                </Word>
                <Word id="w_w2aab1b3b2b9b1ac39" language="English" custom="readingOrder {index:5;}">
                    <Coords points="723,1024 888,1024 888,1054 723,1054"/>
                    <TextEquiv>
                        <Unicode>décembre</Unicode>
                    </TextEquiv>
                    <TextStyle fontFamily="Times New Roman" fontSize="11.0"/>
                </Word>
                <Word id="w_w2aab1b3b2b9b1ac57" language="English" custom="readingOrder {index:6;}">
                    <Coords points="910,1025 995,1025 995,1060 910,1060"/>
                    <TextEquiv>
                        <Unicode>1831,</Unicode>
                    </TextEquiv>
                    <TextStyle fontFamily="Times New Roman" fontSize="11.0"/>
                </Word>
                <Word id="w_w2aab1b3b2b9b1ac69" language="English" custom="readingOrder {index:7;}">
                    <Coords points="1012,1025 1027,1025 1027,1053 1012,1053"/>
                    <TextEquiv>
                        <Unicode>1</Unicode>
                    </TextEquiv>
                    <TextStyle fontFamily="Times New Roman" fontSize="11.0"/>
                </Word>
                <Word id="w_w2aab1b3b2b9b1ac73" language="English" custom="readingOrder {index:8;}">
                    <Coords points="1046,1034 1073,1034 1073,1062 1046,1062"/>
                    <TextEquiv>
                        <Unicode>p.</Unicode>
                    </TextEquiv>
                    <TextStyle fontFamily="Times New Roman" fontSize="11.0"/>
                </Word>
                <Word id="w_w2aab1b3b2b9b1ac79" language="English" custom="readingOrder {index:9;}">
                    <Coords points="1090,1023 1165,1023 1165,1052 1090,1052"/>
                    <TextEquiv>
                        <Unicode>in-4.</Unicode>
                    </TextEquiv>
                    <TextStyle fontFamily="Times New Roman" fontSize="11.0"/>
                </Word>
                <TextEquiv>
                    <Unicode>P. a. s. ; Paris, 7 décembre 1831, 1 p. in-4.</Unicode>
                </TextEquiv>
                <TextStyle fontFamily="Times New Roman" fontSize="11.0"/>
            </TextLine>
            <TextEquiv>
                <Unicode>P. a. s. ; Paris, 7 décembre 1831, 1 p. in-4.</Unicode>
            </TextEquiv>
        </TextRegion>
        <TextRegion type="paragraph" id="r_2_6" custom="readingOrder {index:6;}">
            <Coords points="356,1086 1500,1086 1500,1164 356,1164"/>
            <TextLine id="tl_12" primaryLanguage="English" custom="readingOrder {index:0;}">
                <Coords points="391,1087 1499,1087 1499,1128 391,1128"/>
                <Baseline points="391,1119 413,1119 549,1118 638,1118 693,1118 785,1117 858,1116 931,1116 1083,1117 1356,1116 1422,1115 1499,1115"/>
                <Word id="w_w2aab1b3b2c11b1ab1" language="English" custom="readingOrder {index:0;}">
                    <Coords points="391,1093 413,1093 413,1119 391,1119"/>
                    <TextEquiv>
                        <Unicode>Il</Unicode>
                    </TextEquiv>
                    <TextStyle fontFamily="Times New Roman" fontSize="10.5"/>
                </Word>
                <Word id="w_w2aab1b3b2c11b1ab7" language="English" custom="readingOrder {index:1;}">
                    <Coords points="432,1093 549,1093 549,1120 432,1120"/>
                    <TextEquiv>
                        <Unicode>déclare</Unicode>
                    </TextEquiv>
                    <TextStyle fontFamily="Times New Roman" fontSize="10.5"/>
                </Word>
                <Word id="w_w2aab1b3b2c11b1ac23" language="English" custom="readingOrder {index:2;}">
                    <Coords points="568,1091 638,1091 638,1126 568,1126"/>
                    <TextEquiv>
                        <Unicode>qu’il</Unicode>
                    </TextEquiv>
                    <TextStyle fontFamily="Times New Roman" fontSize="10.5"/>
                </Word>
                <Word id="w_w2aab1b3b2c11b1ac35" language="English" custom="readingOrder {index:3;}">
                    <Coords points="656,1099 693,1099 693,1118 656,1118"/>
                    <TextEquiv>
                        <Unicode>ne</Unicode>
                    </TextEquiv>
                    <TextStyle fontFamily="Times New Roman" fontSize="10.5"/>
                </Word>
                <Word id="w_w2aab1b3b2c11b1ac41" language="English" custom="readingOrder {index:4;}">
                    <Coords points="712,1091 785,1091 785,1118 712,1118"/>
                    <TextEquiv>
                        <Unicode>croit</Unicode>
                    </TextEquiv>
                    <TextStyle fontFamily="Times New Roman" fontSize="10.5"/>
                </Word>
                <Word id="w_w2aab1b3b2c11b1ac53" language="English" custom="readingOrder {index:5;}">
                    <Coords points="805,1098 858,1098 858,1124 805,1124"/>
                    <TextEquiv>
                        <Unicode>pas</Unicode>
                    </TextEquiv>
                    <TextStyle fontFamily="Times New Roman" fontSize="10.5"/>
                </Word>
                <Word id="w_w2aab1b3b2c11b1ac61" language="English" custom="readingOrder {index:6;}">
                    <Coords points="875,1098 931,1098 931,1124 875,1124"/>
                    <TextEquiv>
                        <Unicode>que</Unicode>
                    </TextEquiv>
                    <TextStyle fontFamily="Times New Roman" fontSize="10.5"/>
                </Word>
                <Word id="w_w2aab1b3b2c11b1ac69" language="English" custom="readingOrder {index:7;}">
                    <Coords points="952,1090 1083,1090 1083,1117 952,1117"/>
                    <TextEquiv>
                        <Unicode>Madame</Unicode>
                    </TextEquiv>
                    <TextStyle fontFamily="Times New Roman" fontSize="10.5"/>
                </Word>
                <Word id="w_w2aab1b3b2c11b1ac83" language="English" custom="readingOrder {index:8;}">
                    <Coords points="1105,1088 1356,1088 1356,1125 1105,1125"/>
                    <TextEquiv>
                        <Unicode>Glossop-Demeri</Unicode>
                    </TextEquiv>
                    <TextStyle fontFamily="Times New Roman" fontSize="10.5"/>
                </Word>
                <Word id="w_w2aab1b3b2c11b1ad113" language="English" custom="readingOrder {index:9;}">
                    <Coords points="1382,1089 1422,1089 1422,1116 1382,1116"/>
                    <TextEquiv>
                        <Unicode>ait</Unicode>
                    </TextEquiv>
                    <TextStyle fontFamily="Times New Roman" fontSize="10.5"/>
                </Word>
                <Word id="w_w2aab1b3b2c11b1ad121" language="English" custom="readingOrder {index:10;}">
                    <Coords points="1442,1096 1499,1096 1499,1116 1442,1116"/>
                    <TextEquiv>
                        <Unicode>une</Unicode>
                    </TextEquiv>
                    <TextStyle fontFamily="Times New Roman" fontSize="10.5"/>
                </Word>
                <TextEquiv>
                    <Unicode>Il déclare qu’il ne croit pas que Madame Glossop-Demeri ait une</Unicode>
                </TextEquiv>
                <TextStyle fontFamily="Times New Roman" fontSize="10.5"/>
            </TextLine>
            <TextLine id="tl_13" primaryLanguage="English" custom="readingOrder {index:1;}">
                <Coords points="357,1124 1317,1124 1317,1163 357,1163"/>
                <Baseline points="357,1154 422,1155 614,1154 705,1153 861,1152 892,1152 1037,1152 1317,1152"/>
                <Word id="w_w2aab1b3b2c11b3ab1" language="English" custom="readingOrder {index:0;}">
                    <Coords points="357,1129 422,1129 422,1156 357,1156"/>
                    <TextEquiv>
                        <Unicode>voix</Unicode>
                    </TextEquiv>
                    <TextStyle fontFamily="Times New Roman" fontSize="10.5"/>
                </Word>
                <Word id="w_w2aab1b3b2c11b3ac11" language="English" custom="readingOrder {index:1;}">
                    <Coords points="435,1127 614,1127 614,1156 435,1156"/>
                    <TextEquiv>
                        <Unicode>convenable</Unicode>
                    </TextEquiv>
                    <TextStyle fontFamily="Times New Roman" fontSize="10.5"/>
                </Word>
                <Word id="w_w2aab1b3b2c11b3ac33" language="English" custom="readingOrder {index:2;}">
                    <Coords points="630,1135 705,1135 705,1162 630,1162"/>
                    <TextEquiv>
                        <Unicode>pour</Unicode>
                    </TextEquiv>
                    <TextStyle fontFamily="Times New Roman" fontSize="10.5"/>
                </Word>
                <Word id="w_w2aab1b3b2c11b3ac43" language="English" custom="readingOrder {index:3;}">
                    <Coords points="721,1125 861,1125 861,1153 721,1153"/>
                    <TextEquiv>
                        <Unicode>succéder</Unicode>
                    </TextEquiv>
                    <TextStyle fontFamily="Times New Roman" fontSize="10.5"/>
                </Word>
                <Word id="w_w2aab1b3b2c11b3ac61" language="English" custom="readingOrder {index:4;}">
                    <Coords points="875,1125 892,1125 892,1152 875,1152"/>
                    <TextEquiv>
                        <Unicode>à</Unicode>
                    </TextEquiv>
                    <TextStyle fontFamily="Times New Roman" fontSize="10.5"/>
                </Word>
                <Word id="w_w2aab1b3b2c11b3ac65" language="English" custom="readingOrder {index:5;}">
                    <Coords points="908,1126 1037,1126 1037,1152 908,1152"/>
                    <TextEquiv>
                        <Unicode>Madame</Unicode>
                    </TextEquiv>
                    <TextStyle fontFamily="Times New Roman" fontSize="10.5"/>
                </Word>
                <Word id="w_w2aab1b3b2c11b3ac79" language="English" custom="readingOrder {index:6;}">
                    <Coords points="1057,1126 1317,1126 1317,1153 1057,1153"/>
                    <TextEquiv>
                        <Unicode>Damoreau-Ginti.</Unicode>
                    </TextEquiv>
                    <TextStyle fontFamily="Times New Roman" fontSize="10.5"/>
                </Word>
                <TextEquiv>
                    <Unicode>voix convenable pour succéder à Madame Damoreau-Cinti.</Unicode>
                </TextEquiv>
                <TextStyle fontFamily="Times New Roman" fontSize="10.5"/>
            </TextLine>
            <TextEquiv>
                <Unicode>Il déclare qu’il ne croit pas que Madame Glossop-Demeri ait une
voix convenable pour succéder à Madame Damoreau-Cinti.</Unicode>
            </TextEquiv>
        </TextRegion>
        <TextRegion type="paragraph" id="r_2_7" custom="readingOrder {index:7;}">
            <Coords points="280,1195 1384,1195 1384,1250 280,1250"/>
            <TextLine id="tl_14" primaryLanguage="English" custom="readingOrder {index:0;}">
                <Coords points="281,1196 1383,1196 1383,1249 281,1249"/>
                <Baseline points="281,1236 335,1236 490,1236 680,1242 732,1234 868,1233 1004,1240 1059,1232 1186,1240 1251,1231 1383,1232"/>
                <Word id="w_w2aab1b3b2c13b1ab1" language="English" custom="readingOrder {index:0;}">
                    <Coords points="281,1204 335,1204 335,1236 281,1236"/>
                    <TextEquiv>
                        <Unicode>60.</Unicode>
                    </TextEquiv>
                    <TextStyle fontFamily="Times New Roman" fontSize="13.0"/>
                </Word>
                <Word id="w_w2aab1b3b2c13b1ab9" language="English" custom="readingOrder {index:1;}">
                    <Coords points="365,1201 490,1201 490,1236 365,1236"/>
                    <TextEquiv>
                        <Unicode>HUGO</Unicode>
                    </TextEquiv>
                    <TextStyle fontFamily="Times New Roman" fontSize="13.0"/>
                </Word>
                <Word id="w_w2aab1b3b2c13b1ac19" language="English" custom="readingOrder {index:2;}">
                    <Coords points="512,1199 680,1199 680,1248 512,1248"/>
                    <TextEquiv>
                        <Unicode>(Victor),</Unicode>
                    </TextEquiv>
                    <TextStyle fontFamily="Times New Roman" fontSize="13.0"/>
                </Word>
                <Word id="w_w2aab1b3b2c13b1ac39" language="English" custom="readingOrder {index:3;}">
                    <Coords points="699,1200 732,1200 732,1234 699,1234"/>
                    <TextEquiv>
                        <Unicode>le</Unicode>
                    </TextEquiv>
                    <TextStyle fontFamily="Times New Roman" fontSize="13.0"/>
                </Word>
                <Word id="w_w2aab1b3b2c13b1ac45" language="English" custom="readingOrder {index:4;}">
                    <Coords points="753,1197 868,1197 868,1247 753,1247"/>
                    <TextEquiv>
                        <Unicode>grand</Unicode>
                    </TextEquiv>
                    <TextStyle fontFamily="Times New Roman" fontSize="13.0"/>
                </Word>
                <Word id="w_w2aab1b3b2c13b1ac57" language="English" custom="readingOrder {index:5;}">
                    <Coords points="885,1201 1004,1201 1004,1245 885,1245"/>
                    <TextEquiv>
                        <Unicode>poêle,</Unicode>
                    </TextEquiv>
                    <TextStyle fontFamily="Times New Roman" fontSize="13.0"/>
                </Word>
                <Word id="w_w2aab1b3b2c13b1ac71" language="English" custom="readingOrder {index:6;}">
                    <Coords points="1023,1210 1059,1210 1059,1232 1023,1232"/>
                    <TextEquiv>
                        <Unicode>n.</Unicode>
                    </TextEquiv>
                    <TextStyle fontFamily="Times New Roman" fontSize="13.0"/>
                </Word>
                <Word id="w_w2aab1b3b2c13b1ac77" language="English" custom="readingOrder {index:7;}">
                    <Coords points="1083,1199 1186,1199 1186,1240 1083,1240"/>
                    <TextEquiv>
                        <Unicode>1802,</Unicode>
                    </TextEquiv>
                    <TextStyle fontFamily="Times New Roman" fontSize="13.0"/>
                </Word>
                <Word id="w_w2aab1b3b2c13b1ac89" language="English" custom="readingOrder {index:8;}">
                    <Coords points="1204,1209 1251,1209 1251,1231 1204,1231"/>
                    <TextEquiv>
                        <Unicode>m.</Unicode>
                    </TextEquiv>
                    <TextStyle fontFamily="Times New Roman" fontSize="13.0"/>
                </Word>
                <Word id="w_w2aab1b3b2c13b1ac95" language="English" custom="readingOrder {index:9;}">
                    <Coords points="1281,1200 1383,1200 1383,1232 1281,1232"/>
                    <TextEquiv>
                        <Unicode>1885.</Unicode>
                    </TextEquiv>
                    <TextStyle fontFamily="Times New Roman" fontSize="13.0"/>
                </Word>
                <TextEquiv>
                    <Unicode>60. HUGO (Victor), le grand poête, n. 1802, m. 1885.</Unicode>
                </TextEquiv>
                <TextStyle fontFamily="Times New Roman" fontSize="13.0"/>
            </TextLine>
            <TextEquiv>
                <Unicode>60. HUGO (Victor), le grand poête, n. 1802, m. 1885.</Unicode>
            </TextEquiv>
        </TextRegion>
        <TextRegion type="paragraph" id="r_2_8" custom="readingOrder {index:8;}">
            <Coords points="372,1268 1500,1268 1500,1355 372,1355"/>
            <TextLine id="tl_15" primaryLanguage="English" custom="readingOrder {index:0;} textStyle {offset:27; length:23;italic:true; fontSize:0.0; kerning:0;}">
                <Coords points="412,1269 1499,1269 1499,1311 412,1311"/>
                <Baseline points="412,1305 443,1306 496,1305 547,1305 610,1304 791,1302 833,1302 1080,1302 1230,1300 1285,1301 1499,1300"/>
                <Word id="w_w2aab1b3b2c15b1ab1" language="English" custom="readingOrder {index:0;}">
                    <Coords points="412,1278 443,1278 443,1306 412,1306"/>
                    <TextEquiv>
                        <Unicode>L.</Unicode>
                    </TextEquiv>
                    <TextStyle fontFamily="Times New Roman" fontSize="11.0"/>
                </Word>
                <Word id="w_w2aab1b3b2c15b1ab7" language="English" custom="readingOrder {index:1;}">
                    <Coords points="469,1286 496,1286 496,1305 469,1305"/>
                    <TextEquiv>
                        <Unicode>a.</Unicode>
                    </TextEquiv>
                    <TextStyle fontFamily="Times New Roman" fontSize="11.0"/>
                </Word>
                <Word id="w_w2aab1b3b2c15b1ac13" language="English" custom="readingOrder {index:2;}">
                    <Coords points="522,1285 547,1285 547,1305 522,1305"/>
                    <TextEquiv>
                        <Unicode>s.</Unicode>
                    </TextEquiv>
                    <TextStyle fontFamily="Times New Roman" fontSize="11.0"/>
                </Word>
                <Word id="w_w2aab1b3b2c15b1ac19" language="English" custom="readingOrder {index:3;}">
                    <Coords points="571,1285 610,1285 610,1304 571,1304"/>
                    <TextEquiv>
                        <Unicode>au</Unicode>
                    </TextEquiv>
                    <TextStyle fontFamily="Times New Roman" fontSize="11.0"/>
                </Word>
                <Word id="w_w2aab1b3b2c15b1ac25" language="English" custom="readingOrder {index:4;}">
                    <Coords points="633,1275 791,1275 791,1304 633,1304"/>
                    <TextEquiv>
                        <Unicode>directeur</Unicode>
                    </TextEquiv>
                    <TextStyle fontFamily="Times New Roman" fontSize="11.0"/>
                </Word>
                <Word id="w_w2aab1b3b2c15b1ac45" language="English" custom="readingOrder {index:5;}">
                    <Coords points="815,1273 853,1273 853,1302 815,1302"/>
                    <TextEquiv>
                        <Unicode>de</Unicode>
                    </TextEquiv>
                    <TextStyle fontFamily="Times New Roman" fontSize="11.0"/>
                </Word>
                <Word id="w_w2aab1b3b2c15b1b1b1" language="English" custom="readingOrder {index:6;}">
                    <Coords points="874,1271 1080,1271 1080,1302 874,1302"/>
                    <TextEquiv>
                        <Unicode>YlLlustrated</Unicode>
                    </TextEquiv>
                    <TextStyle fontFamily="Times New Roman" fontSize="11.0" italic="true"/>
                </Word>
                <Word id="w_w2aab1b3b2c15b1b1c27" language="English" custom="readingOrder {index:7;}">
                    <Coords points="1103,1271 1230,1271 1230,1301 1103,1301"/>
                    <TextEquiv>
                        <Unicode>London</Unicode>
                    </TextEquiv>
                    <TextStyle fontFamily="Times New Roman" fontSize="11.0" italic="true"/>
                </Word>
                <Word id="w_w2aab1b3b2c15b1b1c41" language="English" custom="readingOrder {index:8;}">
                    <Coords points="1251,1271 1358,1271 1358,1308 1251,1308"/>
                    <TextEquiv>
                        <Unicode>News;</Unicode>
                    </TextEquiv>
                    <TextStyle fontFamily="Times New Roman" fontSize="11.0" italic="true"/>
                </Word>
                <Word id="w_w2aab1b3b2c15b1b2b3" language="English" custom="readingOrder {index:9;}">
                    <Coords points="1382,1271 1499,1271 1499,1300 1382,1300"/>
                    <TextEquiv>
                        <Unicode>Marine</Unicode>
                    </TextEquiv>
                    <TextStyle fontFamily="Times New Roman" fontSize="11.0"/>
                </Word>
                <TextEquiv>
                    <Unicode>L. a. s. au directeur de l'Illustrated London News; Marine</Unicode>
                </TextEquiv>
            </TextLine>
            <TextLine id="tl_16" primaryLanguage="English" custom="readingOrder {index:1;}">
                <Coords points="373,1312 1022,1312 1022,1354 373,1354"/>
                <Baseline points="373,1346 515,1351 570,1344 664,1344 772,1351 802,1343 850,1342 927,1341 1022,1341"/>
                <Word id="w_w2aab1b3b2c15b3ab1" language="English" custom="readingOrder {index:0;}">
                    <Coords points="373,1318 515,1318 515,1351 373,1351"/>
                    <TextEquiv>
                        <Unicode>Terrace,</Unicode>
                    </TextEquiv>
                    <TextStyle fontFamily="Times New Roman" fontSize="11.0"/>
                </Word>
                <Word id="w_w2aab1b3b2c15b3ac19" language="English" custom="readingOrder {index:1;}">
                    <Coords points="534,1316 570,1316 570,1344 534,1344"/>
                    <TextEquiv>
                        <Unicode>12</Unicode>
                    </TextEquiv>
                    <TextStyle fontFamily="Times New Roman" fontSize="11.0"/>
                </Word>
                <Word id="w_w2aab1b3b2c15b3ac25" language="English" custom="readingOrder {index:2;}">
                    <Coords points="585,1315 664,1315 664,1344 585,1344"/>
                    <TextEquiv>
                        <Unicode>avril</Unicode>
                    </TextEquiv>
                    <TextStyle fontFamily="Times New Roman" fontSize="11.0"/>
                </Word>
                <Word id="w_w2aab1b3b2c15b3ac37" language="English" custom="readingOrder {index:3;}">
                    <Coords points="682,1315 772,1315 772,1351 682,1351"/>
                    <TextEquiv>
                        <Unicode>1854,</Unicode>
                    </TextEquiv>
                    <TextStyle fontFamily="Times New Roman" fontSize="11.0"/>
                </Word>
                <Word id="w_w2aab1b3b2c15b3ac49" language="English" custom="readingOrder {index:4;}">
                    <Coords points="789,1314 802,1314 802,1343 789,1343"/>
                    <TextEquiv>
                        <Unicode>1</Unicode>
                    </TextEquiv>
                    <TextStyle fontFamily="Times New Roman" fontSize="11.0"/>
                </Word>
                <Word id="w_w2aab1b3b2c15b3ac53" language="English" custom="readingOrder {index:5;}">
                    <Coords points="821,1323 850,1323 850,1351 821,1351"/>
                    <TextEquiv>
                        <Unicode>p.</Unicode>
                    </TextEquiv>
                    <TextStyle fontFamily="Times New Roman" fontSize="11.0"/>
                </Word>
                <Word id="w_w2aab1b3b2c15b3ac59" language="English" custom="readingOrder {index:6;}">
                    <Coords points="870,1312 927,1312 927,1352 870,1352"/>
                    <TextEquiv>
                        <Unicode>1/2</Unicode>
                    </TextEquiv>
                    <TextStyle fontFamily="Times New Roman" fontSize="11.0"/>
                </Word>
                <Word id="w_w2aab1b3b2c15b3ac67" language="English" custom="readingOrder {index:7;}">
                    <Coords points="942,1314 1022,1314 1022,1341 942,1341"/>
                    <TextEquiv>
                        <Unicode>in-4.</Unicode>
                    </TextEquiv>
                    <TextStyle fontFamily="Times New Roman" fontSize="11.0"/>
                </Word>
                <TextEquiv>
                    <Unicode>Terrace, 12 avril 1854, 1 p. 1/2 in-4.</Unicode>
                </TextEquiv>
                <TextStyle fontFamily="Times New Roman" fontSize="11.0"/>
            </TextLine>
            <TextEquiv>
                <Unicode>L. a. s. au directeur de l'Illustrated London News; Marine
Terrace, 12 avril 1854, 1 p. 1/2 in-4.</Unicode>
            </TextEquiv>
        </TextRegion>
        <TextRegion type="paragraph" id="r_2_9" custom="readingOrder {index:9;}">
            <Coords points="357,1376 1503,1376 1503,1666 357,1666"/>
            <TextLine id="tl_17" primaryLanguage="English" custom="readingOrder {index:0;}">
                <Coords points="394,1377 1500,1377 1500,1416 394,1416"/>
                <Baseline points="394,1410 517,1408 636,1408 669,1407 731,1407 778,1407 942,1405 997,1406 1054,1406 1200,1405 1427,1404 1500,1404"/>
                <Word id="w_w2aab1b3b2c17b1ab1" language="English" custom="readingOrder {index:0;}">
                    <Coords points="394,1384 517,1384 517,1410 394,1410"/>
                    <TextEquiv>
                        <Unicode>Superbe</Unicode>
                    </TextEquiv>
                    <TextStyle fontFamily="Times New Roman" fontSize="9.0"/>
                </Word>
                <Word id="w_w2aab1b3b2c17b1ac17" language="English" custom="readingOrder {index:1;}">
                    <Coords points="536,1390 636,1390 636,1408 536,1408"/>
                    <TextEquiv>
                        <Unicode>lettre</Unicode>
                    </TextEquiv>
                    <TextStyle fontFamily="Times New Roman" fontSize="9.0"/>
                </Word>
                <Word id="w_w2aab1b3b2c17b1ac31" language="English" custom="readingOrder {index:2;}">
                    <Coords points="654,1381 689,1381 689,1407 654,1407"/>
                    <TextEquiv>
                        <Unicode>où</Unicode>
                    </TextEquiv>
                    <TextStyle fontFamily="Times New Roman" fontSize="9.0"/>
                </Word>
                <Word id="w_w2aab1b3b2c17b1b1b1" language="English" custom="readingOrder {index:3;}">
                    <Coords points="713,1381 731,1381 731,1407 713,1407"/>
                    <TextEquiv>
                        <Unicode>il</Unicode>
                    </TextEquiv>
                    <TextStyle fontFamily="Times New Roman" fontSize="10.5"/>
                </Word>
                <Word id="w_w2aab1b3b2c17b1b1b7" language="English" custom="readingOrder {index:4;}">
                    <Coords points="753,1380 778,1380 778,1407 753,1407"/>
                    <TextEquiv>
                        <Unicode>le</Unicode>
                    </TextEquiv>
                    <TextStyle fontFamily="Times New Roman" fontSize="10.5"/>
                </Word>
                <Word id="w_w2aab1b3b2c17b1b1c13" language="English" custom="readingOrder {index:5;}">
                    <Coords points="799,1379 942,1379 942,1406 799,1406"/>
                    <TextEquiv>
                        <Unicode>remercie</Unicode>
                    </TextEquiv>
                    <TextStyle fontFamily="Times New Roman" fontSize="10.5"/>
                </Word>
                <Word id="w_w2aab1b3b2c17b1b1c31" language="English" custom="readingOrder {index:6;}">
                    <Coords points="964,1379 997,1379 997,1406 964,1406"/>
                    <TextEquiv>
                        <Unicode>de</Unicode>
                    </TextEquiv>
                    <TextStyle fontFamily="Times New Roman" fontSize="10.5"/>
                </Word>
                <Word id="w_w2aab1b3b2c17b1b1c37" language="English" custom="readingOrder {index:7;}">
                    <Coords points="1022,1388 1054,1388 1054,1406 1022,1406"/>
                    <TextEquiv>
                        <Unicode>sa</Unicode>
                    </TextEquiv>
                    <TextStyle fontFamily="Times New Roman" fontSize="10.5"/>
                </Word>
                <Word id="w_w2aab1b3b2c17b1b1c43" language="English" custom="readingOrder {index:8;}">
                    <Coords points="1075,1378 1200,1378 1200,1413 1075,1413"/>
                    <TextEquiv>
                        <Unicode>critique</Unicode>
                    </TextEquiv>
                    <TextStyle fontFamily="Times New Roman" fontSize="10.5"/>
                </Word>
                <Word id="w_w2aab1b3b2c17b1b1c61" language="English" custom="readingOrder {index:9;}">
                    <Coords points="1221,1378 1427,1378 1427,1405 1221,1405"/>
                    <TextEquiv>
                        <Unicode>bienveillante</Unicode>
                    </TextEquiv>
                    <TextStyle fontFamily="Times New Roman" fontSize="10.5"/>
                </Word>
                <Word id="w_w2aab1b3b2c17b1b1c89" language="English" custom="readingOrder {index:10;}">
                    <Coords points="1451,1377 1500,1377 1500,1404 1451,1404"/>
                    <TextEquiv>
                        <Unicode>des</Unicode>
                    </TextEquiv>
                    <TextStyle fontFamily="Times New Roman" fontSize="10.5"/>
                </Word>
                <TextEquiv>
                    <Unicode>Superbe lettre où il le remercie de sa critique bienveillante des</Unicode>
                </TextEquiv>
            </TextLine>
            <TextLine id="tl_18" primaryLanguage="English" custom="readingOrder {index:1;} textStyle {offset:0; length:10;italic:true; fontSize:0.0; kerning:0;}">
                <Coords points="359,1412 1500,1412 1500,1452 359,1452"/>
                <Baseline points="359,1447 377,1447 569,1443 622,1443 772,1443 867,1440 953,1440 995,1440 1132,1440 1221,1440 1257,1440 1428,1445 1457,1437 1500,1439"/>
                <Word id="w_w2aab1b3b2c17b3ab1" language="English" custom="readingOrder {index:0;}">
                    <Coords points="359,1420 531,1420 531,1447 359,1447"/>
                    <TextEquiv>
                        <Unicode>Châtiments.</Unicode>
                    </TextEquiv>
                    <TextStyle fontFamily="Times New Roman" fontSize="10.5" italic="true"/>
                </Word>
                <Word id="w_w2aab1b3b2c17b3b1b3" language="English" custom="readingOrder {index:1;}">
                    <Coords points="547,1418 569,1418 569,1443 547,1443"/>
                    <TextEquiv>
                        <Unicode>Il</Unicode>
                    </TextEquiv>
                    <TextStyle fontFamily="Times New Roman" fontSize="10.5"/>
                </Word>
                <Word id="w_w2aab1b3b2c17b3b1b9" language="English" custom="readingOrder {index:2;}">
                    <Coords points="581,1417 622,1417 622,1443 581,1443"/>
                    <TextEquiv>
                        <Unicode>dit</Unicode>
                    </TextEquiv>
                    <TextStyle fontFamily="Times New Roman" fontSize="10.5"/>
                </Word>
                <Word id="w_w2aab1b3b2c17b3b1c17" language="English" custom="readingOrder {index:3;}">
                    <Coords points="638,1416 772,1416 772,1451 638,1451"/>
                    <TextEquiv>
                        <Unicode>qu'après</Unicode>
                    </TextEquiv>
                    <TextStyle fontFamily="Times New Roman" fontSize="10.5"/>
                </Word>
                <Word id="w_w2aab1b3b2c17b3b1c35" language="English" custom="readingOrder {index:4;}">
                    <Coords points="787,1415 867,1415 867,1442 787,1442"/>
                    <TextEquiv>
                        <Unicode>avoir</Unicode>
                    </TextEquiv>
                    <TextStyle fontFamily="Times New Roman" fontSize="10.5"/>
                </Word>
                <Word id="w_w2aab1b3b2c17b3b1c47" language="English" custom="readingOrder {index:5;}">
                    <Coords points="883,1415 953,1415 953,1441 883,1441"/>
                    <TextEquiv>
                        <Unicode>servi</Unicode>
                    </TextEquiv>
                    <TextStyle fontFamily="Times New Roman" fontSize="10.5"/>
                </Word>
                <Word id="w_w2aab1b3b2c17b3b1c59" language="English" custom="readingOrder {index:6;}">
                    <Coords points="968,1414 995,1414 995,1440 968,1440"/>
                    <TextEquiv>
                        <Unicode>le</Unicode>
                    </TextEquiv>
                    <TextStyle fontFamily="Times New Roman" fontSize="10.5"/>
                </Word>
                <Word id="w_w2aab1b3b2c17b3b1c65" language="English" custom="readingOrder {index:7;}">
                    <Coords points="1010,1413 1132,1413 1132,1449 1010,1449"/>
                    <TextEquiv>
                        <Unicode>Progrès</Unicode>
                    </TextEquiv>
                    <TextStyle fontFamily="Times New Roman" fontSize="10.5"/>
                </Word>
                <Word id="w_w2aab1b3b2c17b3b1c81" language="English" custom="readingOrder {index:8;}">
                    <Coords points="1149,1414 1221,1414 1221,1440 1149,1440"/>
                    <TextEquiv>
                        <Unicode>dans</Unicode>
                    </TextEquiv>
                    <TextStyle fontFamily="Times New Roman" fontSize="10.5"/>
                </Word>
                <Word id="w_w2aab1b3b2c17b3b1c91" language="English" custom="readingOrder {index:9;}">
                    <Coords points="1230,1414 1257,1414 1257,1440 1230,1440"/>
                    <TextEquiv>
                        <Unicode>le</Unicode>
                    </TextEquiv>
                    <TextStyle fontFamily="Times New Roman" fontSize="10.5"/>
                </Word>
                <Word id="w_w2aab1b3b2c17b3b1c97" language="English" custom="readingOrder {index:10;}">
                    <Coords points="1273,1412 1428,1412 1428,1448 1273,1448"/>
                    <TextEquiv>
                        <Unicode>triomphe,</Unicode>
                    </TextEquiv>
                    <TextStyle fontFamily="Times New Roman" fontSize="10.5"/>
                </Word>
                <Word id="w_w2aab1b3b2c17b3b1d117" language="English" custom="readingOrder {index:11;}">
                    <Coords points="1439,1412 1457,1412 1457,1438 1439,1438"/>
                    <TextEquiv>
                        <Unicode>il</Unicode>
                    </TextEquiv>
                    <TextStyle fontFamily="Times New Roman" fontSize="10.5"/>
                </Word>
                <Word id="w_w2aab1b3b2c17b3b1d123" language="English" custom="readingOrder {index:12;}">
                    <Coords points="1474,1413 1500,1413 1500,1439 1474,1439"/>
                    <TextEquiv>
                        <Unicode>le</Unicode>
                    </TextEquiv>
                    <TextStyle fontFamily="Times New Roman" fontSize="10.5"/>
                </Word>
                <TextEquiv>
                    <Unicode>Châtiments. Il dit qu'après avoir servi le Progrès dans le triomphe, il le</Unicode>
                </TextEquiv>
            </TextLine>
            <TextLine id="tl_19" primaryLanguage="English" custom="readingOrder {index:2;}">
                <Coords points="360,1448 1501,1448 1501,1487 360,1487"/>
                <Baseline points="360,1481 464,1480 553,1479 597,1479 732,1479 763,1476 838,1476 917,1476 963,1476 1035,1476 1120,1476 1243,1475 1448,1473 1501,1474"/>
                <Word id="w_w2aab1b3b2c17b5ab1" language="English" custom="readingOrder {index:0;}">
                    <Coords points="360,1455 464,1455 464,1481 360,1481"/>
                    <TextEquiv>
                        <Unicode>défend</Unicode>
                    </TextEquiv>
                    <TextStyle fontFamily="Times New Roman" fontSize="10.5"/>
                </Word>
                <Word id="w_w2aab1b3b2c17b5ac15" language="English" custom="readingOrder {index:1;}">
                    <Coords points="482,1454 553,1454 553,1480 482,1480"/>
                    <TextEquiv>
                        <Unicode>dans</Unicode>
                    </TextEquiv>
                    <TextStyle fontFamily="Times New Roman" fontSize="10.5"/>
                </Word>
                <Word id="w_w2aab1b3b2c17b5ac25" language="English" custom="readingOrder {index:2;}">
                    <Coords points="568,1453 597,1453 597,1479 568,1479"/>
                    <TextEquiv>
                        <Unicode>la</Unicode>
                    </TextEquiv>
                    <TextStyle fontFamily="Times New Roman" fontSize="10.5"/>
                </Word>
                <Word id="w_w2aab1b3b2c17b5ac31" language="English" custom="readingOrder {index:3;}">
                    <Coords points="612,1452 732,1452 732,1479 612,1479"/>
                    <TextEquiv>
                        <Unicode>défaite.</Unicode>
                    </TextEquiv>
                    <TextStyle fontFamily="Times New Roman" fontSize="10.5"/>
                </Word>
                <Word id="w_w2aab1b3b2c17b5ac49" language="English" custom="readingOrder {index:4;}">
                    <Coords points="749,1462 763,1462 763,1476 749,1476"/>
                    <TextEquiv>
                        <Unicode>«</Unicode>
                    </TextEquiv>
                    <TextStyle fontFamily="Times New Roman" fontSize="10.5"/>
                </Word>
                <Word id="w_w2aab1b3b2c17b5ac53" language="English" custom="readingOrder {index:5;}">
                    <Coords points="785,1451 838,1451 838,1478 785,1478"/>
                    <TextEquiv>
                        <Unicode>Car</Unicode>
                    </TextEquiv>
                    <TextStyle fontFamily="Times New Roman" fontSize="10.5"/>
                </Word>
                <Word id="w_w2aab1b3b2c17b5ac61" language="English" custom="readingOrder {index:6;}">
                    <Coords points="854,1453 917,1453 917,1477 854,1477"/>
                    <TextEquiv>
                        <Unicode>tout</Unicode>
                    </TextEquiv>
                    <TextStyle fontFamily="Times New Roman" fontSize="10.5"/>
                </Word>
                <Word id="w_w2aab1b3b2c17b5ac71" language="English" custom="readingOrder {index:7;}">
                    <Coords points="931,1458 963,1458 963,1476 931,1476"/>
                    <TextEquiv>
                        <Unicode>ce</Unicode>
                    </TextEquiv>
                    <TextStyle fontFamily="Times New Roman" fontSize="10.5"/>
                </Word>
                <Word id="w_w2aab1b3b2c17b5ac77" language="English" custom="readingOrder {index:8;}">
                    <Coords points="979,1458 1035,1458 1035,1484 979,1484"/>
                    <TextEquiv>
                        <Unicode>que</Unicode>
                    </TextEquiv>
                    <TextStyle fontFamily="Times New Roman" fontSize="10.5"/>
                </Word>
                <Word id="w_w2aab1b3b2c17b5ac85" language="English" custom="readingOrder {index:9;}">
                    <Coords points="1047,1458 1120,1458 1120,1477 1047,1477"/>
                    <TextEquiv>
                        <Unicode>nous</Unicode>
                    </TextEquiv>
                    <TextStyle fontFamily="Times New Roman" fontSize="10.5"/>
                </Word>
                <Word id="w_w2aab1b3b2c17b5ac95" language="English" custom="readingOrder {index:10;}">
                    <Coords points="1136,1458 1243,1458 1243,1484 1136,1484"/>
                    <TextEquiv>
                        <Unicode>voyons</Unicode>
                    </TextEquiv>
                    <TextStyle fontFamily="Times New Roman" fontSize="10.5"/>
                </Word>
                <Word id="w_w2aab1b3b2c17b5ad109" language="English" custom="readingOrder {index:11;}">
                    <Coords points="1260,1448 1448,1448 1448,1484 1260,1484"/>
                    <TextEquiv>
                        <Unicode>aujourd'hui</Unicode>
                    </TextEquiv>
                    <TextStyle fontFamily="Times New Roman" fontSize="10.5"/>
                </Word>
                <Word id="w_w2aab1b3b2c17b5ad133" language="English" custom="readingOrder {index:12;}">
                    <Coords points="1464,1456 1501,1456 1501,1474 1464,1474"/>
                    <TextEquiv>
                        <Unicode>en</Unicode>
                    </TextEquiv>
                    <TextStyle fontFamily="Times New Roman" fontSize="10.5"/>
                </Word>
                <TextEquiv>
                    <Unicode>défend dans la défaite. « Car tout ce que nous voyons aujourd'hui en</Unicode>
                </TextEquiv>
                <TextStyle fontFamily="Times New Roman" fontSize="10.5"/>
            </TextLine>
            <TextLine id="tl_20" primaryLanguage="English" custom="readingOrder {index:3;}">
                <Coords points="358,1483 1501,1483 1501,1523 358,1523"/>
                <Baseline points="358,1516 466,1517 511,1514 562,1515 692,1514 782,1514 848,1512 945,1512 1049,1512 1122,1510 1166,1512 1305,1511 1428,1509 1501,1509"/>
                <Word id="w_w2aab1b3b2c17b7ab1" language="English" custom="readingOrder {index:0;}">
                    <Coords points="358,1491 466,1491 466,1517 358,1517"/>
                    <TextEquiv>
                        <Unicode>France</Unicode>
                    </TextEquiv>
                    <TextStyle fontFamily="Times New Roman" fontSize="10.5"/>
                </Word>
                <Word id="w_w2aab1b3b2c17b7ac15" language="English" custom="readingOrder {index:1;}">
                    <Coords points="483,1491 511,1491 511,1516 483,1516"/>
                    <TextEquiv>
                        <Unicode>et</Unicode>
                    </TextEquiv>
                    <TextStyle fontFamily="Times New Roman" fontSize="10.5"/>
                </Word>
                <Word id="w_w2aab1b3b2c17b7ac21" language="English" custom="readingOrder {index:2;}">
                    <Coords points="527,1497 562,1497 562,1515 527,1515"/>
                    <TextEquiv>
                        <Unicode>en</Unicode>
                    </TextEquiv>
                    <TextStyle fontFamily="Times New Roman" fontSize="10.5"/>
                </Word>
                <Word id="w_w2aab1b3b2c17b7ac27" language="English" custom="readingOrder {index:3;}">
                    <Coords points="580,1489 692,1489 692,1522 580,1522"/>
                    <TextEquiv>
                        <Unicode>Europe</Unicode>
                    </TextEquiv>
                    <TextStyle fontFamily="Times New Roman" fontSize="10.5"/>
                </Word>
                <Word id="w_w2aab1b3b2c17b7ac41" language="English" custom="readingOrder {index:4;}">
                    <Coords points="706,1487 782,1487 782,1514 706,1514"/>
                    <TextEquiv>
                        <Unicode>n’est</Unicode>
                    </TextEquiv>
                    <TextStyle fontFamily="Times New Roman" fontSize="10.5"/>
                </Word>
                <Word id="w_w2aab1b3b2c17b7ac53" language="English" custom="readingOrder {index:5;}">
                    <Coords points="796,1495 848,1495 848,1521 796,1521"/>
                    <TextEquiv>
                        <Unicode>pas</Unicode>
                    </TextEquiv>
                    <TextStyle fontFamily="Times New Roman" fontSize="10.5"/>
                </Word>
                <Word id="w_w2aab1b3b2c17b7ac61" language="English" custom="readingOrder {index:6;}">
                    <Coords points="864,1489 945,1489 945,1512 864,1512"/>
                    <TextEquiv>
                        <Unicode>autre</Unicode>
                    </TextEquiv>
                    <TextStyle fontFamily="Times New Roman" fontSize="10.5"/>
                </Word>
                <Word id="w_w2aab1b3b2c17b7ac73" language="English" custom="readingOrder {index:7;}">
                    <Coords points="962,1486 1049,1486 1049,1512 962,1512"/>
                    <TextEquiv>
                        <Unicode>chose</Unicode>
                    </TextEquiv>
                    <TextStyle fontFamily="Times New Roman" fontSize="10.5"/>
                </Word>
                <Word id="w_w2aab1b3b2c17b7ac85" language="English" custom="readingOrder {index:8;}">
                    <Coords points="1067,1493 1122,1493 1122,1520 1067,1520"/>
                    <TextEquiv>
                        <Unicode>que</Unicode>
                    </TextEquiv>
                    <TextStyle fontFamily="Times New Roman" fontSize="10.5"/>
                </Word>
                <Word id="w_w2aab1b3b2c17b7ac93" language="English" custom="readingOrder {index:9;}">
                    <Coords points="1140,1485 1166,1485 1166,1512 1140,1512"/>
                    <TextEquiv>
                        <Unicode>le</Unicode>
                    </TextEquiv>
                    <TextStyle fontFamily="Times New Roman" fontSize="10.5"/>
                </Word>
                <Word id="w_w2aab1b3b2c17b7ac99" language="English" custom="readingOrder {index:10;}">
                    <Coords points="1184,1486 1305,1486 1305,1520 1184,1520"/>
                    <TextEquiv>
                        <Unicode>Progrès</Unicode>
                    </TextEquiv>
                    <TextStyle fontFamily="Times New Roman" fontSize="10.5"/>
                </Word>
                <Word id="w_w2aab1b3b2c17b7ad115" language="English" custom="readingOrder {index:11;}">
                    <Coords points="1325,1484 1428,1484 1428,1511 1325,1511"/>
                    <TextEquiv>
                        <Unicode>vaincu</Unicode>
                    </TextEquiv>
                    <TextStyle fontFamily="Times New Roman" fontSize="10.5"/>
                </Word>
                <Word id="w_w2aab1b3b2c17b7ad129" language="English" custom="readingOrder {index:12;}">
                    <Coords points="1449,1491 1501,1491 1501,1518 1449,1518"/>
                    <TextEquiv>
                        <Unicode>par</Unicode>
                    </TextEquiv>
                    <TextStyle fontFamily="Times New Roman" fontSize="10.5"/>
                </Word>
                <TextEquiv>
                    <Unicode>France et en Europe n’est pas autre chose que le Progrès vaincu par</Unicode>
                </TextEquiv>
                <TextStyle fontFamily="Times New Roman" fontSize="10.5"/>
            </TextLine>
            <TextLine id="tl_21" primaryLanguage="English" custom="readingOrder {index:4;}">
                <Coords points="359,1518 1500,1518 1500,1558 359,1558"/>
                <Baseline points="359,1552 384,1552 496,1558 539,1550 631,1549 772,1550 839,1548 880,1548 983,1554 1028,1547 1144,1546 1309,1547 1378,1545 1500,1538"/>
                <Word id="w_w2aab1b3b2c17b9ab1" language="English" custom="readingOrder {index:0;}">
                    <Coords points="359,1526 384,1526 384,1552 359,1552"/>
                    <TextEquiv>
                        <Unicode>le</Unicode>
                    </TextEquiv>
                    <TextStyle fontFamily="Times New Roman" fontSize="10.5"/>
                </Word>
                <Word id="w_w2aab1b3b2c17b9ab7" language="English" custom="readingOrder {index:1;}">
                    <Coords points="399,1525 496,1525 496,1558 399,1558"/>
                    <TextEquiv>
                        <Unicode>Passé,</Unicode>
                    </TextEquiv>
                    <TextStyle fontFamily="Times New Roman" fontSize="10.5"/>
                </Word>
                <Word id="w_w2aab1b3b2c17b9ac21" language="English" custom="readingOrder {index:2;}">
                    <Coords points="513,1525 539,1525 539,1550 513,1550"/>
                    <TextEquiv>
                        <Unicode>le</Unicode>
                    </TextEquiv>
                    <TextStyle fontFamily="Times New Roman" fontSize="10.5"/>
                </Word>
                <Word id="w_w2aab1b3b2c17b9ac27" language="English" custom="readingOrder {index:3;}">
                    <Coords points="553,1524 631,1524 631,1550 553,1550"/>
                    <TextEquiv>
                        <Unicode>droit</Unicode>
                    </TextEquiv>
                    <TextStyle fontFamily="Times New Roman" fontSize="10.5"/>
                </Word>
                <Word id="w_w2aab1b3b2c17b9ac39" language="English" custom="readingOrder {index:4;}">
                    <Coords points="645,1523 772,1523 772,1550 645,1550"/>
                    <TextEquiv>
                        <Unicode>terrassé</Unicode>
                    </TextEquiv>
                    <TextStyle fontFamily="Times New Roman" fontSize="10.5"/>
                </Word>
                <Word id="w_w2aab1b3b2c17b9ac57" language="English" custom="readingOrder {index:5;}">
                    <Coords points="785,1531 839,1531 839,1557 785,1557"/>
                    <TextEquiv>
                        <Unicode>par</Unicode>
                    </TextEquiv>
                    <TextStyle fontFamily="Times New Roman" fontSize="10.5"/>
                </Word>
                <Word id="w_w2aab1b3b2c17b9ac65" language="English" custom="readingOrder {index:6;}">
                    <Coords points="852,1522 880,1522 880,1548 852,1548"/>
                    <TextEquiv>
                        <Unicode>la</Unicode>
                    </TextEquiv>
                    <TextStyle fontFamily="Times New Roman" fontSize="10.5"/>
                </Word>
                <Word id="w_w2aab1b3b2c17b9ac71" language="English" custom="readingOrder {index:7;}">
                    <Coords points="894,1521 983,1521 983,1554 894,1554"/>
                    <TextEquiv>
                        <Unicode>force,</Unicode>
                    </TextEquiv>
                    <TextStyle fontFamily="Times New Roman" fontSize="10.5"/>
                </Word>
                <Word id="w_w2aab1b3b2c17b9ac85" language="English" custom="readingOrder {index:8;}">
                    <Coords points="1000,1521 1028,1521 1028,1547 1000,1547"/>
                    <TextEquiv>
                        <Unicode>la</Unicode>
                    </TextEquiv>
                    <TextStyle fontFamily="Times New Roman" fontSize="10.5"/>
                </Word>
                <Word id="w_w2aab1b3b2c17b9ac91" language="English" custom="readingOrder {index:9;}">
                    <Coords points="1041,1520 1144,1520 1144,1547 1041,1547"/>
                    <TextEquiv>
                        <Unicode>liberté</Unicode>
                    </TextEquiv>
                    <TextStyle fontFamily="Times New Roman" fontSize="10.5"/>
                </Word>
                <Word id="w_w2aab1b3b2c17b9ad107" language="English" custom="readingOrder {index:10;}">
                    <Coords points="1161,1521 1309,1521 1309,1555 1161,1555"/>
                    <TextEquiv>
                        <Unicode>garrottée</Unicode>
                    </TextEquiv>
                    <TextStyle fontFamily="Times New Roman" fontSize="10.5"/>
                </Word>
                <Word id="w_w2aab1b3b2c17b9ad127" language="English" custom="readingOrder {index:11;}">
                    <Coords points="1325,1527 1378,1527 1378,1554 1325,1554"/>
                    <TextEquiv>
                        <Unicode>par</Unicode>
                    </TextEquiv>
                    <TextStyle fontFamily="Times New Roman" fontSize="10.5"/>
                </Word>
                <Word id="w_w2aab1b3b2c17b9ad135" language="English" custom="readingOrder {index:12;}">
                    <Coords points="1392,1518 1500,1518 1500,1545 1392,1545"/>
                    <TextEquiv>
                        <Unicode>l'usur¬</Unicode>
                    </TextEquiv>
                    <TextStyle fontFamily="Times New Roman" fontSize="10.5"/>
                </Word>
                <TextEquiv>
                    <Unicode>le Passé, le droit terrassé par la force, la liberté garrottée par l'usur¬</Unicode>
                </TextEquiv>
                <TextStyle fontFamily="Times New Roman" fontSize="10.5"/>
            </TextLine>
            <TextLine id="tl_22" primaryLanguage="English" custom="readingOrder {index:5;}">
                <Coords points="358,1554 1502,1554 1502,1597 358,1597"/>
                <Baseline points="358,1597 469,1587 540,1586 692,1586 771,1591 908,1583 997,1588 1115,1582 1200,1581 1315,1582 1502,1581"/>
                <Word id="w_w2aab1b3b2c17c11ab1" language="English" custom="readingOrder {index:0;}">
                    <Coords points="358,1561 469,1561 469,1597 358,1597"/>
                    <TextEquiv>
                        <Unicode>pation.</Unicode>
                    </TextEquiv>
                    <TextStyle fontFamily="Times New Roman" fontSize="10.5"/>
                </Word>
                <Word id="w_w2aab1b3b2c17c11ac17" language="English" custom="readingOrder {index:1;}">
                    <Coords points="487,1560 540,1560 540,1587 487,1587"/>
                    <TextEquiv>
                        <Unicode>Les</Unicode>
                    </TextEquiv>
                    <TextStyle fontFamily="Times New Roman" fontSize="10.5"/>
                </Word>
                <Word id="w_w2aab1b3b2c17c11ac25" language="English" custom="readingOrder {index:2;}">
                    <Coords points="555,1559 692,1559 692,1586 555,1586"/>
                    <TextEquiv>
                        <Unicode>hommes</Unicode>
                    </TextEquiv>
                    <TextStyle fontFamily="Times New Roman" fontSize="10.5"/>
                </Word>
                <Word id="w_w2aab1b3b2c17c11ac39" language="English" custom="readingOrder {index:3;}">
                    <Coords points="710,1559 771,1559 771,1593 710,1593"/>
                    <TextEquiv>
                        <Unicode>qui,</Unicode>
                    </TextEquiv>
                    <TextStyle fontFamily="Times New Roman" fontSize="10.5"/>
                </Word>
                <Word id="w_w2aab1b3b2c17c11ac49" language="English" custom="readingOrder {index:4;}">
                    <Coords points="792,1565 908,1565 908,1585 792,1585"/>
                    <TextEquiv>
                        <Unicode>comme</Unicode>
                    </TextEquiv>
                    <TextStyle fontFamily="Times New Roman" fontSize="10.5"/>
                </Word>
                <Word id="w_w2aab1b3b2c17c11ac61" language="English" custom="readingOrder {index:5;}">
                    <Coords points="926,1557 997,1557 997,1588 926,1588"/>
                    <TextEquiv>
                        <Unicode>moi,</Unicode>
                    </TextEquiv>
                    <TextStyle fontFamily="Times New Roman" fontSize="10.5"/>
                </Word>
                <Word id="w_w2aab1b3b2c17c11ac71" language="English" custom="readingOrder {index:6;}">
                    <Coords points="1020,1557 1115,1557 1115,1583 1020,1583"/>
                    <TextEquiv>
                        <Unicode>voient</Unicode>
                    </TextEquiv>
                    <TextStyle fontFamily="Times New Roman" fontSize="10.5"/>
                </Word>
                <Word id="w_w2aab1b3b2c17c11ac85" language="English" custom="readingOrder {index:7;}">
                    <Coords points="1136,1556 1200,1556 1200,1582 1136,1582"/>
                    <TextEquiv>
                        <Unicode>leur</Unicode>
                    </TextEquiv>
                    <TextStyle fontFamily="Times New Roman" fontSize="10.5"/>
                </Word>
                <Word id="w_w2aab1b3b2c17c11ac95" language="English" custom="readingOrder {index:8;}">
                    <Coords points="1220,1556 1315,1556 1315,1590 1220,1590"/>
                    <TextEquiv>
                        <Unicode>patrie</Unicode>
                    </TextEquiv>
                    <TextStyle fontFamily="Times New Roman" fontSize="10.5"/>
                </Word>
                <Word id="w_w2aab1b3b2c17c11ad109" language="English" custom="readingOrder {index:9;}">
                    <Coords points="1339,1554 1502,1554 1502,1582 1339,1582"/>
                    <TextEquiv>
                        <Unicode>enchaînée</Unicode>
                    </TextEquiv>
                    <TextStyle fontFamily="Times New Roman" fontSize="10.5"/>
                </Word>
                <TextEquiv>
                    <Unicode>pation. Les hommes qui, comme moi, voient leur patrie enchaînée</Unicode>
                </TextEquiv>
                <TextStyle fontFamily="Times New Roman" fontSize="10.5"/>
            </TextLine>
            <TextLine id="tl_23" primaryLanguage="English" custom="readingOrder {index:6;}">
                <Coords points="359,1589 1502,1589 1502,1630 359,1630"/>
                <Baseline points="359,1623 430,1623 500,1623 676,1629 717,1620 781,1620 875,1618 1010,1619 1153,1624 1203,1616 1335,1624 1384,1616 1502,1617"/>
                <Word id="w_w2aab1b3b2c17c13ab1" language="English" custom="readingOrder {index:0;}">
                    <Coords points="359,1597 430,1597 430,1625 359,1625"/>
                    <TextEquiv>
                        <Unicode>dans</Unicode>
                    </TextEquiv>
                    <TextStyle fontFamily="Times New Roman" fontSize="10.5"/>
                </Word>
                <Word id="w_w2aab1b3b2c17c13ac11" language="English" custom="readingOrder {index:1;}">
                    <Coords points="460,1603 500,1603 500,1623 460,1623"/>
                    <TextEquiv>
                        <Unicode>un</Unicode>
                    </TextEquiv>
                    <TextStyle fontFamily="Times New Roman" fontSize="10.5"/>
                </Word>
                <Word id="w_w2aab1b3b2c17c13ac17" language="English" custom="readingOrder {index:2;}">
                    <Coords points="527,1595 676,1595 676,1629 527,1629"/>
                    <TextEquiv>
                        <Unicode>bourbier,</Unicode>
                    </TextEquiv>
                    <TextStyle fontFamily="Times New Roman" fontSize="10.5"/>
                </Word>
                <Word id="w_w2aab1b3b2c17c13ac37" language="English" custom="readingOrder {index:3;}">
                    <Coords points="701,1604 717,1604 717,1620 701,1620"/>
                    <TextEquiv>
                        <Unicode>n</Unicode>
                    </TextEquiv>
                    <TextStyle fontFamily="Times New Roman" fontSize="10.5"/>
                </Word>
                <Word id="w_w2aab1b3b2c17c13ac41" language="English" custom="readingOrder {index:4;}">
                    <Coords points="730,1597 781,1597 781,1621 730,1621"/>
                    <TextEquiv>
                        <Unicode>ont</Unicode>
                    </TextEquiv>
                    <TextStyle fontFamily="Times New Roman" fontSize="10.5"/>
                </Word>
                <Word id="w_w2aab1b3b2c17c13ac49" language="English" custom="readingOrder {index:5;}">
                    <Coords points="810,1593 875,1593 875,1627 810,1627"/>
                    <TextEquiv>
                        <Unicode>plus</Unicode>
                    </TextEquiv>
                    <TextStyle fontFamily="Times New Roman" fontSize="10.5"/>
                </Word>
                <Word id="w_w2aab1b3b2c17c13ac59" language="English" custom="readingOrder {index:6;}">
                    <Coords points="902,1592 1010,1592 1010,1626 902,1626"/>
                    <TextEquiv>
                        <Unicode>qu'une</Unicode>
                    </TextEquiv>
                    <TextStyle fontFamily="Times New Roman" fontSize="10.5"/>
                </Word>
                <Word id="w_w2aab1b3b2c17c13ac73" language="English" custom="readingOrder {index:7;}">
                    <Coords points="1032,1592 1153,1592 1153,1627 1032,1627"/>
                    <TextEquiv>
                        <Unicode>pensée,</Unicode>
                    </TextEquiv>
                    <TextStyle fontFamily="Times New Roman" fontSize="10.5"/>
                </Word>
                <Word id="w_w2aab1b3b2c17c13ac89" language="English" custom="readingOrder {index:8;}">
                    <Coords points="1176,1591 1203,1591 1203,1618 1176,1618"/>
                    <TextEquiv>
                        <Unicode>le</Unicode>
                    </TextEquiv>
                    <TextStyle fontFamily="Times New Roman" fontSize="10.5"/>
                </Word>
                <Word id="w_w2aab1b3b2c17c13ac95" language="English" custom="readingOrder {index:9;}">
                    <Coords points="1226,1591 1335,1591 1335,1624 1226,1624"/>
                    <TextEquiv>
                        <Unicode>devoir,</Unicode>
                    </TextEquiv>
                    <TextStyle fontFamily="Times New Roman" fontSize="10.5"/>
                </Word>
                <Word id="w_w2aab1b3b2c17c13ad111" language="English" custom="readingOrder {index:10;}">
                    <Coords points="1355,1593 1384,1593 1384,1617 1355,1617"/>
                    <TextEquiv>
                        <Unicode>et</Unicode>
                    </TextEquiv>
                    <TextStyle fontFamily="Times New Roman" fontSize="10.5"/>
                </Word>
                <Word id="w_w2aab1b3b2c17c13ad117" language="English" custom="readingOrder {index:11;}">
                    <Coords points="1413,1589 1502,1589 1502,1624 1413,1624"/>
                    <TextEquiv>
                        <Unicode>qu'un</Unicode>
                    </TextEquiv>
                    <TextStyle fontFamily="Times New Roman" fontSize="10.5"/>
                </Word>
                <Word id="word_1552843381604_321" custom="readingOrder {index:12;}">
                    <Coords points="719,1594 729,1594 729,1604 719,1604"/>
                    <TextEquiv>
                        <Unicode></Unicode>
                    </TextEquiv>
                </Word>
                <TextEquiv>
                    <Unicode>dans un bourbier, n'ont plus qu'une pensée, le devoir, et qu'un</Unicode>
                </TextEquiv>
                <TextStyle fontFamily="Times New Roman" fontSize="10.5"/>
            </TextLine>
            <TextLine id="tl_24" primaryLanguage="English" custom="readingOrder {index:7;}">
                <Coords points="358,1631 641,1631 641,1665 358,1665"/>
                <Baseline points="358,1659 501,1665 604,1657 641,1656"/>
                <Word id="w_w2aab1b3b2c17c15ab1" language="English" custom="readingOrder {index:0;}">
                    <Coords points="358,1632 501,1632 501,1665 358,1665"/>
                    <TextEquiv>
                        <Unicode>bonheur,</Unicode>
                    </TextEquiv>
                    <TextStyle fontFamily="Times New Roman" fontSize="10.5"/>
                </Word>
                <Word id="w_w2aab1b3b2c17c15ac19" language="English" custom="readingOrder {index:1;}">
                    <Coords points="518,1631 604,1631 604,1658 518,1658"/>
                    <TextEquiv>
                        <Unicode>l’exil.</Unicode>
                    </TextEquiv>
                    <TextStyle fontFamily="Times New Roman" fontSize="10.5"/>
                </Word>
                <Word id="w_w2aab1b3b2c17c15ac35" language="English" custom="readingOrder {index:2;}">
                    <Coords points="628,1641 641,1641 641,1656 628,1656"/>
                    <TextEquiv>
                        <Unicode>»</Unicode>
                    </TextEquiv>
                    <TextStyle fontFamily="Times New Roman" fontSize="10.5"/>
                </Word>
                <TextEquiv>
                    <Unicode>bonheur, l’exil. »</Unicode>
                </TextEquiv>
                <TextStyle fontFamily="Times New Roman" fontSize="10.5"/>
            </TextLine>
            <TextEquiv>
                <Unicode>Superbe lettre où il le remercie de sa critique bienveillante des
Châtiments. Il dit qu'après avoir servi le Progrès dans le triomphe, il le
défend dans la défaite. « Car tout ce que nous voyons aujourd'hui en
France et en Europe n’est pas autre chose que le Progrès vaincu par
le Passé, le droit terrassé par la force, la liberté garrottée par l'usur¬
pation. Les hommes qui, comme moi, voient leur patrie enchaînée
dans un bourbier, n'ont plus qu'une pensée, le devoir, et qu'un
bonheur, l’exil. »</Unicode>
            </TextEquiv>
        </TextRegion>
        <TextRegion type="paragraph" id="r_2_10" custom="readingOrder {index:10;}">
            <Coords points="280,1701 675,1701 675,1753 280,1753"/>
            <TextLine id="tl_25" primaryLanguage="English" custom="readingOrder {index:0;}">
                <Coords points="281,1702 674,1702 674,1752 281,1752"/>
                <Baseline points="281,1738 334,1739 489,1740 674,1737"/>
                <Word id="w_w2aab1b3b2c19b1ab1" language="English" custom="readingOrder {index:0;}">
                    <Coords points="281,1706 334,1706 334,1739 281,1739"/>
                    <TextEquiv>
                        <Unicode>61.</Unicode>
                    </TextEquiv>
                    <TextStyle fontFamily="Times New Roman" fontSize="13.0"/>
                </Word>
                <Word id="w_w2aab1b3b2c19b1ab9" language="English" custom="readingOrder {index:1;}">
                    <Coords points="366,1704 489,1704 489,1740 366,1740"/>
                    <TextEquiv>
                        <Unicode>HUGO</Unicode>
                    </TextEquiv>
                    <TextStyle fontFamily="Times New Roman" fontSize="13.0"/>
                </Word>
                <Word id="w_w2aab1b3b2c19b1ac19" language="English" custom="readingOrder {index:2;}">
                    <Coords points="512,1702 674,1702 674,1751 512,1751"/>
                    <TextEquiv>
                        <Unicode>(Victor).</Unicode>
                    </TextEquiv>
                    <TextStyle fontFamily="Times New Roman" fontSize="13.0"/>
                </Word>
                <TextEquiv>
                    <Unicode>61. HUGO (Victor).</Unicode>
                </TextEquiv>
                <TextStyle fontFamily="Times New Roman" fontSize="13.0"/>
            </TextLine>
            <TextEquiv>
                <Unicode>61. HUGO (Victor).</Unicode>
            </TextEquiv>
        </TextRegion>
        <TextRegion type="paragraph" id="r_2_11" custom="readingOrder {index:11;}">
            <Coords points="409,1773 1122,1773 1122,1817 409,1817"/>
            <TextLine id="tl_26" primaryLanguage="English" custom="readingOrder {index:0;}">
                <Coords points="410,1774 1121,1774 1121,1816 410,1816"/>
                <Baseline points="410,1809 498,1810 553,1807 638,1807 724,1807 814,1812 844,1805 897,1806 978,1804 1121,1803"/>
                <Word id="w_w2aab1b3b2c21b1ab1" language="English" custom="readingOrder {index:0;}">
                    <Coords points="410,1781 498,1781 498,1810 410,1810"/>
                    <TextEquiv>
                        <Unicode>Pièce</Unicode>
                    </TextEquiv>
                    <TextStyle fontFamily="Times New Roman" fontSize="11.0"/>
                </Word>
                <Word id="w_w2aab1b3b2c21b1ac13" language="English" custom="readingOrder {index:1;}">
                    <Coords points="516,1779 553,1779 553,1808 516,1808"/>
                    <TextEquiv>
                        <Unicode>de</Unicode>
                    </TextEquiv>
                    <TextStyle fontFamily="Times New Roman" fontSize="11.0"/>
                </Word>
                <Word id="w_w2aab1b3b2c21b1ac19" language="English" custom="readingOrder {index:2;}">
                    <Coords points="569,1787 638,1787 638,1808 569,1808"/>
                    <TextEquiv>
                        <Unicode>vers</Unicode>
                    </TextEquiv>
                    <TextStyle fontFamily="Times New Roman" fontSize="11.0"/>
                </Word>
                <Word id="w_w2aab1b3b2c21b1ac29" language="English" custom="readingOrder {index:3;}">
                    <Coords points="660,1781 724,1781 724,1807 660,1807"/>
                    <TextEquiv>
                        <Unicode>aut.</Unicode>
                    </TextEquiv>
                    <TextStyle fontFamily="Times New Roman" fontSize="11.0"/>
                </Word>
                <Word id="w_w2aab1b3b2c21b1ac39" language="English" custom="readingOrder {index:4;}">
                    <Coords points="743,1779 814,1779 814,1815 743,1815"/>
                    <TextEquiv>
                        <Unicode>sig.,</Unicode>
                    </TextEquiv>
                    <TextStyle fontFamily="Times New Roman" fontSize="11.0"/>
                </Word>
                <Word id="w_w2aab1b3b2c21b1ac51" language="English" custom="readingOrder {index:5;}">
                    <Coords points="835,1777 844,1777 844,1805 835,1805"/>
                    <TextEquiv>
                        <Unicode>J</Unicode>
                    </TextEquiv>
                    <TextStyle fontFamily="Times New Roman" fontSize="11.0"/>
                </Word>
                <Word id="w_w2aab1b3b2c21b1ac55" language="English" custom="readingOrder {index:6;}">
                    <Coords points="868,1786 897,1786 897,1814 868,1814"/>
                    <TextEquiv>
                        <Unicode>p.</Unicode>
                    </TextEquiv>
                    <TextStyle fontFamily="Times New Roman" fontSize="11.0"/>
                </Word>
                <Word id="w_w2aab1b3b2c21b1ac61" language="English" custom="readingOrder {index:7;}">
                    <Coords points="914,1776 978,1776 978,1804 914,1804"/>
                    <TextEquiv>
                        <Unicode>in-8</Unicode>
                    </TextEquiv>
                    <TextStyle fontFamily="Times New Roman" fontSize="11.0"/>
                </Word>
                <Word id="w_w2aab1b3b2c21b1ac71" language="English" custom="readingOrder {index:8;}">
                    <Coords points="994,1775 1121,1775 1121,1811 994,1811"/>
                    <TextEquiv>
                        <Unicode>oblong.</Unicode>
                    </TextEquiv>
                    <TextStyle fontFamily="Times New Roman" fontSize="11.0"/>
                </Word>
                <TextEquiv>
                    <Unicode>Pièce de vers aut. sig., J p. in-8 oblong.</Unicode>
                </TextEquiv>
                <TextStyle fontFamily="Times New Roman" fontSize="11.0"/>
            </TextLine>
            <TextEquiv>
                <Unicode>Pièce de vers aut. sig., J p. in-8 oblong.</Unicode>
            </TextEquiv>
        </TextRegion>
        <TextRegion type="paragraph" id="r_2_12" custom="readingOrder {index:12;}">
            <Coords points="396,1843 815,1843 815,1882 396,1882"/>
            <TextLine id="tl_27" primaryLanguage="English" custom="readingOrder {index:0;}">
                <Coords points="397,1844 814,1844 814,1881 397,1881"/>
                <Baseline points="397,1872 471,1873 570,1872 662,1871 790,1871 814,1870"/>
                <Word id="w_w2aab1b3b2c23b1ab1" language="English" custom="readingOrder {index:0;}">
                    <Coords points="397,1847 471,1847 471,1873 397,1873"/>
                    <TextEquiv>
                        <Unicode>Belle</Unicode>
                    </TextEquiv>
                    <TextStyle fontFamily="Times New Roman" fontSize="10.5"/>
                </Word>
                <Word id="w_w2aab1b3b2c23b1ac13" language="English" custom="readingOrder {index:1;}">
                    <Coords points="487,1845 570,1845 570,1881 487,1881"/>
                    <TextEquiv>
                        <Unicode>pièce</Unicode>
                    </TextEquiv>
                    <TextStyle fontFamily="Times New Roman" fontSize="10.5"/>
                </Word>
                <Word id="w_w2aab1b3b2c23b1ac25" language="English" custom="readingOrder {index:2;}">
                    <Coords points="586,1845 662,1845 662,1872 586,1872"/>
                    <TextEquiv>
                        <Unicode>ainsi</Unicode>
                    </TextEquiv>
                    <TextStyle fontFamily="Times New Roman" fontSize="10.5"/>
                </Word>
                <Word id="w_w2aab1b3b2c23b1ac37" language="English" custom="readingOrder {index:3;}">
                    <Coords points="677,1852 790,1852 790,1880 677,1880"/>
                    <TextEquiv>
                        <Unicode>conçue</Unicode>
                    </TextEquiv>
                    <TextStyle fontFamily="Times New Roman" fontSize="10.5"/>
                </Word>
                <Word id="w_w2aab1b3b2c23b1ac51" language="English" custom="readingOrder {index:4;}">
                    <Coords points="806,1851 814,1851 814,1870 806,1870"/>
                    <TextEquiv>
                        <Unicode>:</Unicode>
                    </TextEquiv>
                    <TextStyle fontFamily="Times New Roman" fontSize="10.5"/>
                </Word>
                <TextEquiv>
                    <Unicode>Belle pièce ainsi conçue :</Unicode>
                </TextEquiv>
                <TextStyle fontFamily="Times New Roman" fontSize="10.5"/>
            </TextLine>
            <TextEquiv>
                <Unicode>Belle pièce ainsi conçue :</Unicode>
            </TextEquiv>
        </TextRegion>
        <TextRegion type="paragraph" id="r_2_13" custom="readingOrder {index:13;}">
            <Coords points="448,1883 1294,1883 1294,1925 448,1925"/>
            <TextLine id="tl_28" primaryLanguage="English" custom="readingOrder {index:0;}">
                <Coords points="449,1884 1293,1884 1293,1924 449,1924"/>
                <Baseline points="449,1917 580,1915 644,1915 731,1915 850,1921 897,1912 971,1917 1062,1910 1106,1912 1186,1911 1293,1918"/>
                <Word id="w_w2aab1b3b2c25b1ab1" language="English" custom="readingOrder {index:0;}">
                    <Coords points="449,1892 580,1892 580,1918 449,1918"/>
                    <TextEquiv>
                        <Unicode>Heureux</Unicode>
                    </TextEquiv>
                    <TextStyle fontFamily="Times New Roman" fontSize="10.5"/>
                </Word>
                <Word id="w_w2aab1b3b2c25b1ac17" language="English" custom="readingOrder {index:1;}">
                    <Coords points="597,1890 644,1890 644,1923 597,1923"/>
                    <TextEquiv>
                        <Unicode>qui</Unicode>
                    </TextEquiv>
                    <TextStyle fontFamily="Times New Roman" fontSize="10.5"/>
                </Word>
                <Word id="w_w2aab1b3b2c25b1ac25" language="English" custom="readingOrder {index:2;}">
                    <Coords points="663,1892 731,1892 731,1923 663,1923"/>
                    <TextEquiv>
                        <Unicode>peut</Unicode>
                    </TextEquiv>
                    <TextStyle fontFamily="Times New Roman" fontSize="10.5"/>
                </Word>
                <Word id="w_w2aab1b3b2c25b1ac35" language="English" custom="readingOrder {index:3;}">
                    <Coords points="746,1888 850,1888 850,1921 746,1921"/>
                    <TextEquiv>
                        <Unicode>aimer,</Unicode>
                    </TextEquiv>
                    <TextStyle fontFamily="Times New Roman" fontSize="10.5"/>
                </Word>
                <Word id="w_w2aab1b3b2c25b1ac49" language="English" custom="readingOrder {index:4;}">
                    <Coords points="868,1890 897,1890 897,1914 868,1914"/>
                    <TextEquiv>
                        <Unicode>et</Unicode>
                    </TextEquiv>
                    <TextStyle fontFamily="Times New Roman" fontSize="10.5"/>
                </Word>
                <Word id="w_w2aab1b3b2c25b1ac55" language="English" custom="readingOrder {index:5;}">
                    <Coords points="911,1887 971,1887 971,1921 911,1921"/>
                    <TextEquiv>
                        <Unicode>qui,</Unicode>
                    </TextEquiv>
                    <TextStyle fontFamily="Times New Roman" fontSize="10.5"/>
                </Word>
                <Word id="w_w2aab1b3b2c25b1ac65" language="English" custom="readingOrder {index:6;}">
                    <Coords points="989,1886 1062,1886 1062,1913 989,1913"/>
                    <TextEquiv>
                        <Unicode>dans</Unicode>
                    </TextEquiv>
                    <TextStyle fontFamily="Times New Roman" fontSize="10.5"/>
                </Word>
                <Word id="w_w2aab1b3b2c25b1ac75" language="English" custom="readingOrder {index:7;}">
                    <Coords points="1078,1886 1106,1886 1106,1912 1078,1912"/>
                    <TextEquiv>
                        <Unicode>la</Unicode>
                    </TextEquiv>
                    <TextStyle fontFamily="Times New Roman" fontSize="10.5"/>
                </Word>
                <Word id="w_w2aab1b3b2c25b1ac81" language="English" custom="readingOrder {index:8;}">
                    <Coords points="1121,1885 1186,1885 1186,1911 1121,1911"/>
                    <TextEquiv>
                        <Unicode>nuit</Unicode>
                    </TextEquiv>
                    <TextStyle fontFamily="Times New Roman" fontSize="10.5"/>
                </Word>
                <Word id="w_w2aab1b3b2c25b1ac91" language="English" custom="readingOrder {index:9;}">
                    <Coords points="1201,1884 1293,1884 1293,1918 1201,1918"/>
                    <TextEquiv>
                        <Unicode>noire,</Unicode>
                    </TextEquiv>
                    <TextStyle fontFamily="Times New Roman" fontSize="10.5"/>
                </Word>
                <TextEquiv>
                    <Unicode>Heureux qui peut aimer, et qui, dans la nuit noire,</Unicode>
                </TextEquiv>
                <TextStyle fontFamily="Times New Roman" fontSize="10.5"/>
            </TextLine>
            <TextEquiv>
                <Unicode>Heureux qui peut aimer, et qui, dans la nuit noire,</Unicode>
            </TextEquiv>
        </TextRegion>
        <TextRegion type="paragraph" id="r_2_14" custom="readingOrder {index:14;}">
            <Coords points="444,1919 1281,1919 1281,1960 444,1960"/>
            <TextLine id="tl_29" primaryLanguage="English" custom="readingOrder {index:0;}">
                <Coords points="445,1920 1280,1920 1280,1959 445,1959"/>
                <Baseline points="445,1953 518,1951 569,1951 742,1950 788,1951 853,1956 941,1947 1125,1946 1280,1946"/>
                <Word id="w_w2aab1b3b2c27b1ab1" language="English" custom="readingOrder {index:0;}">
                    <Coords points="445,1928 518,1928 518,1953 445,1953"/>
                    <TextEquiv>
                        <Unicode>Tout</Unicode>
                    </TextEquiv>
                    <TextStyle fontFamily="Times New Roman" fontSize="10.5"/>
                </Word>
                <Word id="w_w2aab1b3b2c27b1ac11" language="English" custom="readingOrder {index:1;}">
                    <Coords points="534,1934 569,1934 569,1952 534,1952"/>
                    <TextEquiv>
                        <Unicode>en</Unicode>
                    </TextEquiv>
                    <TextStyle fontFamily="Times New Roman" fontSize="10.5"/>
                </Word>
                <Word id="w_w2aab1b3b2c27b1ac17" language="English" custom="readingOrder {index:2;}">
                    <Coords points="586,1924 742,1924 742,1952 586,1952"/>
                    <TextEquiv>
                        <Unicode>cherchant</Unicode>
                    </TextEquiv>
                    <TextStyle fontFamily="Times New Roman" fontSize="10.5"/>
                </Word>
                <Word id="w_w2aab1b3b2c27b1ac37" language="English" custom="readingOrder {index:3;}">
                    <Coords points="758,1924 788,1924 788,1951 758,1951"/>
                    <TextEquiv>
                        <Unicode>la</Unicode>
                    </TextEquiv>
                    <TextStyle fontFamily="Times New Roman" fontSize="10.5"/>
                </Word>
                <Word id="w_w2aab1b3b2c27b1ac43" language="English" custom="readingOrder {index:4;}">
                    <Coords points="802,1923 853,1923 853,1956 802,1956"/>
                    <TextEquiv>
                        <Unicode>foi,</Unicode>
                    </TextEquiv>
                    <TextStyle fontFamily="Times New Roman" fontSize="10.5"/>
                </Word>
                <Word id="w_w2aab1b3b2c27b1ac53" language="English" custom="readingOrder {index:5;}">
                    <Coords points="871,1925 941,1925 941,1957 871,1957"/>
                    <TextEquiv>
                        <Unicode>peut</Unicode>
                    </TextEquiv>
                    <TextStyle fontFamily="Times New Roman" fontSize="10.5"/>
                </Word>
                <Word id="w_w2aab1b3b2c27b1ac63" language="English" custom="readingOrder {index:6;}">
                    <Coords points="953,1923 1125,1923 1125,1948 953,1948"/>
                    <TextEquiv>
                        <Unicode>rencontrer</Unicode>
                    </TextEquiv>
                    <TextStyle fontFamily="Times New Roman" fontSize="10.5"/>
                </Word>
                <Word id="w_w2aab1b3b2c27b1ac85" language="English" custom="readingOrder {index:7;}">
                    <Coords points="1140,1920 1280,1920 1280,1947 1140,1947"/>
                    <TextEquiv>
                        <Unicode>l’amour!</Unicode>
                    </TextEquiv>
                    <TextStyle fontFamily="Times New Roman" fontSize="10.5"/>
                </Word>
                <TextEquiv>
                    <Unicode>Tout en cherchant la foi, peut rencontrer l’amour!</Unicode>
                </TextEquiv>
                <TextStyle fontFamily="Times New Roman" fontSize="10.5"/>
            </TextLine>
            <TextEquiv>
                <Unicode>Tout en cherchant la foi, peut rencontrer l’amour!</Unicode>
            </TextEquiv>
        </TextRegion>
        <TextRegion type="paragraph" id="r_2_15" custom="readingOrder {index:15;}">
            <Coords points="445,1955 1173,1955 1173,1996 445,1996"/>
            <TextLine id="tl_30" primaryLanguage="English" custom="readingOrder {index:0;}">
                <Coords points="446,1956 1172,1956 1172,1995 446,1995"/>
                <Baseline points="446,1988 467,1988 498,1989 552,1987 662,1986 708,1986 820,1985 871,1984 1041,1983 1080,1982 1172,1983"/>
                <Word id="w_w2aab1b3b2c29b1ab1" language="English" custom="readingOrder {index:0;}">
                    <Coords points="446,1963 467,1963 467,1988 446,1988"/>
                    <TextEquiv>
                        <Unicode>Il</Unicode>
                    </TextEquiv>
                    <TextStyle fontFamily="Times New Roman" fontSize="10.5"/>
                </Word>
                <Word id="w_w2aab1b3b2c29b1ab7" language="English" custom="readingOrder {index:1;}">
                    <Coords points="481,1971 498,1971 498,1989 481,1989"/>
                    <TextEquiv>
                        <Unicode>a</Unicode>
                    </TextEquiv>
                    <TextStyle fontFamily="Times New Roman" fontSize="10.5"/>
                </Word>
                <Word id="w_w2aab1b3b2c29b1ac11" language="English" custom="readingOrder {index:2;}">
                    <Coords points="513,1961 552,1961 552,1987 513,1987"/>
                    <TextEquiv>
                        <Unicode>du</Unicode>
                    </TextEquiv>
                    <TextStyle fontFamily="Times New Roman" fontSize="10.5"/>
                </Word>
                <Word id="w_w2aab1b3b2c29b1ac17" language="English" custom="readingOrder {index:3;}">
                    <Coords points="566,1961 662,1961 662,1988 566,1988"/>
                    <TextEquiv>
                        <Unicode>moins</Unicode>
                    </TextEquiv>
                    <TextStyle fontFamily="Times New Roman" fontSize="10.5"/>
                </Word>
                <Word id="w_w2aab1b3b2c29b1ac29" language="English" custom="readingOrder {index:4;}">
                    <Coords points="680,1960 708,1960 708,1987 680,1987"/>
                    <TextEquiv>
                        <Unicode>la</Unicode>
                    </TextEquiv>
                    <TextStyle fontFamily="Times New Roman" fontSize="10.5"/>
                </Word>
                <Word id="w_w2aab1b3b2c29b1ac35" language="English" custom="readingOrder {index:5;}">
                    <Coords points="723,1960 820,1960 820,1994 723,1994"/>
                    <TextEquiv>
                        <Unicode>lampe</Unicode>
                    </TextEquiv>
                    <TextStyle fontFamily="Times New Roman" fontSize="10.5"/>
                </Word>
                <Word id="w_w2aab1b3b2c29b1ac47" language="English" custom="readingOrder {index:6;}">
                    <Coords points="836,1966 871,1966 871,1985 836,1985"/>
                    <TextEquiv>
                        <Unicode>en</Unicode>
                    </TextEquiv>
                    <TextStyle fontFamily="Times New Roman" fontSize="10.5"/>
                </Word>
                <Word id="w_w2aab1b3b2c29b1ac53" language="English" custom="readingOrder {index:7;}">
                    <Coords points="886,1957 1041,1957 1041,1984 886,1984"/>
                    <TextEquiv>
                        <Unicode>attendant</Unicode>
                    </TextEquiv>
                    <TextStyle fontFamily="Times New Roman" fontSize="10.5"/>
                </Word>
                <Word id="w_w2aab1b3b2c29b1ac73" language="English" custom="readingOrder {index:8;}">
                    <Coords points="1055,1958 1080,1958 1080,1982 1055,1982"/>
                    <TextEquiv>
                        <Unicode>le</Unicode>
                    </TextEquiv>
                    <TextStyle fontFamily="Times New Roman" fontSize="10.5"/>
                </Word>
                <Word id="w_w2aab1b3b2c29b1ac79" language="English" custom="readingOrder {index:9;}">
                    <Coords points="1091,1956 1172,1956 1172,1990 1091,1990"/>
                    <TextEquiv>
                        <Unicode>jour.</Unicode>
                    </TextEquiv>
                    <TextStyle fontFamily="Times New Roman" fontSize="10.5"/>
                </Word>
                <TextEquiv>
                    <Unicode>Il a du moins la lampe en attendant le jour.</Unicode>
                </TextEquiv>
                <TextStyle fontFamily="Times New Roman" fontSize="10.5"/>
            </TextLine>
            <TextEquiv>
                <Unicode>Il a du moins la lampe en attendant le jour.</Unicode>
            </TextEquiv>
        </TextRegion>
        <TextRegion type="paragraph" id="r_2_16" custom="readingOrder {index:16;}">
            <Coords points="446,1989 1276,1989 1276,2030 446,2030"/>
            <TextLine id="tl_31" primaryLanguage="English" custom="readingOrder {index:0;}">
                <Coords points="447,1990 1275,1990 1275,2029 447,2029"/>
                <Baseline points="447,2024 581,2023 624,2023 734,2023 864,2027 947,2019 990,2019 1105,2018 1156,2017 1275,2018"/>
                <Word id="w_w2aab1b3b2c31b1ab1" language="English" custom="readingOrder {index:0;}">
                    <Coords points="447,1999 581,1999 581,2024 447,2024"/>
                    <TextEquiv>
                        <Unicode>Heureux</Unicode>
                    </TextEquiv>
                    <TextStyle fontFamily="Times New Roman" fontSize="10.5"/>
                </Word>
                <Word id="w_w2aab1b3b2c31b1ac17" language="English" custom="readingOrder {index:1;}">
                    <Coords points="593,2005 624,2005 624,2023 593,2023"/>
                    <TextEquiv>
                        <Unicode>ce</Unicode>
                    </TextEquiv>
                    <TextStyle fontFamily="Times New Roman" fontSize="10.5"/>
                </Word>
                <Word id="w_w2aab1b3b2c31b1ac23" language="English" custom="readingOrder {index:2;}">
                    <Coords points="641,1995 734,1995 734,2023 641,2023"/>
                    <TextEquiv>
                        <Unicode>cœur!</Unicode>
                    </TextEquiv>
                    <TextStyle fontFamily="Times New Roman" fontSize="10.5"/>
                </Word>
                <Word id="w_w2aab1b3b2c31b1ac35" language="English" custom="readingOrder {index:3;}">
                    <Coords points="753,1996 864,1996 864,2027 753,2027"/>
                    <TextEquiv>
                        <Unicode>Aimer,</Unicode>
                    </TextEquiv>
                    <TextStyle fontFamily="Times New Roman" fontSize="10.5"/>
                </Word>
                <Word id="w_w2aab1b3b2c31b1ac49" language="English" custom="readingOrder {index:4;}">
                    <Coords points="877,1993 947,1993 947,2020 877,2020"/>
                    <TextEquiv>
                        <Unicode>c’est</Unicode>
                    </TextEquiv>
                    <TextStyle fontFamily="Times New Roman" fontSize="10.5"/>
                </Word>
                <Word id="w_w2aab1b3b2c31b1ac61" language="English" custom="readingOrder {index:5;}">
                    <Coords points="962,1993 990,1993 990,2019 962,2019"/>
                    <TextEquiv>
                        <Unicode>la</Unicode>
                    </TextEquiv>
                    <TextStyle fontFamily="Times New Roman" fontSize="10.5"/>
                </Word>
                <Word id="w_w2aab1b3b2c31b1ac67" language="English" custom="readingOrder {index:6;}">
                    <Coords points="1005,1992 1105,1992 1105,2018 1005,2018"/>
                    <TextEquiv>
                        <Unicode>moitié</Unicode>
                    </TextEquiv>
                    <TextStyle fontFamily="Times New Roman" fontSize="10.5"/>
                </Word>
                <Word id="w_w2aab1b3b2c31b1ac81" language="English" custom="readingOrder {index:7;}">
                    <Coords points="1121,1991 1156,1991 1156,2017 1121,2017"/>
                    <TextEquiv>
                        <Unicode>de</Unicode>
                    </TextEquiv>
                    <TextStyle fontFamily="Times New Roman" fontSize="10.5"/>
                </Word>
                <Word id="w_w2aab1b3b2c31b1ac87" language="English" custom="readingOrder {index:8;}">
                    <Coords points="1172,1990 1275,1990 1275,2018 1172,2018"/>
                    <TextEquiv>
                        <Unicode>croire.</Unicode>
                    </TextEquiv>
                    <TextStyle fontFamily="Times New Roman" fontSize="10.5"/>
                </Word>
                <TextEquiv>
                    <Unicode>Heureux ce cœur! Aimer, c’est la moitié de croire.</Unicode>
                </TextEquiv>
                <TextStyle fontFamily="Times New Roman" fontSize="10.5"/>
            </TextLine>
            <TextEquiv>
                <Unicode>Heureux ce cœur! Aimer, c’est la moitié de croire.</Unicode>
            </TextEquiv>
        </TextRegion>
        <TextRegion type="paragraph" id="r_2_17" custom="readingOrder {index:17;}">
            <Coords points="281,2061 1500,2061 1500,2166 281,2166"/>
            <TextLine id="tl_32" primaryLanguage="English" custom="readingOrder {index:0;}">
                <Coords points="282,2062 1499,2062 1499,2113 282,2113"/>
                <Baseline points="282,2103 336,2104 480,2105 732,2111 812,2100 873,2100 1067,2105 1228,2098 1420,2105 1499,2096"/>
                <Word id="w_w2aab1b3b2c33b1ab1" language="English" custom="readingOrder {index:0;}">
                    <Coords points="282,2071 336,2071 336,2104 282,2104"/>
                    <TextEquiv>
                        <Unicode>62.</Unicode>
                    </TextEquiv>
                    <TextStyle fontFamily="Times New Roman" fontSize="13.0"/>
                </Word>
                <Word id="w_w2aab1b3b2c33b1ab9" language="English" custom="readingOrder {index:1;}">
                    <Coords points="366,2070 480,2070 480,2105 366,2105"/>
                    <TextEquiv>
                        <Unicode>JEAN</Unicode>
                    </TextEquiv>
                    <TextStyle fontFamily="Times New Roman" fontSize="13.0"/>
                </Word>
                <Word id="w_w2aab1b3b2c33b1ac19" language="English" custom="readingOrder {index:2;}">
                    <Coords points="507,2068 732,2068 732,2111 507,2111"/>
                    <TextEquiv>
                        <Unicode>SOBÏESKI,</Unicode>
                    </TextEquiv>
                    <TextStyle fontFamily="Times New Roman" fontSize="13.0"/>
                </Word>
                <Word id="w_w2aab1b3b2c33b1ac39" language="English" custom="readingOrder {index:3;}">
                    <Coords points="756,2066 812,2066 812,2102 756,2102"/>
                    <TextEquiv>
                        <Unicode>roi</Unicode>
                    </TextEquiv>
                    <TextStyle fontFamily="Times New Roman" fontSize="13.0"/>
                </Word>
                <Word id="w_w2aab1b3b2c33b1ac47" language="English" custom="readingOrder {index:4;}">
                    <Coords points="830,2067 873,2067 873,2101 830,2101"/>
                    <TextEquiv>
                        <Unicode>de</Unicode>
                    </TextEquiv>
                    <TextStyle fontFamily="Times New Roman" fontSize="13.0"/>
                </Word>
                <Word id="w_w2aab1b3b2c33b1ac53" language="English" custom="readingOrder {index:5;}">
                    <Coords points="894,2065 1067,2065 1067,2111 894,2111"/>
                    <TextEquiv>
                        <Unicode>Pologne,</Unicode>
                    </TextEquiv>
                    <TextStyle fontFamily="Times New Roman" fontSize="13.0"/>
                </Word>
                <Word id="w_w2aab1b3b2c33b1ac71" language="English" custom="readingOrder {index:6;}">
                    <Coords points="1088,2063 1228,2063 1228,2099 1088,2099"/>
                    <TextEquiv>
                        <Unicode>illustre</Unicode>
                    </TextEquiv>
                    <TextStyle fontFamily="Times New Roman" fontSize="13.0"/>
                </Word>
                <Word id="w_w2aab1b3b2c33b1ac89" language="English" custom="readingOrder {index:7;}">
                    <Coords points="1245,2063 1420,2063 1420,2109 1245,2109"/>
                    <TextEquiv>
                        <Unicode>guerrier,</Unicode>
                    </TextEquiv>
                    <TextStyle fontFamily="Times New Roman" fontSize="13.0"/>
                </Word>
                <Word id="w_w2aab1b3b2c33b1ad109" language="English" custom="readingOrder {index:8;}">
                    <Coords points="1441,2063 1499,2063 1499,2108 1441,2108"/>
                    <TextEquiv>
                        <Unicode>qui</Unicode>
                    </TextEquiv>
                    <TextStyle fontFamily="Times New Roman" fontSize="13.0"/>
                </Word>
                <TextEquiv>
                    <Unicode>62. JEAN SOBIESKI, roi de Pologne, illustre guerrier, qui</Unicode>
                </TextEquiv>
                <TextStyle fontFamily="Times New Roman" fontSize="13.0"/>
            </TextLine>
            <TextLine id="tl_33" primaryLanguage="English" custom="readingOrder {index:1;}">
                <Coords points="374,2111 1498,2111 1498,2165 374,2165"/>
                <Baseline points="374,2154 511,2154 664,2152 841,2150 921,2148 991,2149 1133,2155 1188,2147 1310,2155 1373,2146 1498,2144"/>
                <Word id="w_w2aab1b3b2c33b3ab1" language="English" custom="readingOrder {index:0;}">
                    <Coords points="374,2119 511,2119 511,2154 374,2154"/>
                    <TextEquiv>
                        <Unicode>délivra</Unicode>
                    </TextEquiv>
                    <TextStyle fontFamily="Times New Roman" fontSize="13.0"/>
                </Word>
                <Word id="w_w2aab1b3b2c33b3ac17" language="English" custom="readingOrder {index:1;}">
                    <Coords points="526,2118 664,2118 664,2153 526,2153"/>
                    <TextEquiv>
                        <Unicode>Vienne</Unicode>
                    </TextEquiv>
                    <TextStyle fontFamily="Times New Roman" fontSize="13.0"/>
                </Word>
                <Word id="w_w2aab1b3b2c33b3ac31" language="English" custom="readingOrder {index:2;}">
                    <Coords points="681,2117 841,2117 841,2164 681,2164"/>
                    <TextEquiv>
                        <Unicode>assiégée</Unicode>
                    </TextEquiv>
                    <TextStyle fontFamily="Times New Roman" fontSize="13.0"/>
                </Word>
                <Word id="w_w2aab1b3b2c33b3ac49" language="English" custom="readingOrder {index:3;}">
                    <Coords points="857,2126 921,2126 921,2161 857,2161"/>
                    <TextEquiv>
                        <Unicode>par</Unicode>
                    </TextEquiv>
                    <TextStyle fontFamily="Times New Roman" fontSize="13.0"/>
                </Word>
                <Word id="w_w2aab1b3b2c33b3ac57" language="English" custom="readingOrder {index:4;}">
                    <Coords points="937,2115 991,2115 991,2149 937,2149"/>
                    <TextEquiv>
                        <Unicode>les</Unicode>
                    </TextEquiv>
                    <TextStyle fontFamily="Times New Roman" fontSize="13.0"/>
                </Word>
                <Word id="w_w2aab1b3b2c33b3ac65" language="English" custom="readingOrder {index:5;}">
                    <Coords points="1008,2113 1133,2113 1133,2155 1008,2155"/>
                    <TextEquiv>
                        <Unicode>Turcs,</Unicode>
                    </TextEquiv>
                    <TextStyle fontFamily="Times New Roman" fontSize="13.0"/>
                </Word>
                <Word id="w_w2aab1b3b2c33b3ac79" language="English" custom="readingOrder {index:6;}">
                    <Coords points="1153,2124 1188,2124 1188,2147 1153,2147"/>
                    <TextEquiv>
                        <Unicode>n.</Unicode>
                    </TextEquiv>
                    <TextStyle fontFamily="Times New Roman" fontSize="13.0"/>
                </Word>
                <Word id="w_w2aab1b3b2c33b3ac85" language="English" custom="readingOrder {index:7;}">
                    <Coords points="1206,2114 1310,2114 1310,2155 1206,2155"/>
                    <TextEquiv>
                        <Unicode>1624,</Unicode>
                    </TextEquiv>
                    <TextStyle fontFamily="Times New Roman" fontSize="13.0"/>
                </Word>
                <Word id="w_w2aab1b3b2c33b3ac97" language="English" custom="readingOrder {index:8;}">
                    <Coords points="1325,2124 1373,2124 1373,2147 1325,2147"/>
                    <TextEquiv>
                        <Unicode>m.</Unicode>
                    </TextEquiv>
                    <TextStyle fontFamily="Times New Roman" fontSize="13.0"/>
                </Word>
                <Word id="w_w2aab1b3b2c33b3ad103" language="English" custom="readingOrder {index:9;}">
                    <Coords points="1396,2113 1498,2113 1498,2146 1396,2146"/>
                    <TextEquiv>
                        <Unicode>1696.</Unicode>
                    </TextEquiv>
                    <TextStyle fontFamily="Times New Roman" fontSize="13.0"/>
                </Word>
                <TextEquiv>
                    <Unicode>délivra Vienne assiégée par les Turcs, n. 1624, m. 1696.</Unicode>
                </TextEquiv>
                <TextStyle fontFamily="Times New Roman" fontSize="13.0"/>
            </TextLine>
            <TextEquiv>
                <Unicode>62. JEAN SOBIESKI, roi de Pologne, illustre guerrier, qui
délivra Vienne assiégée par les Turcs, n. 1624, m. 1696.</Unicode>
            </TextEquiv>
        </TextRegion>
        <TextRegion type="paragraph" id="r_2_18" custom="readingOrder {index:18;}">
            <Coords points="373,2180 1503,2180 1503,2300 373,2300"/>
            <TextLine id="tl_34" primaryLanguage="English" custom="readingOrder {index:0;}">
                <Coords points="412,2181 1502,2181 1502,2225 412,2225"/>
                <Baseline points="412,2219 444,2219 498,2225 549,2217 656,2223 746,2217 786,2216 1011,2212 1128,2212 1333,2211 1502,2215"/>
                <Word id="w_w2aab1b3b2c35b1ab1" language="English" custom="readingOrder {index:0;}">
                    <Coords points="412,2191 444,2191 444,2219 412,2219"/>
                    <TextEquiv>
                        <Unicode>L.</Unicode>
                    </TextEquiv>
                    <TextStyle fontFamily="Times New Roman" fontSize="11.0"/>
                </Word>
                <Word id="w_w2aab1b3b2c35b1ab7" language="English" custom="readingOrder {index:1;}">
                    <Coords points="460,2199 498,2199 498,2225 460,2225"/>
                    <TextEquiv>
                        <Unicode>s.,</Unicode>
                    </TextEquiv>
                    <TextStyle fontFamily="Times New Roman" fontSize="11.0"/>
                </Word>
                <Word id="w_w2aab1b3b2c35b1ac15" language="English" custom="readingOrder {index:2;}">
                    <Coords points="513,2198 549,2198 549,2218 513,2218"/>
                    <TextEquiv>
                        <Unicode>en</Unicode>
                    </TextEquiv>
                    <TextStyle fontFamily="Times New Roman" fontSize="11.0"/>
                </Word>
                <Word id="w_w2aab1b3b2c35b1ac21" language="English" custom="readingOrder {index:3;}">
                    <Coords points="567,2189 656,2189 656,2223 567,2223"/>
                    <TextEquiv>
                        <Unicode>latin,</Unicode>
                    </TextEquiv>
                    <TextStyle fontFamily="Times New Roman" fontSize="11.0"/>
                </Word>
                <Word id="w_w2aab1b3b2c35b1ac35" language="English" custom="readingOrder {index:4;}">
                    <Coords points="670,2197 746,2197 746,2217 670,2217"/>
                    <TextEquiv>
                        <Unicode>avec</Unicode>
                    </TextEquiv>
                    <TextStyle fontFamily="Times New Roman" fontSize="11.0"/>
                </Word>
                <Word id="w_w2aab1b3b2c35b1ac45" language="English" custom="readingOrder {index:5;}">
                    <Coords points="757,2189 786,2189 786,2216 757,2216"/>
                    <TextEquiv>
                        <Unicode>la</Unicode>
                    </TextEquiv>
                    <TextStyle fontFamily="Times New Roman" fontSize="11.0"/>
                </Word>
                <Word id="w_w2aab1b3b2c35b1ac51" language="English" custom="readingOrder {index:6;}">
                    <Coords points="803,2185 1011,2185 1011,2223 803,2223"/>
                    <TextEquiv>
                        <Unicode>souscription</Unicode>
                    </TextEquiv>
                    <TextStyle fontFamily="Times New Roman" fontSize="11.0"/>
                </Word>
                <Word id="w_w2aab1b3b2c35b1ac91" language="English" custom="readingOrder {index:7;}">
                    <Coords points="1144,2182 1333,2182 1333,2222 1144,2222"/>
                    <TextEquiv>
                        <Unicode>l'empereur</Unicode>
                    </TextEquiv>
                    <TextStyle fontFamily="Times New Roman" fontSize="11.0"/>
                </Word>
                <Word id="w_w2aab1b3b2c35b1ad113" language="English" custom="readingOrder {index:8;}">
                    <Coords points="1350,2182 1502,2182 1502,2219 1350,2219"/>
                    <TextEquiv>
                        <Unicode>Léopold;</Unicode>
                    </TextEquiv>
                    <TextStyle fontFamily="Times New Roman" fontSize="11.0"/>
                </Word>
                <Word id="word_1552843489195_338" custom="readingOrder {index:9;}">
                    <Coords points="1020,2183 1103,2183 1103,2220 1020,2220"/>
                    <TextEquiv>
                        <Unicode></Unicode>
                    </TextEquiv>
                </Word>
                <Word id="word_1552843490786_341" custom="readingOrder {index:10;}">
                    <Coords points="1110,2182 1131,2182 1131,2227 1110,2227"/>
                    <TextEquiv>
                        <Unicode></Unicode>
                    </TextEquiv>
                </Word>
                <TextEquiv>
                    <Unicode>L. s., en latin, avec la souscription aut., à l'empereur Léopold;</Unicode>
                </TextEquiv>
                <TextStyle fontFamily="Times New Roman" fontSize="11.0"/>
            </TextLine>
            <TextLine id="tl_35" primaryLanguage="English" custom="readingOrder {index:1;}">
                <Coords points="374,2222 1499,2222 1499,2269 374,2269"/>
                <Baseline points="374,2259 541,2263 599,2257 741,2257 855,2263 885,2254 941,2254 1095,2260 1224,2251 1317,2251 1499,2250"/>
                <Word id="w_w2aab1b3b2c35b3ab1" language="English" custom="readingOrder {index:0;}">
                    <Coords points="374,2229 541,2229 541,2269 374,2269"/>
                    <TextEquiv>
                        <Unicode>Strigonia,</Unicode>
                    </TextEquiv>
                    <TextStyle fontFamily="Times New Roman" fontSize="11.0"/>
                </Word>
                <Word id="w_w2aab1b3b2c35b3ac23" language="English" custom="readingOrder {index:1;}">
                    <Coords points="563,2229 599,2229 599,2258 563,2258"/>
                    <TextEquiv>
                        <Unicode>13</Unicode>
                    </TextEquiv>
                    <TextStyle fontFamily="Times New Roman" fontSize="11.0"/>
                </Word>
                <Word id="w_w2aab1b3b2c35b3ac29" language="English" custom="readingOrder {index:2;}">
                    <Coords points="616,2229 741,2229 741,2258 616,2258"/>
                    <TextEquiv>
                        <Unicode>octobre</Unicode>
                    </TextEquiv>
                    <TextStyle fontFamily="Times New Roman" fontSize="11.0"/>
                </Word>
                <Word id="w_w2aab1b3b2c35b3ac45" language="English" custom="readingOrder {index:3;}">
                    <Coords points="769,2227 855,2227 855,2263 769,2263"/>
                    <TextEquiv>
                        <Unicode>1683,</Unicode>
                    </TextEquiv>
                    <TextStyle fontFamily="Times New Roman" fontSize="11.0"/>
                </Word>
                <Word id="w_w2aab1b3b2c35b3ac57" language="English" custom="readingOrder {index:4;}">
                    <Coords points="871,2227 885,2227 885,2254 871,2254"/>
                    <TextEquiv>
                        <Unicode>1</Unicode>
                    </TextEquiv>
                    <TextStyle fontFamily="Times New Roman" fontSize="11.0"/>
                </Word>
                <Word id="w_w2aab1b3b2c35b3ac61" language="English" custom="readingOrder {index:5;}">
                    <Coords points="911,2234 941,2234 941,2263 911,2263"/>
                    <TextEquiv>
                        <Unicode>p.</Unicode>
                    </TextEquiv>
                    <TextStyle fontFamily="Times New Roman" fontSize="11.0"/>
                </Word>
                <Word id="w_w2aab1b3b2c35b3ac67" language="English" custom="readingOrder {index:6;}">
                    <Coords points="958,2224 1095,2224 1095,2260 958,2260"/>
                    <TextEquiv>
                        <Unicode>in-folio,</Unicode>
                    </TextEquiv>
                    <TextStyle fontFamily="Times New Roman" fontSize="11.0"/>
                </Word>
                <Word id="w_w2aab1b3b2c35b3ac87" language="English" custom="readingOrder {index:7;}">
                    <Coords points="1114,2223 1224,2223 1224,2253 1114,2253"/>
                    <TextEquiv>
                        <Unicode>cachet</Unicode>
                    </TextEquiv>
                    <TextStyle fontFamily="Times New Roman" fontSize="11.0"/>
                </Word>
                <Word id="w_w2aab1b3b2c35b3ad101" language="English" custom="readingOrder {index:8;}">
                    <Coords points="1246,2223 1317,2223 1317,2252 1246,2252"/>
                    <TextEquiv>
                        <Unicode>bien</Unicode>
                    </TextEquiv>
                    <TextStyle fontFamily="Times New Roman" fontSize="11.0"/>
                </Word>
                <Word id="w_w2aab1b3b2c35b3ad111" language="English" custom="readingOrder {index:9;}">
                    <Coords points="1337,2223 1499,2223 1499,2252 1337,2252"/>
                    <TextEquiv>
                        <Unicode>conservé.</Unicode>
                    </TextEquiv>
                    <TextStyle fontFamily="Times New Roman" fontSize="11.0"/>
                </Word>
                <TextEquiv>
                    <Unicode>Strigonia, 13 octobre 1683, 1 p. in-folio, cachet bien conservé.</Unicode>
                </TextEquiv>
                <TextStyle fontFamily="Times New Roman" fontSize="11.0"/>
            </TextLine>
            <TextLine id="tl_36" primaryLanguage="English" custom="readingOrder {index:2;} textStyle {offset:0; length:4;italic:true; fontSize:0.0; kerning:0;}">
                <Coords points="378,2270 468,2270 468,2299 378,2299"/>
                <Baseline points="378,2298 468,2299"/>
                <Word id="w_w2aab1b3b2c35b5ab1" language="English" custom="readingOrder {index:0;}">
                    <Coords points="378,2270 468,2270 468,2299 378,2299"/>
                    <TextEquiv>
                        <Unicode>Rare.</Unicode>
                    </TextEquiv>
                    <TextStyle fontFamily="Times New Roman" fontSize="11.0" italic="true"/>
                </Word>
                <TextEquiv>
                    <Unicode>Rare.</Unicode>
                </TextEquiv>
                <TextStyle fontFamily="Times New Roman" fontSize="11.0" italic="true"/>
            </TextLine>
            <TextEquiv>
                <Unicode>L. s., en latin, avec la souscription aut., à l'empereur Léopold;
Strigonia, 13 octobre 1683, 1 p. in-folio, cachet bien conservé.
Rare.</Unicode>
            </TextEquiv>
        </TextRegion>
        <TextRegion type="paragraph" id="r_2_19" custom="readingOrder {index:19;}">
            <Coords points="362,2317 1505,2317 1505,2398 362,2398"/>
            <TextLine id="tl_37" primaryLanguage="English" custom="readingOrder {index:0;}">
                <Coords points="397,2318 1504,2318 1504,2363 397,2363"/>
                <Baseline points="397,2353 526,2353 623,2353 729,2352 781,2351 873,2350 975,2348 1019,2348 1198,2347 1246,2346 1380,2353 1419,2344 1504,2344"/>
                <Word id="w_w2aab1b3b2c37b1ab1" language="English" custom="readingOrder {index:0;}">
                    <Coords points="397,2327 526,2327 526,2362 397,2362"/>
                    <TextEquiv>
                        <Unicode>Superbe</Unicode>
                    </TextEquiv>
                    <TextStyle fontFamily="Times New Roman" fontSize="10.5"/>
                </Word>
                <Word id="w_w2aab1b3b2c37b1ac17" language="English" custom="readingOrder {index:1;}">
                    <Coords points="543,2327 623,2327 623,2362 543,2362"/>
                    <TextEquiv>
                        <Unicode>pièce</Unicode>
                    </TextEquiv>
                    <TextStyle fontFamily="Times New Roman" fontSize="10.5"/>
                </Word>
                <Word id="w_w2aab1b3b2c37b1ac29" language="English" custom="readingOrder {index:2;}">
                    <Coords points="640,2326 729,2326 729,2352 640,2352"/>
                    <TextEquiv>
                        <Unicode>écrite</Unicode>
                    </TextEquiv>
                    <TextStyle fontFamily="Times New Roman" fontSize="10.5"/>
                </Word>
                <Word id="w_w2aab1b3b2c37b1ac43" language="English" custom="readingOrder {index:3;}">
                    <Coords points="740,2334 781,2334 781,2352 740,2352"/>
                    <TextEquiv>
                        <Unicode>un</Unicode>
                    </TextEquiv>
                    <TextStyle fontFamily="Times New Roman" fontSize="10.5"/>
                </Word>
                <Word id="w_w2aab1b3b2c37b1ac49" language="English" custom="readingOrder {index:4;}">
                    <Coords points="798,2323 873,2323 873,2351 798,2351"/>
                    <TextEquiv>
                        <Unicode>mois</Unicode>
                    </TextEquiv>
                    <TextStyle fontFamily="Times New Roman" fontSize="10.5"/>
                </Word>
                <Word id="w_w2aab1b3b2c37b1ac59" language="English" custom="readingOrder {index:5;}">
                    <Coords points="888,2322 975,2322 975,2358 888,2358"/>
                    <TextEquiv>
                        <Unicode>après</Unicode>
                    </TextEquiv>
                    <TextStyle fontFamily="Times New Roman" fontSize="10.5"/>
                </Word>
                <Word id="w_w2aab1b3b2c37b1ac71" language="English" custom="readingOrder {index:6;}">
                    <Coords points="990,2322 1019,2322 1019,2348 990,2348"/>
                    <TextEquiv>
                        <Unicode>la</Unicode>
                    </TextEquiv>
                    <TextStyle fontFamily="Times New Roman" fontSize="10.5"/>
                </Word>
                <Word id="w_w2aab1b3b2c37b1ac77" language="English" custom="readingOrder {index:7;}">
                    <Coords points="1035,2321 1198,2321 1198,2348 1035,2348"/>
                    <TextEquiv>
                        <Unicode>délivrance</Unicode>
                    </TextEquiv>
                    <TextStyle fontFamily="Times New Roman" fontSize="10.5"/>
                </Word>
                <Word id="w_w2aab1b3b2c37b1ac99" language="English" custom="readingOrder {index:8;}">
                    <Coords points="1210,2320 1246,2320 1246,2347 1210,2347"/>
                    <TextEquiv>
                        <Unicode>de</Unicode>
                    </TextEquiv>
                    <TextStyle fontFamily="Times New Roman" fontSize="10.5"/>
                </Word>
                <Word id="w_w2aab1b3b2c37b1ad105" language="English" custom="readingOrder {index:9;}">
                    <Coords points="1259,2320 1380,2320 1380,2353 1259,2353"/>
                    <TextEquiv>
                        <Unicode>Vienne,</Unicode>
                    </TextEquiv>
                    <TextStyle fontFamily="Times New Roman" fontSize="10.5"/>
                </Word>
                <Word id="w_w2aab1b3b2c37b1ad121" language="English" custom="readingOrder {index:10;}">
                    <Coords points="1391,2320 1419,2320 1419,2344 1391,2344"/>
                    <TextEquiv>
                        <Unicode>et</Unicode>
                    </TextEquiv>
                    <TextStyle fontFamily="Times New Roman" fontSize="10.5"/>
                </Word>
                <Word id="w_w2aab1b3b2c37b1ad127" language="English" custom="readingOrder {index:11;}">
                    <Coords points="1432,2318 1504,2318 1504,2345 1432,2345"/>
                    <TextEquiv>
                        <Unicode>dans</Unicode>
                    </TextEquiv>
                    <TextStyle fontFamily="Times New Roman" fontSize="10.5"/>
                </Word>
                <TextEquiv>
                    <Unicode>Superbe pièce écrite un mois après la délivrance de Vienne, et dans</Unicode>
                </TextEquiv>
                <TextStyle fontFamily="Times New Roman" fontSize="10.5"/>
            </TextLine>
            <TextLine id="tl_38" primaryLanguage="English" custom="readingOrder {index:1;}">
                <Coords points="363,2355 1243,2355 1243,2397 363,2397"/>
                <Baseline points="363,2388 488,2390 526,2389 580,2388 805,2387 847,2386 958,2383 1104,2383 1243,2382"/>
                <Word id="w_w2aab1b3b2c37b3ab1" language="English" custom="readingOrder {index:0;}">
                    <Coords points="363,2362 488,2362 488,2397 363,2397"/>
                    <TextEquiv>
                        <Unicode>laquelle</Unicode>
                    </TextEquiv>
                    <TextStyle fontFamily="Times New Roman" fontSize="10.5"/>
                </Word>
                <Word id="w_w2aab1b3b2c37b3ac19" language="English" custom="readingOrder {index:1;}">
                    <Coords points="505,2363 526,2363 526,2389 505,2389"/>
                    <TextEquiv>
                        <Unicode>il</Unicode>
                    </TextEquiv>
                    <TextStyle fontFamily="Times New Roman" fontSize="10.5"/>
                </Word>
                <Word id="w_w2aab1b3b2c37b3ac25" language="English" custom="readingOrder {index:2;}">
                    <Coords points="540,2362 580,2362 580,2389 540,2389"/>
                    <TextEquiv>
                        <Unicode>lui</Unicode>
                    </TextEquiv>
                    <TextStyle fontFamily="Times New Roman" fontSize="10.5"/>
                </Word>
                <Word id="w_w2aab1b3b2c37b3ac33" language="English" custom="readingOrder {index:3;}">
                    <Coords points="597,2361 805,2361 805,2388 597,2388"/>
                    <TextEquiv>
                        <Unicode>recommande</Unicode>
                    </TextEquiv>
                    <TextStyle fontFamily="Times New Roman" fontSize="10.5"/>
                </Word>
                <Word id="w_w2aab1b3b2c37b3ac55" language="English" custom="readingOrder {index:4;}">
                    <Coords points="823,2360 847,2360 847,2386 823,2386"/>
                    <TextEquiv>
                        <Unicode>le</Unicode>
                    </TextEquiv>
                    <TextStyle fontFamily="Times New Roman" fontSize="10.5"/>
                </Word>
                <Word id="w_w2aab1b3b2c37b3ac61" language="English" custom="readingOrder {index:5;}">
                    <Coords points="864,2361 958,2361 958,2385 864,2385"/>
                    <TextEquiv>
                        <Unicode>comte</Unicode>
                    </TextEquiv>
                    <TextStyle fontFamily="Times New Roman" fontSize="10.5"/>
                </Word>
                <Word id="w_w2aab1b3b2c37b3ac73" language="English" custom="readingOrder {index:6;}">
                    <Coords points="975,2356 1104,2356 1104,2384 975,2384"/>
                    <TextEquiv>
                        <Unicode>Ladislas</Unicode>
                    </TextEquiv>
                    <TextStyle fontFamily="Times New Roman" fontSize="10.5"/>
                </Word>
                <Word id="w_w2aab1b3b2c37b3ac91" language="English" custom="readingOrder {index:7;}">
                    <Coords points="1118,2356 1243,2356 1243,2390 1118,2390"/>
                    <TextEquiv>
                        <Unicode>Chyalis.</Unicode>
                    </TextEquiv>
                    <TextStyle fontFamily="Times New Roman" fontSize="10.5"/>
                </Word>
                <TextEquiv>
                    <Unicode>laquelle il lui recommande le comte Ladislas Chyalis.</Unicode>
                </TextEquiv>
                <TextStyle fontFamily="Times New Roman" fontSize="10.5"/>
            </TextLine>
            <TextEquiv>
                <Unicode>Superbe pièce écrite un mois après la délivrance de Vienne, et dans
laquelle il lui recommande le comte Ladislas Chyalis.</Unicode>
            </TextEquiv>
        </TextRegion>
        <SeparatorRegion id="r_6" custom="readingOrder {index:20;}">
            <Coords points="361,81 498,81 498,90 361,90"/>
        </SeparatorRegion>
        <SeparatorRegion id="r_7" custom="readingOrder {index:21;}">
            <Coords points="512,81 601,81 601,85 512,85"/>
        </SeparatorRegion>
        <SeparatorRegion id="r_8" custom="readingOrder {index:22;}">
            <Coords points="608,81 882,81 882,95 608,95"/>
        </SeparatorRegion>
        <SeparatorRegion id="r_9" custom="readingOrder {index:23;}">
            <Coords points="882,84 1482,84 1482,101 882,101"/>
        </SeparatorRegion>
        <SeparatorRegion id="r_10" custom="readingOrder {index:24;}">
            <Coords points="1349,88 1835,88 1835,94 1349,94"/>
        </SeparatorRegion>
        <SeparatorRegion id="r_11" custom="readingOrder {index:25;}">
            <Coords points="1481,95 1700,95 1700,103 1481,103"/>
        </SeparatorRegion>
        <SeparatorRegion id="r_12" custom="readingOrder {index:26;}">
            <Coords points="429,2892 544,2892 544,2895 429,2895"/>
        </SeparatorRegion>
        <SeparatorRegion id="r_14" custom="readingOrder {index:27;}">
            <Coords points="0,3044 5,3044 5,3145 0,3145"/>
        </SeparatorRegion>
        <SeparatorRegion id="r_16" custom="readingOrder {index:28;}">
            <Coords points="73,300 79,300 79,397 73,397"/>
        </SeparatorRegion>
        <SeparatorRegion id="r_17" custom="readingOrder {index:29;}">
            <Coords points="971,86 1067,86 1067,89 971,89"/>
        </SeparatorRegion>
    </Page>
</PcGts>
