2179 3146
831 465 864 469 —
886 450 918 476 19
937 464 970 469 —

280 537 355 571 100.
387 528 586 567 PLA.TOW
620 527 822 573 (Mattheu,
859 525 1009 573 comte),
1049 526 1197 559 ataman
1234 521 1298 556 des
1336 529 1523 565 cosaques,

395 580 535 617 célèbre
558 576 708 625 général
727 586 827 611 russe
847 574 905 621 qui
930 586 967 609 se
988 572 1180 619 distingua
1196 570 1286 605 dans
1303 569 1355 604 les
1378 578 1527 614 guerres

396 631 440 666 de
457 627 648 674 l’Empire,
673 638 707 661 n.
733 627 835 667 1731,
856 636 904 658 m.
928 625 1033 659 1818.

435 705 470 734 P.
489 713 533 739 s.;
556 702 732 737 Francfort,
750 701 789 730 29
808 698 936 729 octobre
956 698 1044 734 1813,
1073 698 1092 727 2
1111 706 1142 735 p.
1164 695 1299 729 in-folio,
1324 693 1435 723 cachet
1456 690 1529 721 bien

396 742 554 776 conservé.
574 742 647 772 Très
661 750 743 770 rare.

417 811 508 839 Ordre
525 808 663 836 militaire
679 810 866 835 concernant
880 808 908 834 la
925 806 1044 833 marche
1058 805 1109 831 des
1125 803 1289 839 régiments
1303 807 1445 834 cosaques
1457 806 1530 833 pen¬

384 848 454 875 dant
465 847 492 874 la
508 844 655 873 traversée
669 844 705 871 de
723 843 922 878 l’Allemagne.

285 934 360 967 101.
392 925 686 966 POUSCHKINE
704 923 949 971 (Alexandre),
964 922 1105 958 célèbre
1117 921 1223 967 poète
1238 929 1356 961 russe,
1370 928 1406 952 n.
1424 916 1530 958 1799,

400 990 449 1014 m.
472 979 578 1013 1837.

435 1060 464 1087 1°
488 1059 520 1087 B.
538 1066 567 1086 a.
586 1066 625 1091 s.,
645 1064 683 1085 en
701 1053 847 1091 français,
864 1056 883 1083 à
901 1062 941 1081 an
958 1051 1089 1087 colonel,
1110 1050 1161 1086 1/2
1174 1057 1205 1087 p.
1224 1047 1287 1076 in-8
1304 1045 1430 1083 oblong.

417 1125 470 1153 Joli
485 1123 568 1151 billet
583 1122 757 1150 au-dessous
774 1120 884 1154 duquel
898 1117 1087 1146 Pouschkine
1102 1124 1119 1143 a
1135 1114 1252 1143 dessiné
1268 1121 1327 1141 une
1343 1113 1411 1139 tête.

438 1193 470 1221 2°
491 1193 569 1221 Note
584 1193 663 1226 aut.,
681 1198 719 1219 en
735 1188 885 1224 français,
903 1188 918 1216 1
938 1196 966 1225 p.
984 1186 1063 1214 in-4.

422 1258 548 1287 Résumé
580 1257 668 1284 d’une
692 1254 901 1283 conversation
928 1253 963 1280 de
990 1250 1178 1279 Pouschkine
1208 1256 1276 1275 avec
1301 1244 1534 1273 l’ambassadeur

389 1296 549 1330 d’Espagne
562 1302 599 1320 au
611 1293 688 1326 sujet
704 1292 742 1318 du
754 1298 828 1324 coup
838 1290 932 1317 d'Etat
947 1289 987 1315 du
1006 1290 1036 1314 18
1049 1285 1210 1313 brumaire.
1221 1284 1244 1309 Il
1257 1284 1355 1310 donne
1364 1281 1398 1308 de
1413 1280 1535 1307 curieux

389 1331 493 1358 détails
509 1337 560 1357 sur
574 1327 720 1356 l’attitude
739 1327 774 1353 de
789 1326 940 1365 Napoléon
958 1327 986 1350 et
1002 1323 1041 1349 du
1066 1321 1182 1349 Conseil
1199 1320 1250 1346 des
1266 1319 1338 1352 Cinq
1359 1317 1454 1344 Cents.
1471 1315 1534 1351 (Ces

388 1368 465 1394 deux
477 1364 674 1400 autographes
689 1365 757 1390 sont
771 1360 899 1389 certifiés
912 1368 966 1394 par
977 1360 1004 1385 le
1017 1357 1132 1393 peintre
1140 1353 1317 1389 Joukowsky
1329 1353 1378 1388 qui
1389 1352 1432 1378 les
1443 1351 1535 1379 tenait

390 1403 424 1430 de
440 1410 493 1429 son
508 1401 588 1436 père,
604 1401 631 1427 le
649 1398 742 1434 grand
758 1397 843 1433 poète
858 1404 941 1423 russe
955 1393 1149 1427 Joukowsky).

288 1477 364 1511 102.
396 1471 654 1510 PROUDHON
672 1468 999 1519 (Pierre-Joseph),
1018 1465 1052 1500 le
1072 1464 1219 1500 célèbre
1239 1461 1399 1498 écrivain
1420 1459 1533 1495 socia¬

405 1523 497 1567 liste,
523 1534 557 1557 n.
581 1522 686 1564 1809,
710 1531 758 1555 m.
781 1519 886 1554 1865.

441 1599 472 1628 L.
502 1608 530 1628 a.
563 1607 587 1626 s.
617 1606 678 1625 aux
708 1594 846 1625 éditeurs
873 1591 1031 1622 Boussard
1062 1592 1092 1620 et
1116 1586 1272 1623 Monnier;
1304 1585 1532 1622 Conciergerie,

403 1640 440 1670 28
457 1640 531 1668 août
544 1638 633 1672 1851,
650 1636 668 1665 2
683 1646 711 1675 p.
730 1635 797 1663 in-8

425 1706 621 1732 Intéressante
637 1704 722 1730 lettre
736 1700 856 1729 relative
873 1707 929 1727 aux
945 1697 1114 1725 conditions
1131 1695 1166 1722 de
1182 1693 1333 1722 rédaction
1348 1695 1376 1720 et
1392 1692 1427 1719 de
1443 1690 1537 1727 publi¬

390 1741 486 1769 cation
499 1740 569 1767 d’un
585 1747 711 1774 ouvrage
726 1736 843 1764 intitulé
859 1735 999 1763 YHistoire
1014 1733 1046 1760 de
1063 1734 1091 1759 la
1104 1731 1270 1758 démocratie
1285 1729 1422 1755 moderne.

292 1825 369 1859 103.
401 1821 593 1866 QUERINI
611 1816 914 1869 (Angelo-Maria,
934 1811 1126 1861 cardinal),
1150 1823 1195 1847 un
1220 1811 1281 1846 des
1303 1810 1383 1856 plus
1403 1807 1537 1855 grands

411 1871 551 1907 érudits
581 1870 629 1906 du
660 1880 744 1904 xvm
748 1872 758 1884 c
800 1866 924 1907 siècle,
962 1863 1034 1898 ami
1070 1863 1113 1897 de
1142 1860 1319 1902 Voltaire,
1348 1871 1383 1893 n.
1430 1858 1534 1900 1680,

411 1932 459 1956 m.
483 1921 587 1955 1759.

445 1998 477 2025 L.
496 2005 525 2026 a.
541 2005 566 2024 s.
580 2004 586 2031 ;
602 1994 740 2028 Brescia,
757 1994 794 2022 24
811 1990 890 2020 avril
908 1989 998 2024 1746,
1017 1988 1029 2016 1
1050 1996 1079 2024 p.
1099 1986 1174 2015 in-4.
1192 1984 1276 2014 Belle
1291 1983 1387 2022 pièce.

290 2084 366 2117 104.
399 2081 514 2116 RETZ
527 2074 932 2127 (Jean-François-Paul
951 2071 994 2108 de
1006 2071 1134 2114 Gondi,
1150 2068 1312 2105 cardinal
1325 2068 1394 2116 de),
1414 2067 1539 2102 arche¬

406 2133 519 2177 vêque
536 2130 581 2164 de
600 2128 717 2171 Paris,
737 2125 884 2162 célèbre
912 2121 1100 2164 frondeur,
1120 2122 1252 2155 auteur
1275 2117 1319 2153 de
1335 2117 1523 2153 Mémoires
1528 2144 1535 2159 ,

410 2191 445 2215 n.
470 2181 572 2221 1613,
593 2189 642 2212 m.
665 2177 768 2212 1679.

448 2255 480 2283 L.
500 2263 525 2284 s.
547 2256 566 2281 à
587 2253 690 2282 l’abbé
712 2249 875 2285 Charrier;
898 2246 1091 2283 Commercy,
1114 2244 1152 2273 24
1172 2243 1337 2273 décembre
1356 2241 1444 2278 1667,
1469 2242 1484 2270 1
1506 2250 1537 2279 p.

404 2295 478 2329 in-4,
497 2293 624 2323 cachets
641 2292 712 2321 bien
726 2290 893 2321 conservés
910 2291 940 2316 et
955 2285 1048 2316 soies.

432 2361 628 2388 Intéressante
643 2359 730 2385 lettre
747 2356 867 2384 relative
885 2355 901 2381 à
916 2362 948 2380 sa
965 2352 1125 2380 démission
1139 2351 1225 2377 d’une
1239 2349 1362 2384 abbaye.
