2017 3004
706 410 1076 463 LETTRES
1140 412 1796 481 AUTOGRAPHES

845 522 913 563 ET
943 526 1271 564 DOCUMENTS
1307 529 1655 578 HISTORIQUES

756 686 892 709 MAISON
923 679 1078 709 FONDÉE
1107 687 1154 709 EN
1187 688 1246 715 i8jo
1276 689 1347 712 PAR
1371 689 1394 712 J.
1419 690 1618 716 CHARAVAY
1644 691 1725 720 AÎNÉ

1133 767 1159 785 et
1183 762 1285 793 dirigée
1314 771 1362 794 par

862 829 1063 868 ÉTIENNE
1092 837 1339 868 CHARAVAY
1365 840 1462 869 FILS
1499 841 1555 870 ET
1586 843 1621 873 8"

784 905 985 922 archiviste
1006 899 1254 928 paléographe,
1274 907 1397 924 expert
1421 909 1456 925 en
1476 909 1704 932 autographes

903 972 933 1005 A
964 970 1080 1013 Paris,
1112 983 1173 1005 rue
1202 971 1246 1006 de
1277 973 1530 1023 Furstenberg,
1564 988 1577 1023 j

657 1117 741 1142 Achat
765 1117 798 1139 de
820 1117 987 1140 Collections
1012 1116 1221 1148 d’autographes
1245 1126 1276 1141 au
1295 1124 1443 1150 comptant;
1470 1119 1601 1153 échanges
1633 1130 1806 1159 commissions

796 1160 889 1180 ventes
912 1157 1052 1186 publiques
1072 1161 1099 1180 et
1116 1156 1131 1180 à
1148 1158 1292 1188 l’amiable;
1313 1158 1449 1184 rédaction
1470 1161 1503 1185 de
1524 1163 1688 1197 catalogues;

717 1196 811 1226 copies
827 1195 960 1219 certifiées
983 1197 1016 1219 de
1037 1198 1153 1227 chartes,
1174 1198 1329 1222 documents
1349 1203 1376 1222 et
1392 1203 1584 1232 autographes;
1600 1203 1755 1232 vérification

948 1236 982 1260 de
1002 1237 1092 1266 pièces
1113 1241 1139 1259 et
1158 1238 1302 1261 certificats
1320 1238 1530 1266 d’authenticité.

697 1370 743 1398 M.
767 1361 894 1399 Étienne
913 1370 1070 1410 Charavay
1081 1371 1189 1400 achète
1206 1381 1244 1401 au
1260 1376 1406 1412 comptant
1423 1374 1464 1402 les
1481 1379 1678 1417 autographes
1699 1385 1806 1416 anciens

651 1415 681 1438 et
696 1409 866 1444 modernes,
885 1410 927 1439 les
945 1411 1131 1448 manuscrits,
1149 1411 1191 1440 les
1216 1413 1345 1449 chartes,
1373 1413 1416 1442 les
1440 1414 1616 1446 documents
1641 1419 1807 1463 historiques

650 1449 687 1477 de
700 1455 783 1478 toute
801 1455 915 1479 nature.

694 1501 714 1530 Il
739 1502 868 1540 possède
889 1503 962 1531 dans
987 1513 1041 1533 son
1065 1504 1184 1533 cabinet
1209 1514 1266 1534 une
1290 1506 1448 1536 collection
1475 1509 1534 1537 très
1560 1512 1757 1546 considérable
1774 1520 1805 1549 de

648 1541 752 1570 lettres
783 1543 986 1582 autographes
1014 1543 1052 1572 de
1080 1544 1241 1574 célébrités
1267 1546 1429 1583 françaises
1454 1553 1484 1576 et
1504 1549 1674 1590 étrangères
1693 1564 1727 1584 en
1750 1562 1804 1588 tout

648 1590 751 1619 genre,
765 1580 896 1612 classées
912 1592 1029 1612 comme
1043 1582 1060 1612 il
1077 1583 1134 1613 suit
1152 1594 1158 1614 :

690 1634 763 1663 Rois
780 1640 810 1664 et
827 1634 925 1665 reines
941 1636 979 1665 de
1002 1637 1135 1673 France;
1154 1655 1193 1659 —
1215 1640 1388 1669 souverains
1404 1640 1575 1681 étrangers;
1596 1662 1635 1666 —
1654 1646 1801 1688 écrivains;

645 1690 684 1695 —
700 1673 865 1703 Académie
882 1676 1043 1713 française;
1059 1694 1098 1699 —
1113 1677 1276 1717 clergé;.—
1299 1679 1434 1710 hommes
1454 1673 1573 1719 d’État;
1588 1702 1626 1706 —
1642 1689 1803 1720 maréchaux

645 1713 682 1742 de
698 1714 830 1750 France;
843 1732 882 1738 —
904 1722 1037 1752 savants;
1056 1735 1093 1739 —
1111 1718 1242 1756 peintres
1256 1728 1263 1754 ;
1281 1736 1320 1741 —
1340 1720 1525 1760 sculpteurs;
1550 1741 1588 1746 —
1602 1735 1753 1765 graveurs;
1770 1749 1801 1753 —

644 1754 1135 1795 architectes;—compositeurs
1151 1758 1189 1787 de
1214 1759 1626 1800 musique;—acteurs;—
1650 1767 1800 1800 révolution

644 1792 809 1830 française;
826 1811 866 1816 —
881 1796 1060 1826 documents
1079 1797 1280 1837 historiques;
1296 1817 1336 1822 —
1351 1800 1489 1839 chartes;
1508 1821 1546 1825 —
1568 1804 1741 1837 documents
1758 1818 1801 1840 sur

643 1831 686 1861 les
703 1833 861 1872 provinces
879 1835 916 1864 de
936 1836 1052 1865 France
1069 1843 1098 1866 et
1122 1837 1164 1867 les
1182 1838 1306 1868 familles
1333 1841 1447 1878 nobles,
1471 1848 1529 1872 etc.

685 1885 816 1924 Chaque
841 1889 925 1925 mois,
950 1889 998 1919 M.
1026 1882 1156 1920 Étienne
1181 1892 1339 1933 Charavay
1363 1895 1463 1933 publie
1482 1898 1519 1926 un
1546 1898 1672 1928 Bulletin
1700 1900 1800 1933 d’auto¬

642 1926 769 1965 graphes
784 1928 800 1956 à
814 1927 881 1966 prix
893 1931 1038 1969 marqués,
1058 1932 1105 1969 qui
1123 1938 1168 1960 est
1184 1934 1299 1972 envoyé
1324 1936 1536 1973 gratuitement
1552 1939 1568 1966 à
1584 1944 1649 1968 tous
1670 1949 1743 1971 ceux
1756 1944 1799 1982 qui

642 1974 680 1994 en
691 1965 756 1995 font
769 1966 797 1995 la
812 1967 970 1999 demande.
990 1969 1040 1999 Ce
1056 1970 1179 2000 bulletin
1197 1977 1290 2011 paraît
1304 1973 1411 2014 depuis
1429 1975 1513 2013 1846.

687 2019 916 2050 L’authenticité
934 2022 987 2052 des
1002 2025 1206 2064 autographes
1227 2032 1272 2055 est
1292 2028 1436 2065 garantie.

685 2072 732 2102 M.
753 2067 881 2103 Étienne
900 2075 1058 2117 Charavay
1082 2079 1213 2116 procède
1235 2080 1404 2119 également
1426 2093 1476 2122 par
1503 2085 1568 2113 voie
1593 2086 1758 2127 d’échange.
1778 2090 1796 2118 Il

641 2111 703 2151 prie
725 2113 813 2142 MM.
833 2113 876 2144 les
894 2116 1054 2147 Amateurs
1071 2118 1109 2147 de
1127 2118 1164 2148 lui
1187 2125 1379 2151 transmettre
1400 2122 1426 2151 la
1442 2123 1507 2153 liste
1530 2125 1567 2154 de
1589 2126 1664 2155 leurs
1686 2127 1797 2159 doubles

640 2157 670 2180 et
681 2151 760 2181 celle
775 2152 814 2182 de
827 2153 908 2184 leurs
924 2155 1095 2187 desiderata
1108 2167 1116 2186 :
1134 2158 1153 2187 il
1168 2159 1346 2200 s’occupera
1364 2164 1490 2192 aussitôt
1505 2165 1543 2193 de
1560 2166 1601 2195 les
1617 2167 1761 2197 satisfaire.

682 2204 705 2233 II
722 2206 857 2244 prévient
877 2209 966 2238 MM.
996 2210 1038 2239 les
1063 2212 1223 2241 Amateurs
1250 2213 1320 2253 qu’il
1350 2221 1409 2245 met
1437 2218 1453 2245 à
1476 2216 1539 2247 leur
1563 2218 1732 2258 disposition
1751 2222 1796 2252 des

640 2244 768 2274 Cartons
794 2245 1023 2289 d’autographes
1044 2251 1062 2280 à
1077 2250 1144 2290 prix
1169 2256 1303 2293 marqués
1332 2254 1366 2285 de
1397 2262 1431 2294 50
1452 2257 1585 2288 centimes
1605 2260 1623 2289 à
1654 2261 1663 2298 3
1694 2262 1793 2298 francs,

638 2284 713 2313 dans
730 2285 860 2325 lesquels
877 2288 911 2317 ils
928 2297 1070 2327 pourront
1087 2293 1168 2321 venir
1193 2293 1263 2323 faire
1289 2294 1342 2324 des
1363 2297 1545 2327 recherches
1569 2304 1634 2329 tous
1650 2299 1690 2330 les
1713 2301 1792 2340 jours,

637 2332 688 2353 rue
703 2323 740 2354 de
754 2325 971 2368 Furstenberg,
1007 2337 1032 2368 3,
1065 2331 1104 2360 de
1121 2333 1198 2361 neuf
1219 2333 1328 2364 heures
1352 2335 1393 2365 du
1413 2337 1502 2366 matin
1526 2340 1543 2367 à
1566 2348 1610 2368 six
1633 2340 1736 2370 heures
1759 2342 1791 2371 du

637 2363 714 2393 soir.

822 2450 897 2473 Paris.
909 2464 934 2467 —
945 2453 1090 2480 Imprimerie
1101 2456 1127 2477 L.
1139 2457 1304 2484 M..retheux,
1316 2461 1335 2485 1,
1348 2466 1389 2480 rue
1401 2459 1514 2483 Cassette.
1527 2474 1552 2477 —
1561 2463 1621 2484 7776.
