1971 3146
1193 482 1225 507 —
1244 482 1260 507 2
1281 494 1314 499 —

742 560 989 599 ALPHONSE
1013 560 1042 595 II
1068 557 1236 598 d’ESTE,
1264 555 1333 591 duc
1355 553 1399 588 de
1422 552 1586 594 Ferrare,
1612 549 1668 585 fils
1691 549 1734 583 de
1760 548 1858 589 Renée

749 614 795 647 de
818 611 971 653 France,
989 609 1085 644 frère
1101 607 1146 643 de
1162 607 1199 642 la
1218 604 1313 641 belle
1334 602 1500 639 Léonora
1521 600 1657 642 d’Esle,
1681 597 1797 633 aimée
1810 612 1860 647 par

753 661 801 696 Le
818 661 938 703 Tasse,
958 671 992 694 n.
1021 659 1125 701 1533,
1148 668 1197 691 m.
1220 655 1326 690 1597.

789 737 963 766 Document
978 734 1066 772 signé
1092 741 1131 763 en
1152 733 1211 761 tête
1234 739 1288 760 sur
1308 726 1405 763 vélin;
1425 727 1567 760 Ferrare,
1591 724 1629 753 20
1654 722 1768 753 février
1790 723 1859 762 1560,

750 778 788 807 10
803 787 833 816 p.
851 775 987 806 in-folio.

744 843 1041 890 ANGOULÊME
1063 849 1228 899 (Charles
1249 847 1293 882 de
1314 844 1460 887 Valois,
1479 844 1550 879 duc
1570 839 1635 888 d'),
1660 839 1717 875 fils
1737 842 1861 879 naturel

754 905 798 938 de
817 902 966 938 Charles
979 900 1024 936 IX
1041 903 1075 935 et
1094 900 1137 935 de
1155 897 1271 933 Marie
1288 895 1464 936 Touchet,
1483 901 1714 938 compagnon
1725 888 1861 928 d’armes

753 953 798 988 de
817 951 930 988 Henri
954 951 1014 994 IV,
1033 951 1163 985 auteur
1182 946 1226 982 de
1247 944 1434 982 Mémoires
1441 971 1447 985 ,
1467 954 1501 976 n.
1531 941 1634 981 1573,
1654 950 1702 973 m.
1726 940 1825 974 1650.

791 1038 826 1067 L.
851 1046 879 1067 a.
904 1046 927 1066 s.
946 1034 999 1074 (au
1023 1034 1084 1063 duc
1106 1033 1145 1062 de
1171 1028 1375 1069 Lorraine?);
1398 1027 1539 1060 Verdun,
1565 1025 1583 1053 5
1610 1024 1672 1053 mai
1697 1022 1783 1057 1625,
1799 1024 1823 1064 -2
1842 1034 1861 1064 p.

754 1077 888 1107 in-folio.

774 1144 899 1172 Superbe
919 1150 1018 1170 lettre
1033 1143 1112 1168 toute
1126 1138 1245 1166 relative
1260 1144 1298 1165 au
1313 1133 1540 1163 ravitaillement
1554 1131 1589 1157 de
1605 1138 1650 1157 ses
1667 1132 1793 1164 troupes.

684 1218 715 1253 7.
747 1217 873 1253 ANNE
915 1211 1213 1255 D’AUTRICHE,
1249 1209 1351 1246 reine
1393 1207 1437 1242 de
1473 1206 1625 1248 France,
1666 1201 1798 1237 femme

757 1265 866 1302 Louis
882 1264 977 1308 XIII,
997 1267 1033 1299 n.
1056 1265 1161 1306 1601,
1181 1272 1230 1296 m.
1253 1261 1359 1294 1666.

793 1343 828 1371 P.
847 1351 872 1371 s.
890 1350 944 1371 sur
958 1339 1058 1376 vélin;
1076 1336 1337 1371 Fontainebleau,
1354 1331 1579 1371 20septembre
1594 1331 1683 1365 1644,
1701 1329 1714 1357 1
1733 1337 1762 1365 p.
1781 1326 1863 1359 in-fol.

684 1433 718 1465 8.
748 1427 875 1463 ANNE
894 1423 1170 1465 IVANOWNA,
1187 1421 1365 1459 duchesse
1382 1419 1427 1454 de
1443 1415 1663 1457 Courlande,
1681 1413 1758 1459 puis
1771 1411 1862 1467 impé-

758 1477 890 1513 ratrice
912 1476 955 1511 de
984 1474 1107 1510 Russie
1129 1473 1232 1518 après
1254 1471 1289 1506 la
1315 1471 1413 1504 mort
1432 1467 1476 1502 de
1503 1465 1626 1502 Pierre
1652 1462 1696 1506 II,
1721 1462 1818 1497 nièce
1836 1461 1864 1497 de

760 1526 886 1563 Pierre
902 1526 936 1560 le
952 1523 1088 1568 Grand,
1108 1524 1302 1558 maîtresse
1324 1519 1371 1553 du
1391 1517 1536 1552 fameux
1553 1514 1678 1556 Biren,
1697 1510 1822 1558 qu’elle
1839 1510 1865 1547 fit

761 1576 831 1611 duc
848 1575 892 1610 de
909 1572 1126 1615 Courlande,
1146 1583 1181 1606 n.
1207 1571 1311 1612 1693,
1331 1578 1379 1602 m.
1403 1567 1508 1601 1740.

799 1653 831 1681 L.
849 1660 887 1686 s.,
906 1660 943 1680 en
961 1648 1129 1684 allemand,
1152 1655 1227 1676 avec
1251 1653 1310 1674 une
1335 1644 1419 1680 ligne
1444 1643 1522 1676 aut.,
1547 1642 1565 1669 à
1587 1631 1864 1674 Élisabeth-Sophie,

759 1700 927 1731 margrave
963 1690 1000 1719 de
1036 1686 1211 1728 Bayreuth,
1253 1694 1287 1715 sa
1321 1682 1525 1717 belle-mère;
1560 1677 1864 1716 Saint-Pétersbourg,

759 1733 796 1762 15
808 1731 933 1770 janvier
949 1731 1036 1765 1711,
1055 1730 1073 1758 2
1088 1738 1119 1767 p.
1137 1724 1271 1756 in-folio.
1291 1724 1372 1753 Rare
1376 1745 1384 1752 .

783 1799 906 1826 Superbe
920 1805 1020 1825 lettre
1035 1797 1072 1822 où
1089 1795 1144 1823 elle
1166 1793 1208 1822 lui
1228 1792 1281 1820 fait
1296 1792 1363 1827 part
1383 1790 1417 1816 de
1435 1788 1462 1816 la
1476 1789 1554 1815 mort
1570 1786 1605 1814 de
1622 1794 1674 1812 son
1693 1783 1770 1812 mari
1783 1783 1865 1812 décédé

748 1835 836 1871 après
851 1834 894 1862 six
905 1834 992 1869 jours
1008 1833 1043 1859 de
1061 1830 1198 1859 maladie.

691 1910 726 1944 9.
756 1907 928 1943 BALZAC
963 1906 1125 1954 (Honoré
1163 1903 1237 1948 de),
1272 1901 1305 1937 le
1344 1897 1460 1947 grand
1495 1895 1671 1939 écrivain,
1707 1906 1742 1928 n.
1785 1894 1865 1936 1799,

766 1969 814 1993 m.
840 1959 941 1997 1850.

803 2034 837 2062 L.
855 2041 883 2062 a.
902 2041 927 2062 s.
958 2030 974 2061 à
992 2040 1049 2060 son
1070 2029 1177 2060 cousin
1195 2027 1250 2056 Gh.
1269 2024 1416 2059 Sédillot;
1433 2021 1460 2062 (1
1465 2024 1487 2038 er
1494 2020 1563 2060 juin
1579 2018 1681 2058 1829),
1699 2019 1711 2046 1
1731 2026 1761 2056 p.
1773 2016 1842 2046 in-8.

786 2101 921 2126 Curieuse
936 2105 1035 2125 lettre
1056 2096 1091 2124 où
1113 2096 1135 2122 il
1152 2095 1195 2122 lui
1214 2095 1311 2121 donne
1331 2092 1361 2119 la
1381 2091 1448 2117 liste
1469 2089 1506 2116 de
1528 2087 1659 2114 diverses
1678 2092 1804 2113 sommes
1820 2082 1866 2118 qu’il

752 2135 823 2163 doit.
842 2136 863 2162 11
882 2133 1007 2162 termine
1023 2141 1060 2160 en
1079 2131 1251 2160 souhaitant
1266 2126 1442 2156 d’atteindre
1461 2125 1575 2151 bientôt
1596 2124 1623 2150 la
1638 2122 1679 2148 fin
1696 2120 1732 2148 de
1751 2127 1796 2147 ces
1814 2120 1866 2154 paie¬

751 2173 859 2198 ments.
877 2171 892 2197 «
909 2171 948 2197 La
962 2169 1092 2196 librairie
1109 2167 1227 2195 devient
1242 2164 1368 2192 malade.
1385 2173 1400 2187 »

674 2251 730 2284 10.
761 2245 1121 2284 BASSOMPIERRE
1136 2240 1327 2293 (François
1342 2240 1371 2275 II
1391 2237 1462 2286 de),
1477 2234 1665 2272 maréchal
1680 2232 1726 2269 de
1745 2232 1866 2274 France,

771 2300 898 2333 auteur
916 2297 936 2331 d
942 2308 960 2331 a
975 2296 1178 2338 Mémoires,
1197 2305 1232 2327 n.
1254 2291 1360 2333 1579,
1380 2300 1428 2323 m.
1453 2288 1557 2322 1646.

811 2382 845 2411 P.
860 2390 883 2411 s.
895 2390 901 2416 ;
920 2381 1019 2416 Paris,
1038 2382 1076 2409 14
1089 2380 1158 2419 juin
1175 2378 1263 2412 1626,
1281 2376 1299 2403 2
1315 2384 1344 2413 p.
1364 2371 1496 2402 in-folio.
