2179 3146
809 468 843 474 —
863 455 895 480 17
916 469 949 474 —

285 533 339 570 90.
368 529 732 578 NASSAU-SIEGEN
758 530 908 578 (Othon,
933 531 1056 578 prince
1078 531 1149 579 de),
1174 531 1315 566 célèbre
1341 531 1503 578 général,

379 582 521 617 fameux
544 591 608 628 par
625 591 682 614 ses
698 582 906 623 aventures,
926 592 960 614 n.
984 584 1088 625 1745,
1109 593 1157 616 m.
1180 582 1283 615 1809.

415 649 448 676 P.
467 657 494 676 a.
513 657 537 677 8.
549 655 556 683 ;
573 645 684 682 Tinna,
700 647 737 675 15
754 648 829 675 août
846 646 933 681 1807,
947 646 965 675 2
981 656 1011 685 p.
1029 646 1164 676 in-folio.

397 705 535 732 Curieuse
556 705 624 732 note
637 703 769 731 destinée
784 703 801 730 à
815 703 875 731 être
891 703 999 731 remise
1014 705 1031 731 à
1046 703 1221 739 Talleyrand
1242 706 1278 730 où
1296 704 1315 730 il
1336 711 1441 737 expose
1462 711 1506 729 ses

364 742 454 768 droits
475 749 526 767 sur
544 741 587 768 les
605 734 685 767 États
702 739 737 767 de
760 739 874 776 Siegen.
893 739 1088 767 Intéressants
1108 739 1212 766 détails
1230 748 1281 766 sur
1300 740 1328 767 la
1344 738 1453 766 famille
1471 738 1505 765 de

365 778 483 804 Nassau.

286 845 340 878 91.
373 833 581 876 ORLÉANS
611 830 1014 886 (Élisabeth-Charlotte
1048 838 1092 873 de
1125 838 1296 880 Bavière,
1327 837 1506 872 duchesse

379 888 439 936 d’),
458 889 591 924 femme
610 889 653 922 de
674 887 840 934 Philippe
857 887 925 922 duc
942 886 1145 929 d’Orléans,
1166 889 1266 921 mère
1284 886 1329 922 du
1356 886 1503 932 Régent.

382 938 433 974 On
468 950 488 973 a
522 937 644 985 publié
679 948 718 972 sa
753 937 919 972 curieuse
955 935 1281 983 correspondance,
1321 946 1355 969 n.
1400 936 1503 974 1652,

380 1000 428 1023 m.
448 990 552 1022 1722.

416 1055 450 1083 L.
462 1064 492 1083 a.
510 1063 535 1083 s.
555 1057 605 1094 (au
621 1053 682 1081 duc
692 1053 731 1082 de
745 1052 937 1091 Vendôme?)
949 1062 956 1087 ;
973 1051 1229 1087 Fontainebleau,
1248 1052 1264 1079 7
1280 1049 1407 1081 octobre
1419 1050 1506 1085 1694,

377 1096 391 1125 I
406 1104 434 1134 p.
453 1094 534 1130 in-4.
554 1092 645 1130 (Coll,
662 1091 843 1133 Chambry.)

396 1153 467 1180 Jolie
486 1152 573 1179 lettre
594 1153 630 1178 où
652 1150 706 1178 elle
727 1151 858 1186 exprime
879 1150 996 1185 l’espoir
1016 1158 1071 1185 que
1092 1149 1117 1175 le
1139 1149 1180 1175 roi
1205 1149 1432 1184 récompensera
1454 1155 1507 1174 son

365 1189 477 1215 mérite.

284 1254 339 1287 92.
373 1251 526 1287 PANGE
547 1250 745 1299 (François,
765 1249 949 1285 chevalier
969 1248 1040 1296 de),
1059 1247 1232 1291 écrivain,
1253 1248 1323 1282 ami
1347 1246 1507 1281 d’André

383 1300 551 1343 Chénier,
569 1311 606 1336 n.
628 1302 735 1342 1764,
753 1310 804 1334 m.
826 1300 931 1333 1796.

418 1368 453 1397 L.
483 1377 509 1396 a.
533 1377 556 1397 s.
579 1376 618 1396 au
642 1366 732 1405 poète
750 1364 889 1400 Lebrun;
913 1364 1103 1399 Sarrelouis,
1125 1363 1162 1392 26
1181 1362 1240 1392 mai
1261 1364 1349 1398 1783,
1372 1363 1390 1390 2
1411 1370 1440 1400 p.
1461 1362 1510 1399 1/2

379 1406 458 1436 in-4.
477 1406 548 1437 Très
563 1415 643 1436 rare.

402 1465 477 1492 Belle
491 1466 571 1491 lettre
586 1466 621 1492 où
639 1463 657 1490 il
678 1464 809 1499 exprime
826 1470 876 1490 son
894 1461 1073 1489 admiration
1088 1469 1163 1496 pour
1176 1462 1201 1488 le
1218 1461 1311 1488 talent
1327 1460 1362 1487 de
1380 1460 1508 1489 Lebrun.

366 1501 386 1527 II
408 1502 487 1535 parle
509 1501 543 1527 de
560 1501 624 1528 leur
646 1500 704 1525 ami
730 1506 870 1526 commun
893 1497 1001 1533 (André
1022 1496 1181 1533 Chénier?)
1207 1500 1233 1524 et
1252 1505 1282 1523 se
1306 1496 1398 1531 plaint
1419 1496 1510 1522 d'être

366 1537 441 1564 exilé
455 1536 526 1563 dans
542 1536 569 1563 la
585 1535 726 1572 garnison
743 1535 778 1562 de
795 1533 970 1562 Sarrelouis.

288 1601 343 1635 93.
378 1599 656 1634 PARTHENAY
691 1596 900 1646 (Catherine
932 1595 1007 1642 de),
1044 1596 1256 1631 vicomtesse
1288 1595 1332 1630 de
1367 1594 1507 1636 Rohan,

382 1648 517 1683 illustre
540 1647 747 1690 calviniste,
772 1647 862 1682 dont
880 1645 1089 1680 l’héroïsme
1112 1645 1267 1691 pendant
1292 1644 1324 1679 le
1346 1642 1443 1690 siège
1467 1643 1511 1677 de

384 1698 433 1732 La
452 1697 622 1733 Rochelle
640 1701 695 1731 est
707 1696 905 1743 justement
923 1693 1083 1737 fameux,
1102 1705 1136 1727 n.
1160 1695 1265 1736 1554,
1286 1704 1333 1727 m.
1355 1694 1457 1726 1631.

420 1765 449 1792 L.
473 1774 501 1794 a.
526 1774 549 1794 8.
573 1772 612 1793 au
632 1771 780 1793 cardinal
800 1771 838 1791 de
854 1762 1016 1798 Richelieu
1026 1770 1033 1798 ;
1057 1761 1096 1790 Le
1119 1760 1207 1797 Parc,
1229 1759 1260 1788 21
1287 1759 1400 1789 février
1421 1757 1509 1792 1625,

381 1805 395 1833 1
410 1814 441 1843 p.
460 1804 594 1834 in-folio.

401 1862 522 1889 Superbe
534 1870 633 1889 lettre
645 1863 681 1887 où
696 1861 751 1887 elle
768 1860 808 1886 lui
821 1858 966 1886 demande
979 1857 1173 1885 d’intercéder
1186 1865 1222 1883 en
1244 1864 1276 1883 sa
1290 1857 1393 1883 faveur
1406 1855 1510 1889 auprès

365 1897 401 1924 du
418 1898 461 1924 roi
475 1906 550 1933 pour
570 1905 627 1932 que
648 1897 690 1923 les
706 1904 830 1923 revenus
848 1894 883 1921 de
910 1903 942 1920 sa
963 1894 1078 1920 maison
1097 1893 1132 1919 de
1147 1893 1274 1919 Josselin
1291 1900 1326 1918 ne
1347 1891 1442 1918 soient
1458 1899 1510 1925 pas

366 1933 481 1959 affectés
499 1942 537 1960 au
554 1933 704 1968 paiement
722 1932 773 1958 des
795 1939 867 1966 gens
887 1929 1013 1956 d’armes
1034 1937 1090 1963 que
1114 1928 1140 1954 le
1157 1929 1213 1954 duc
1237 1927 1272 1954 de
1298 1927 1444 1954 Vendôme
1461 1935 1479 1961 y
1494 1934 1511 1952 a

368 1969 423 1995 mis
439 1977 475 1995 en
494 1969 631 2004 garnison
648 1978 662 1992 «
675 1975 733 1995 veu
752 1975 808 2001 que
824 1967 849 1993 le
865 1966 926 2000 Roy
941 1965 1082 1991 n’entend
1099 1964 1181 1998 point
1201 1971 1255 1998 que
1271 1970 1344 1990 ceux
1360 1962 1408 1996 qui
1426 1970 1461 1988 ne
1480 1969 1509 1988 se

365 2004 490 2031 meslent
509 2013 565 2039 que
587 2003 621 2031 de
640 2003 720 2038 prier
741 2003 812 2029 Dieu
836 2009 909 2037 pour
927 2001 954 2026 la
976 1999 1138 2034 prospérité
1160 1999 1195 2025 de
1216 1999 1253 2025 Sa
1269 1997 1390 2033 Majesté
1408 1999 1510 2031 soyent

368 2040 503 2067 molestez
524 2049 560 2067 en
576 2040 655 2067 leurs
670 2039 752 2066 biens
767 2046 827 2064 non
849 2036 913 2071 plus
930 2036 1015 2070 qu’en
1031 2035 1110 2062 leurs
1126 2042 1287 2069 personnes
1305 2045 1330 2060 ».

290 2104 344 2138 94.
377 2102 561 2139 PATKUL
579 2100 885 2151 (Jean-Reinhold
907 2098 976 2146 de),
1002 2098 1111 2134 noble
1131 2097 1305 2140 livonien,
1331 2095 1391 2143 qui
1414 2098 1512 2130 tenta

382 2152 424 2187 de
450 2152 607 2188 délivrer
637 2163 702 2187 son
734 2163 821 2198 pays
848 2149 895 2183 du
916 2149 1006 2195 joug
1034 2148 1077 2182 de
1106 2146 1139 2181 la
1170 2145 1301 2189 Suède,
1330 2146 1417 2180 livré
1447 2155 1512 2191 par

381 2201 541 2247 Auguste
571 2201 614 2244 II,
640 2201 694 2235 roi
718 2200 761 2235 de
788 2198 960 2244 Pologne,
989 2200 1009 2232 à
1035 2195 1183 2231 Charles
1209 2195 1288 2241 XII,
1316 2193 1378 2241 qui
1407 2193 1440 2228 le
1471 2193 1509 2228 fit

383 2250 561 2286 écarteler
577 2261 621 2285 en
640 2251 745 2285 1707.

420 2317 451 2346 L.
470 2326 508 2353 s.,
524 2326 561 2346 en
578 2315 754 2351 allemand;
771 2314 899 2349 Dresde,
922 2314 938 2341 1
940 2315 964 2328 er
974 2312 1046 2351 juin
1061 2312 1149 2346 1705,
1170 2312 1183 2339 1
1201 2320 1230 2349 p.
1251 2308 1383 2344 in-folio,
1401 2309 1509 2338 cachet

382 2355 451 2385 bien
467 2356 625 2387 conservé.
648 2356 718 2385 Très
733 2365 813 2385 rare.
