<?xml version="1.0" encoding="utf-8"?>
<alto xmlns="http://www.loc.gov/standards/alto/ns-v4#" xmlns:xsi="http://www.w3.org/2001/XMLSchema-instance" xsi:schemaLocation="http://www.loc.gov/standards/alto/ns-v4# https://gitlab.inria.fr/scripta/escriptorium/-/raw/develop/app/escriptorium/static/alto-4-1-baselines.xsd">
<Description>
<MeasurementUnit>pixel</MeasurementUnit><sourceImageInformation><fileName>1887_bovet_bpt6k6325943w_gt_0079.jpg</fileName></sourceImageInformation>
<OCRProcessing ID="IdOcr">
<ocrProcessingStep>
<processingDateTime>2020-11-01T17:57:51.028+01:00</processingDateTime>
<processingSoftware>
<softwareCreator>READ COOP</softwareCreator>
<softwareName>Transkribus</softwareName>
</processingSoftware>
</ocrProcessingStep>
</OCRProcessing>
</Description>
<Layout>
<Page HEIGHT="4647" ID="Page1" PHYSICAL_IMG_NR="1" WIDTH="3786">
<TopMargin HEIGHT="30" HPOS="0" VPOS="0" WIDTH="3786"/>
<LeftMargin HEIGHT="4560" HPOS="0" VPOS="30" WIDTH="44"/>
<RightMargin HEIGHT="4560" HPOS="3699" VPOS="30" WIDTH="87"/>
<BottomMargin HEIGHT="57" HPOS="0" VPOS="4590" WIDTH="3786"/>
<PrintSpace HEIGHT="4560" HPOS="44" VPOS="30" WIDTH="3655">
<TextBlock HEIGHT="72" HPOS="639" ID="r_2_1" VPOS="569" WIDTH="2223">
<Shape>
<Polygon POINTS="639 569 2862 569 2862 641 639 641"/>
</Shape>
<TextLine BASELINE="640 640 2861 640" HEIGHT="70" HPOS="640" ID="tl_1" VPOS="570" WIDTH="2221">
<String CONTENT="S.1  CHEFS DE GOUVERNEMENT 15" HEIGHT="70" HPOS="640" ID="string_tl_1" VPOS="570" WIDTH="2221"/>
</TextLine>
</TextBlock>
<TextBlock HEIGHT="170" HPOS="643" ID="r_3_1" VPOS="869" WIDTH="2233">
<Shape>
<Polygon POINTS="643 869 2876 869 2876 1039 643 1039"/>
</Shape>
<TextLine BASELINE="691 921 2875 921" HEIGHT="51" HPOS="691" ID="tl_2" VPOS="870" WIDTH="2184">
<String CONTENT="2° L. A. S. de MERLIN DE DOUAI (qui fut directeur du 10 septembre 1797 au 18 juin 1799), à Milet-" HEIGHT="51" HPOS="691" ID="string_tl_2" VPOS="870" WIDTH="2184"/>
</TextLine>
<TextLine BASELINE="645 982 2118 982" HEIGHT="61" HPOS="645" ID="tl_3" VPOS="921" WIDTH="1473">
<String CONTENT="Mureau; Paris, 21 germinal an VII (10 avril 1799), 3/4 de p. in-4," HEIGHT="61" HPOS="645" ID="string_tl_3" VPOS="921" WIDTH="1473"/>
</TextLine>
<TextLine BASELINE="644 1038 2026 1038" HEIGHT="64" HPOS="644" ID="tl_4" VPOS="974" WIDTH="1382">
<String CONTENT="vignette et tête imprimée. Très jolie pièce. — P. de Déjabin." HEIGHT="64" HPOS="644" ID="string_tl_4" VPOS="974" WIDTH="1382"/>
</TextLine>
</TextBlock>
<TextBlock HEIGHT="90" HPOS="645" ID="r_3_2" VPOS="1050" WIDTH="1477">
<Shape>
<Polygon POINTS="645 1050 2122 1050 2122 1140 645 1140"/>
</Shape>
<TextLine BASELINE="680 1101 2121 1101" HEIGHT="50" HPOS="680" ID="tl_5" VPOS="1051" WIDTH="1441">
<String CONTENT="Il appuie une demande faite par le jeune Lesage, qui est très brave et qui aime" HEIGHT="50" HPOS="680" ID="string_tl_5" VPOS="1051" WIDTH="1441"/>
</TextLine>
<TextLine BASELINE="646 1139 1041 1139" HEIGHT="34" HPOS="646" ID="tl_6" VPOS="1105" WIDTH="395">
<String CONTENT="le métier de la guerre." HEIGHT="34" HPOS="646" ID="string_tl_6" VPOS="1105" WIDTH="395"/>
</TextLine>
</TextBlock>
<TextBlock HEIGHT="138" HPOS="648" ID="r_3_3" VPOS="1169" WIDTH="2235">
<Shape>
<Polygon POINTS="648 1169 2883 1169 2883 1307 648 1307"/>
</Shape>
<TextLine BASELINE="649 1237 2882 1237" HEIGHT="67" HPOS="649" ID="tl_7" VPOS="1170" WIDTH="2233">
<String CONTENT="★28★ BONAPARTE (Napoléon), consul de la République française (10 no¬" HEIGHT="67" HPOS="649" ID="string_tl_7" VPOS="1170" WIDTH="2233"/>
</TextLine>
<TextLine BASELINE="651 1306 2880 1306" HEIGHT="70" HPOS="651" ID="tl_8" VPOS="1236" WIDTH="2229">
<String CONTENT="vembre 1799), premier consul et consul à vie (24 décembre 1799 au 18 mai 1804)." HEIGHT="70" HPOS="651" ID="string_tl_8" VPOS="1236" WIDTH="2229"/>
</TextLine>
</TextBlock>
<TextBlock HEIGHT="171" HPOS="651" ID="r_3_4" VPOS="1322" WIDTH="2234">
<Shape>
<Polygon POINTS="651 1322 2885 1322 2885 1493 651 1493"/>
</Shape>
<TextLine BASELINE="698 1381 2884 1381" HEIGHT="58" HPOS="698" ID="tl_9" VPOS="1323" WIDTH="2186">
<String CONTENT="L. S. au ministre de la guerre (l’illustre Lazare Carnot, qui était ministre depuis cinq jours);" HEIGHT="58" HPOS="698" ID="string_tl_9" VPOS="1323" WIDTH="2186"/>
</TextLine>
<TextLine BASELINE="655 1438 1908 1438" HEIGHT="63" HPOS="655" ID="tl_10" VPOS="1375" WIDTH="1253">
<String CONTENT="Paris, 17 germinal an VIII (7 avril 1800), 1/2 p. in-4," HEIGHT="63" HPOS="655" ID="string_tl_10" VPOS="1375" WIDTH="1253"/>
</TextLine>
<TextLine BASELINE="652 1492 1710 1492" HEIGHT="63" HPOS="652" ID="tl_11" VPOS="1429" WIDTH="1058">
<String CONTENT="vignette et tête imprimée. — P. de Bonneville." HEIGHT="63" HPOS="652" ID="string_tl_11" VPOS="1429" WIDTH="1058"/>
</TextLine>
</TextBlock>
<TextBlock HEIGHT="135" HPOS="653" ID="r_3_5" VPOS="1503" WIDTH="1260">
<Shape>
<Polygon POINTS="653 1503 1913 1503 1913 1638 653 1638"/>
</Shape>
<TextLine BASELINE="691 1549 1911 1549" HEIGHT="45" HPOS="691" ID="tl_12" VPOS="1504" WIDTH="1220">
<String CONTENT="Prière d’ordonner au citoyen Villesurarce, officier d’artillerie cisalpine," HEIGHT="45" HPOS="691" ID="string_tl_12" VPOS="1504" WIDTH="1220"/>
</TextLine>
<TextLine BASELINE="654 1598 1912 1598" HEIGHT="53" HPOS="654" ID="tl_13" VPOS="1545" WIDTH="1258">
<String CONTENT="qui est à Antibes, de venir à Paris pour rendre compte de la situation" HEIGHT="53" HPOS="654" ID="string_tl_13" VPOS="1545" WIDTH="1258"/>
</TextLine>
<TextLine BASELINE="654 1637 1229 1637" HEIGHT="44" HPOS="654" ID="tl_14" VPOS="1593" WIDTH="575">
<String CONTENT="dans laquelle est cette artillerie." HEIGHT="44" HPOS="654" ID="string_tl_14" VPOS="1593" WIDTH="575"/>
</TextLine>
</TextBlock>
<TextBlock HEIGHT="204" HPOS="657" ID="r_3_6" VPOS="1664" WIDTH="2240">
<Shape>
<Polygon POINTS="657 1664 2897 1664 2897 1868 657 1868"/>
</Shape>
<TextLine BASELINE="658 1742 2892 1742" HEIGHT="77" HPOS="658" ID="tl_15" VPOS="1665" WIDTH="2234">
<String CONTENT="★29★ NAPOLÉON I, empereur des Français, du 18 mai 1804 au 22 juin 1815," HEIGHT="77" HPOS="658" ID="string_tl_15" VPOS="1665" WIDTH="2234"/>
</TextLine>
<TextLine BASELINE="659 1801 2896 1801" HEIGHT="66" HPOS="659" ID="tl_16" VPOS="1735" WIDTH="2237">
<String CONTENT="date de son abdication, n. à Ajaccio (Corse), 15 août 1768, m. prisonnier des Anglais" HEIGHT="66" HPOS="659" ID="string_tl_16" VPOS="1735" WIDTH="2237"/>
</TextLine>
<TextLine BASELINE="660 1867 1767 1867" HEIGHT="59" HPOS="660" ID="tl_17" VPOS="1808" WIDTH="1107">
<String CONTENT="dans File de Sainte-Hélène, 5 mai 1821." HEIGHT="59" HPOS="660" ID="string_tl_17" VPOS="1808" WIDTH="1107"/>
</TextLine>
</TextBlock>
<TextBlock HEIGHT="164" HPOS="661" ID="r_3_7" VPOS="1898" WIDTH="1224">
<Shape>
<Polygon POINTS="661 1898 1885 1898 1885 2062 661 2062"/>
</Shape>
<TextLine BASELINE="711 1949 1884 1949" HEIGHT="50" HPOS="711" ID="tl_18" VPOS="1899" WIDTH="1173">
<String CONTENT="L. S. au roi de Saxe (Frédéric Auguste, qu’il avait" HEIGHT="50" HPOS="711" ID="string_tl_18" VPOS="1899" WIDTH="1173"/>
</TextLine>
<TextLine BASELINE="662 2005 1884 2005" HEIGHT="50" HPOS="662" ID="tl_19" VPOS="1955" WIDTH="1222">
<String CONTENT="créé roi le 11 décembre 1806); Compiègne, 22 avril" HEIGHT="50" HPOS="662" ID="string_tl_19" VPOS="1955" WIDTH="1222"/>
</TextLine>
<TextLine BASELINE="668 2061 1670 2061" HEIGHT="51" HPOS="668" ID="tl_20" VPOS="2010" WIDTH="1002">
<String CONTENT="1810, 3/4 de p. in-4, cachets et soies. — P." HEIGHT="51" HPOS="668" ID="string_tl_20" VPOS="2010" WIDTH="1002"/>
</TextLine>
</TextBlock>
<TextBlock HEIGHT="127" HPOS="664" ID="r_3_8" VPOS="2086" WIDTH="1224">
<Shape>
<Polygon POINTS="664 2086 1888 2086 1888 2213 664 2213"/>
</Shape>
<TextLine BASELINE="699 2128 1887 2128" HEIGHT="41" HPOS="699" ID="tl_21" VPOS="2087" WIDTH="1188">
<String CONTENT="Superbe lettre par laquelle il le remercie des compliments qu’il lui" HEIGHT="41" HPOS="699" ID="string_tl_21" VPOS="2087" WIDTH="1188"/>
</TextLine>
<TextLine BASELINE="665 2167 1886 2167" HEIGHT="39" HPOS="665" ID="tl_22" VPOS="2128" WIDTH="1221">
<String CONTENT="a adressés à l’occasion de son mariage avec l’archiduchesse Marie-" HEIGHT="39" HPOS="665" ID="string_tl_22" VPOS="2128" WIDTH="1221"/>
</TextLine>
<TextLine BASELINE="665 2212 1135 2212" HEIGHT="38" HPOS="665" ID="tl_23" VPOS="2174" WIDTH="470">
<String CONTENT="Louise (célébré le 1 avril)." HEIGHT="38" HPOS="665" ID="string_tl_23" VPOS="2174" WIDTH="470"/>
</TextLine>
</TextBlock>
<TextBlock HEIGHT="71" HPOS="667" ID="r_3_9" VPOS="2238" WIDTH="1285">
<Shape>
<Polygon POINTS="667 2238 1952 2238 1952 2309 667 2309"/>
</Shape>
<TextLine BASELINE="668 2308 1951 2308" HEIGHT="69" HPOS="668" ID="tl_24" VPOS="2239" WIDTH="1283">
<String CONTENT="★30★ NAPOLÉON I, empereur des Français." HEIGHT="69" HPOS="668" ID="string_tl_24" VPOS="2239" WIDTH="1283"/>
</TextLine>
</TextBlock>
<TextBlock HEIGHT="109" HPOS="669" ID="r_3_10" VPOS="2329" WIDTH="2237">
<Shape>
<Polygon POINTS="669 2329 2906 2329 2906 2438 669 2438"/>
</Shape>
<TextLine BASELINE="720 2388 2905 2388" HEIGHT="58" HPOS="720" ID="tl_25" VPOS="2330" WIDTH="2185">
<String CONTENT="L. S. NP., avec des corrections autographes, à son beau-frère (Joachim Murat, roi de Naples);" HEIGHT="58" HPOS="720" ID="string_tl_25" VPOS="2330" WIDTH="2185"/>
</TextLine>
<TextLine BASELINE="670 2437 2904 2437" HEIGHT="55" HPOS="670" ID="tl_26" VPOS="2382" WIDTH="2234">
<String CONTENT="Düben (près de Leipzig), 13 octobre 1813, dix heures du matin, 3 p. 1/4 in-q. Superbe pièce.— P." HEIGHT="55" HPOS="670" ID="string_tl_26" VPOS="2382" WIDTH="2234"/>
</TextLine>
</TextBlock>
<TextBlock HEIGHT="378" HPOS="670" ID="r_3_11" VPOS="2457" WIDTH="2245">
<Shape>
<Polygon POINTS="670 2457 2915 2457 2915 2835 670 2835"/>
</Shape>
<TextLine BASELINE="706 2501 2907 2501" HEIGHT="43" HPOS="706" ID="tl_27" VPOS="2458" WIDTH="2201">
<String CONTENT="Pièce historique sur les préliminaires de la bataille de Leipzig. Instructions pour la disposition du corps du duc de" HEIGHT="43" HPOS="706" ID="string_tl_27" VPOS="2458" WIDTH="2201"/>
</TextLine>
<TextLine BASELINE="671 2547 2908 2547" HEIGHT="48" HPOS="671" ID="tl_28" VPOS="2499" WIDTH="2237">
<String CONTENT="Raguse, qu’il faut placer à Breitenfeld, appuyant sa gauche à l’Elster et sa droite à la Partha. Recommandation de ne pas" HEIGHT="48" HPOS="671" ID="string_tl_28" VPOS="2499" WIDTH="2237"/>
</TextLine>
<TextLine BASELINE="671 2583 2910 2583" HEIGHT="43" HPOS="671" ID="tl_29" VPOS="2540" WIDTH="2239">
<String CONTENT="affaiblir sa ligne : « C’est ce mouvement qui fait perdre toutes les batailles, car elles ne se gagnent qu’en renforçant la" HEIGHT="43" HPOS="671" ID="string_tl_29" VPOS="2540" WIDTH="2239"/>
</TextLine>
<TextLine BASELINE="671 2630 2912 2630" HEIGHT="50" HPOS="671" ID="tl_30" VPOS="2580" WIDTH="2241">
<String CONTENT="ligne dans le moment critique. » Il a pris la veille un ordre du jour pour ordonner que, désormais, son infanterie fût placée" HEIGHT="50" HPOS="671" ID="string_tl_30" VPOS="2580" WIDTH="2241"/>
</TextLine>
<TextLine BASELINE="673 2668 2912 2668" HEIGHT="45" HPOS="673" ID="tl_31" VPOS="2623" WIDTH="2239">
<String CONTENT="sur deux rangs seulement, car le feu et la bayonnette du troisième rang sont insignifiants. Un des avantages de cette nouvelle" HEIGHT="45" HPOS="673" ID="string_tl_31" VPOS="2623" WIDTH="2239"/>
</TextLine>
<TextLine BASELINE="673 2709 2911 2709" HEIGHT="45" HPOS="673" ID="tl_32" VPOS="2664" WIDTH="2238">
<String CONTENT="disposition sera de faire croire à l’ennemi l’armée d’un tiers plus forte qu'elle n’est. (Voir à ce sujet : Histoire du Consulat" HEIGHT="45" HPOS="673" ID="string_tl_32" VPOS="2664" WIDTH="2238"/>
</TextLine>
<TextLine BASELINE="674 2751 2913 2751" HEIGHT="46" HPOS="674" ID="tl_33" VPOS="2705" WIDTH="2239">
<String CONTENT="et de l’Empire, par Thiers, t. XVI, p. 532.) « Il est probable que je viendrai cette nuit prendre position du côté de Hohleine" HEIGHT="46" HPOS="674" ID="string_tl_33" VPOS="2705" WIDTH="2239"/>
</TextLine>
<TextLine BASELINE="675 2801 2914 2801" HEIGHT="55" HPOS="675" ID="tl_34" VPOS="2746" WIDTH="2239">
<String CONTENT="avec toute ma garde et les cuirassiers de Latour-Maubourg. » — (Le 16 octobre commença la fameuse bataille de Leipzig qui" HEIGHT="55" HPOS="675" ID="string_tl_34" VPOS="2746" WIDTH="2239"/>
</TextLine>
<TextLine BASELINE="676 2834 1123 2834" HEIGHT="42" HPOS="676" ID="tl_35" VPOS="2792" WIDTH="447">
<String CONTENT="ne se termina que le 19.)" HEIGHT="42" HPOS="676" ID="string_tl_35" VPOS="2792" WIDTH="447"/>
</TextLine>
</TextBlock>
<TextBlock HEIGHT="208" HPOS="684" ID="r_7_1" VPOS="2865" WIDTH="2234">
<Shape>
<Polygon POINTS="684 2865 2918 2865 2918 3073 684 3073"/>
</Shape>
<TextLine BASELINE="685 2937 2916 2937" HEIGHT="71" HPOS="685" ID="tl_36" VPOS="2866" WIDTH="2231">
<String CONTENT="★31★ JOSÉPHINE (Marie-Josèphe-Rose TASCHER DE LA PAGERIE), n. aux Trois-" HEIGHT="71" HPOS="685" ID="string_tl_36" VPOS="2866" WIDTH="2231"/>
</TextLine>
<TextLine BASELINE="685 3005 2917 3005" HEIGHT="72" HPOS="685" ID="tl_37" VPOS="2933" WIDTH="2232">
<String CONTENT="Ilets (Martinique), 23 juin 1763, femme de Bonaparte (9 mars 1796), impératrice des" HEIGHT="72" HPOS="685" ID="string_tl_37" VPOS="2933" WIDTH="2232"/>
</TextLine>
<TextLine BASELINE="685 3072 2913 3072" HEIGHT="74" HPOS="685" ID="tl_38" VPOS="2998" WIDTH="2228">
<String CONTENT="Français le 18 mai 1804, répudiée le 16 décembre 1809, m. à la Malmaison, 29 mai 1814." HEIGHT="74" HPOS="685" ID="string_tl_38" VPOS="2998" WIDTH="2228"/>
</TextLine>
</TextBlock>
<TextBlock HEIGHT="118" HPOS="683" ID="r_8_1" VPOS="3087" WIDTH="2236">
<Shape>
<Polygon POINTS="683 3087 2919 3087 2919 3205 683 3205"/>
</Shape>
<TextLine BASELINE="732 3146 2918 3146" HEIGHT="58" HPOS="732" ID="tl_39" VPOS="3088" WIDTH="2186">
<String CONTENT="L. A. S. au citoyen Bessières, chef de brigade (depuis maréchal de l’Empire, né à Preissac le" HEIGHT="58" HPOS="732" ID="string_tl_39" VPOS="3088" WIDTH="2186"/>
</TextLine>
<TextLine BASELINE="684 3204 2918 3204" HEIGHT="62" HPOS="684" ID="tl_40" VPOS="3142" WIDTH="2234">
<String CONTENT="6 août 1768, tué près de Rippach le 1 mai 1813), à Milan; (Turin, octobre 1797), 1 p. in-8, cachet.—P." HEIGHT="62" HPOS="684" ID="string_tl_40" VPOS="3142" WIDTH="2234"/>
</TextLine>
</TextBlock>
<TextBlock HEIGHT="92" HPOS="683" ID="r_9_1" VPOS="3219" WIDTH="2243">
<Shape>
<Polygon POINTS="683 3219 2926 3219 2926 3311 683 3311"/>
</Shape>
<TextLine BASELINE="721 3268 2922 3268" HEIGHT="48" HPOS="721" ID="tl_41" VPOS="3220" WIDTH="2201">
<String CONTENT="Lettre écrite alors qu’elle revenait de Rome à Paris, après le traité de Campo-Formio. Elle est arrivée à Turin cette nuit," HEIGHT="48" HPOS="721" ID="string_tl_41" VPOS="3220" WIDTH="2201"/>
</TextLine>
<TextLine BASELINE="685 3310 2925 3310" HEIGHT="47" HPOS="685" ID="tl_42" VPOS="3263" WIDTH="2240">
<String CONTENT="à trois heures, et elle doit passer le Mont-Cenis demain. « Le tems est affreux, les chemins détestables. J’ai acheter deux cent" HEIGHT="47" HPOS="685" ID="string_tl_42" VPOS="3263" WIDTH="2240"/>
</TextLine>
</TextBlock>
<TextBlock HEIGHT="430" HPOS="686" ID="r_10_1" VPOS="3311" WIDTH="546">
<Shape>
<Polygon POINTS="686 3311 1232 3311 1232 3741 686 3741"/>
</Shape>
<TextLine BASELINE="687 3353 1219 3353" HEIGHT="41" HPOS="687" ID="tl_43" VPOS="3312" WIDTH="532">
<String CONTENT="bouteilles de liqueurs que j’ai" HEIGHT="41" HPOS="687" ID="string_tl_43" VPOS="3312" WIDTH="532"/>
</TextLine>
<TextLine BASELINE="688 3395 1222 3395" HEIGHT="39" HPOS="688" ID="tl_44" VPOS="3356" WIDTH="534">
<String CONTENT="fait mettre à l’auberge de la" HEIGHT="39" HPOS="688" ID="string_tl_44" VPOS="3356" WIDTH="534"/>
</TextLine>
<TextLine BASELINE="692 3437 1224 3437" HEIGHT="36" HPOS="692" ID="tl_45" VPOS="3401" WIDTH="532">
<String CONTENT="bonne femme. Elles sont" HEIGHT="36" HPOS="692" ID="string_tl_45" VPOS="3401" WIDTH="532"/>
</TextLine>
<TextLine BASELINE="694 3488 1225 3488" HEIGHT="49" HPOS="694" ID="tl_46" VPOS="3439" WIDTH="531">
<String CONTENT="payés. Faites-moi le plaisir de" HEIGHT="49" HPOS="694" ID="string_tl_46" VPOS="3439" WIDTH="531"/>
</TextLine>
<TextLine BASELINE="693 3530 1227 3530" HEIGHT="45" HPOS="693" ID="tl_47" VPOS="3485" WIDTH="534">
<String CONTENT="ne point les oubliers lorsque" HEIGHT="45" HPOS="693" ID="string_tl_47" VPOS="3485" WIDTH="534"/>
</TextLine>
<TextLine BASELINE="694 3572 1228 3572" HEIGHT="43" HPOS="694" ID="tl_48" VPOS="3529" WIDTH="534">
<String CONTENT="vous passerai. » — (Elle rentra" HEIGHT="43" HPOS="694" ID="string_tl_48" VPOS="3529" WIDTH="534"/>
</TextLine>
<TextLine BASELINE="696 3606 1228 3606" HEIGHT="36" HPOS="696" ID="tl_49" VPOS="3570" WIDTH="532">
<String CONTENT="alors dans son hôtel de la rue" HEIGHT="36" HPOS="696" ID="string_tl_49" VPOS="3570" WIDTH="532"/>
</TextLine>
<TextLine BASELINE="698 3653 1231 3653" HEIGHT="38" HPOS="698" ID="tl_50" VPOS="3615" WIDTH="533">
<String CONTENT="Chantereine, où Bonaparte et" HEIGHT="38" HPOS="698" ID="string_tl_50" VPOS="3615" WIDTH="533"/>
</TextLine>
<TextLine BASELINE="696 3696 1228 3696" HEIGHT="41" HPOS="696" ID="tl_51" VPOS="3655" WIDTH="532">
<String CONTENT="elle vécurent jusqu'à l’expé¬" HEIGHT="41" HPOS="696" ID="string_tl_51" VPOS="3655" WIDTH="532"/>
</TextLine>
<TextLine BASELINE="700 3740 997 3740" HEIGHT="38" HPOS="700" ID="tl_52" VPOS="3702" WIDTH="297">
<String CONTENT="dition d’Egypte.)" HEIGHT="38" HPOS="700" ID="string_tl_52" VPOS="3702" WIDTH="297"/>
</TextLine>
</TextBlock>
<GraphicalElement HEIGHT="59" HPOS="44" ID="r_18" VPOS="30" WIDTH="974"/>
<GraphicalElement HEIGHT="40" HPOS="1018" ID="r_19" VPOS="38" WIDTH="1488"/>
<GraphicalElement HEIGHT="26" HPOS="2506" ID="r_20" VPOS="43" WIDTH="1031"/>
<GraphicalElement HEIGHT="12" HPOS="544" ID="r_21" VPOS="68" WIDTH="686"/>
<GraphicalElement HEIGHT="38" HPOS="314" ID="r_22" VPOS="432" WIDTH="2889"/>
<GraphicalElement HEIGHT="29" HPOS="528" ID="r_23" VPOS="748" WIDTH="2467"/>
<GraphicalElement HEIGHT="34" HPOS="2427" ID="r_24" VPOS="1555" WIDTH="419"/>
<GraphicalElement HEIGHT="11" HPOS="2182" ID="r_25" VPOS="1556" WIDTH="245"/>
<GraphicalElement HEIGHT="18" HPOS="2239" ID="r_26" VPOS="2183" WIDTH="646"/>
<GraphicalElement HEIGHT="15" HPOS="2251" ID="r_27" VPOS="2214" WIDTH="416"/>
<GraphicalElement HEIGHT="20" HPOS="378" ID="r_28" VPOS="3855" WIDTH="2897"/>
<GraphicalElement HEIGHT="52" HPOS="322" ID="r_29" VPOS="4526" WIDTH="1598"/>
<GraphicalElement HEIGHT="30" HPOS="2048" ID="r_30" VPOS="4560" WIDTH="1536"/>
<GraphicalElement HEIGHT="262" HPOS="52" ID="r_31" VPOS="122" WIDTH="12"/>
<GraphicalElement HEIGHT="522" HPOS="53" ID="r_32" VPOS="396" WIDTH="29"/>
<GraphicalElement HEIGHT="544" HPOS="58" ID="r_33" VPOS="932" WIDTH="38"/>
<GraphicalElement HEIGHT="254" HPOS="72" ID="r_34" VPOS="1984" WIDTH="16"/>
<GraphicalElement HEIGHT="577" HPOS="79" ID="r_35" VPOS="2260" WIDTH="21"/>
<GraphicalElement HEIGHT="484" HPOS="135" ID="r_36" VPOS="4032" WIDTH="25"/>
<GraphicalElement HEIGHT="262" HPOS="136" ID="r_37" VPOS="3706" WIDTH="13"/>
<GraphicalElement HEIGHT="1112" HPOS="246" ID="r_38" VPOS="360" WIDTH="48"/>
<GraphicalElement HEIGHT="1581" HPOS="278" ID="r_39" VPOS="1810" WIDTH="54"/>
<GraphicalElement HEIGHT="256" HPOS="303" ID="r_40" VPOS="1600" WIDTH="17"/>
<GraphicalElement HEIGHT="762" HPOS="3578" ID="r_41" VPOS="78" WIDTH="22"/>
<GraphicalElement HEIGHT="118" HPOS="3597" ID="r_42" VPOS="840" WIDTH="7"/>
<GraphicalElement HEIGHT="1538" HPOS="3601" ID="r_43" VPOS="958" WIDTH="41"/>
<GraphicalElement HEIGHT="1370" HPOS="3636" ID="r_44" VPOS="2560" WIDTH="33"/>
<GraphicalElement HEIGHT="128" HPOS="3666" ID="r_45" VPOS="3328" WIDTH="5"/>
<GraphicalElement HEIGHT="192" HPOS="3688" ID="r_46" VPOS="4288" WIDTH="11"/>
<GraphicalElement HEIGHT="64" HPOS="3659" ID="r_47" VPOS="3142" WIDTH="1"/>
<Illustration HEIGHT="3835" HPOS="513" ID="r_1" VPOS="248" WIDTH="88"/>
<Illustration HEIGHT="356" HPOS="1992" ID="r_4" VPOS="1877" WIDTH="900"/>
<Illustration HEIGHT="168" HPOS="1989" ID="r_5" VPOS="1432" WIDTH="949"/>
<Illustration HEIGHT="185" HPOS="2252" ID="r_6" VPOS="959" WIDTH="604"/>
<Illustration HEIGHT="3857" HPOS="2979" ID="r_17" VPOS="225" WIDTH="100"/>
<Illustration HEIGHT="400" HPOS="1266" ID="Image_1579275105416_864" VPOS="3329" WIDTH="1657"/>
</PrintSpace>
</Page>
</Layout>
</alto>