<?xml version="1.0" encoding="utf-8"?>
<alto xmlns="http://www.loc.gov/standards/alto/ns-v4#" xmlns:xsi="http://www.w3.org/2001/XMLSchema-instance" xsi:schemaLocation="http://www.loc.gov/standards/alto/ns-v4# https://gitlab.inria.fr/scripta/escriptorium/-/raw/develop/app/escriptorium/static/alto-4-1-baselines.xsd">
<Description>
<MeasurementUnit>pixel</MeasurementUnit><sourceImageInformation><fileName>1887_bovet_bpt6k6325943w_gt_0067.jpg</fileName></sourceImageInformation>
<OCRProcessing ID="IdOcr">
<ocrProcessingStep>
<processingDateTime>2020-11-01T17:57:45.44+01:00</processingDateTime>
<processingSoftware>
<softwareCreator>READ COOP</softwareCreator>
<softwareName>Transkribus</softwareName>
</processingSoftware>
</ocrProcessingStep>
</OCRProcessing>
</Description>
<Layout>
<Page HEIGHT="4671" ID="Page1" PHYSICAL_IMG_NR="1" WIDTH="9994">
<TopMargin HEIGHT="282" HPOS="0" VPOS="0" WIDTH="9994"/>
<LeftMargin HEIGHT="3849" HPOS="0" VPOS="282" WIDTH="1459"/>
<RightMargin HEIGHT="3849" HPOS="9536" VPOS="282" WIDTH="458"/>
<BottomMargin HEIGHT="540" HPOS="0" VPOS="4131" WIDTH="9994"/>
<PrintSpace HEIGHT="3849" HPOS="1459" VPOS="282" WIDTH="8077">
<TextBlock HEIGHT="57" HPOS="6992" ID="r_3_1" VPOS="629" WIDTH="2221">
<Shape>
<Polygon POINTS="6992 629 9213 630 9213 686 6992 685"/>
</Shape>
<TextLine BASELINE="6993 686 9214 686" HEIGHT="56" HPOS="6993" ID="tl_1" VPOS="630" WIDTH="2221">
<String CONTENT="S.1 CHEFS DE GOUVERNEMENT 5" HEIGHT="56" HPOS="6993" ID="string_tl_1" VPOS="630" WIDTH="2221"/>
</TextLine>
</TextBlock>
<TextBlock HEIGHT="142" HPOS="6989" ID="r_4_1" VPOS="907" WIDTH="2227">
<Shape>
<Polygon POINTS="6989 916 9216 907 9216 1040 6989 1049"/>
</Shape>
<TextLine BASELINE="6990 987 9214 987" HEIGHT="73" HPOS="6990" ID="tl_2" VPOS="914" WIDTH="2224">
<String CONTENT="★7★ LOUIS XII, n. à Blois, 27 juin 1462, duc d'Orléans, roi le 7 avril 1498," HEIGHT="73" HPOS="6990" ID="string_tl_2" VPOS="914" WIDTH="2224"/>
</TextLine>
<TextLine BASELINE="6992 1048 7713 1048" HEIGHT="62" HPOS="6992" ID="tl_3" VPOS="986" WIDTH="721">
<String CONTENT="m. à Paris, 1 janvier 1515." HEIGHT="62" HPOS="6992" ID="string_tl_3" VPOS="986" WIDTH="721"/>
</TextLine>
</TextBlock>
<TextBlock HEIGHT="113" HPOS="6990" ID="r_4_2" VPOS="1070" WIDTH="1038">
<Shape>
<Polygon POINTS="6990 1070 8028 1070 8028 1183 6990 1183"/>
</Shape>
<TextLine BASELINE="7042 1126 8027 1126" HEIGHT="55" HPOS="7042" ID="tl_4" VPOS="1071" WIDTH="985">
<String CONTENT="L. S., avec la souscription autographe, à sa" HEIGHT="55" HPOS="7042" ID="string_tl_4" VPOS="1071" WIDTH="985"/>
</TextLine>
<TextLine BASELINE="6991 1182 8025 1182" HEIGHT="56" HPOS="6991" ID="tl_5" VPOS="1126" WIDTH="1034">
<String CONTENT="fille (Claude de France) ; Madon (près de Blois)," HEIGHT="56" HPOS="6991" ID="string_tl_5" VPOS="1126" WIDTH="1034"/>
</TextLine>
</TextBlock>
<TextBlock HEIGHT="99" HPOS="6987" ID="r_4_3" VPOS="1179" WIDTH="1040">
<Shape>
<Polygon POINTS="6987 1179 8027 1179 8027 1278 6987 1278"/>
</Shape>
<TextLine BASELINE="6994 1237 8026 1237" HEIGHT="57" HPOS="6994" ID="tl_6" VPOS="1180" WIDTH="1032">
<String CONTENT="16 septembre, 1/2 p. in-4 oblong, trace de" HEIGHT="57" HPOS="6994" ID="string_tl_6" VPOS="1180" WIDTH="1032"/>
</TextLine>
<TextLine BASELINE="6988 1277 7275 1277" HEIGHT="37" HPOS="6988" ID="tl_7" VPOS="1240" WIDTH="287">
<String CONTENT="cachet. — P." HEIGHT="37" HPOS="6988" ID="string_tl_7" VPOS="1240" WIDTH="287"/>
</TextLine>
</TextBlock>
<TextBlock HEIGHT="81" HPOS="6989" ID="r_4_4" VPOS="1297" WIDTH="1038">
<Shape>
<Polygon POINTS="6989 1297 8027 1297 8027 1378 6989 1378"/>
</Shape>
<TextLine BASELINE="7024 1338 8026 1338" HEIGHT="40" HPOS="7024" ID="tl_8" VPOS="1298" WIDTH="1002">
<String CONTENT="Belle lettre relative à l’évêché de Comminges. En voici" HEIGHT="40" HPOS="7024" ID="string_tl_8" VPOS="1298" WIDTH="1002"/>
</TextLine>
<TextLine BASELINE="6990 1377 7148 1377" HEIGHT="30" HPOS="6990" ID="tl_9" VPOS="1347" WIDTH="158">
<String CONTENT="le texte :" HEIGHT="30" HPOS="6990" ID="string_tl_9" VPOS="1347" WIDTH="158"/>
</TextLine>
</TextBlock>
<TextBlock HEIGHT="295" HPOS="6986" ID="r_4_5" VPOS="1381" WIDTH="1041">
<Shape>
<Polygon POINTS="6986 1381 8027 1381 8027 1676 6986 1676"/>
</Shape>
<TextLine BASELINE="7026 1429 8024 1429" HEIGHT="47" HPOS="7026" ID="tl_10" VPOS="1382" WIDTH="998">
<String CONTENT="« Ma fille, j’ay receu voz lectres par ce porteur touchant" HEIGHT="47" HPOS="7026" ID="string_tl_10" VPOS="1382" WIDTH="998"/>
</TextLine>
<TextLine BASELINE="6987 1471 8025 1471" HEIGHT="48" HPOS="6987" ID="tl_11" VPOS="1423" WIDTH="1038">
<String CONTENT="la grace de ceulx qui ont esté pour l’évêché de Comminges" HEIGHT="48" HPOS="6987" ID="string_tl_11" VPOS="1423" WIDTH="1038"/>
</TextLine>
<TextLine BASELINE="6988 1507 8025 1507" HEIGHT="42" HPOS="6988" ID="tl_12" VPOS="1465" WIDTH="1037">
<String CONTENT="dont mon neveu de Foix (l’illustre Gaston, fils de la sœur" HEIGHT="42" HPOS="6988" ID="string_tl_12" VPOS="1465" WIDTH="1037"/>
</TextLine>
<TextLine BASELINE="6988 1552 8024 1552" HEIGHT="46" HPOS="6988" ID="tl_13" VPOS="1506" WIDTH="1036">
<String CONTENT="de Louis XII, tué en 1512 à la bataille de Ravenne)" HEIGHT="46" HPOS="6988" ID="string_tl_13" VPOS="1506" WIDTH="1036"/>
</TextLine>
<TextLine BASELINE="6987 1595 8024 1595" HEIGHT="47" HPOS="6987" ID="tl_14" VPOS="1548" WIDTH="1037">
<String CONTENT="vous a escript. Je suis bien d’avys que la donnez. Et à" HEIGHT="47" HPOS="6987" ID="string_tl_14" VPOS="1548" WIDTH="1037"/>
</TextLine>
<TextLine BASELINE="6988 1636 8026 1636" HEIGHT="45" HPOS="6988" ID="tl_15" VPOS="1591" WIDTH="1038">
<String CONTENT="tant Nostre Seigneur vous ait en sa saincte garde. Escript" HEIGHT="45" HPOS="6988" ID="string_tl_15" VPOS="1591" WIDTH="1038"/>
</TextLine>
<TextLine BASELINE="6987 1675 7642 1675" HEIGHT="41" HPOS="6987" ID="tl_16" VPOS="1634" WIDTH="655">
<String CONTENT="à Madon le XVIe jour de septembre." HEIGHT="41" HPOS="6987" ID="string_tl_16" VPOS="1634" WIDTH="655"/>
</TextLine>
</TextBlock>
<TextBlock HEIGHT="83" HPOS="7481" ID="r_4_6" VPOS="1676" WIDTH="330">
<Shape>
<Polygon POINTS="7481 1676 7811 1676 7811 1759 7481 1759"/>
</Shape>
<TextLine BASELINE="7482 1716 7810 1716" HEIGHT="39" HPOS="7482" ID="tl_17" VPOS="1677" WIDTH="328">
<String CONTENT="« Vostre bon père" HEIGHT="39" HPOS="7482" ID="string_tl_17" VPOS="1677" WIDTH="328"/>
</TextLine>
<TextLine BASELINE="7597 1758 7763 1758" HEIGHT="36" HPOS="7597" ID="tl_18" VPOS="1722" WIDTH="166">
<String CONTENT="« Loys. »" HEIGHT="36" HPOS="7597" ID="string_tl_18" VPOS="1722" WIDTH="166"/>
</TextLine>
</TextBlock>
<TextBlock HEIGHT="424" HPOS="6984" ID="r_4_7" VPOS="1772" WIDTH="1049">
<Shape>
<Polygon POINTS="6984 1772 8033 1772 8033 2196 6984 2196"/>
</Shape>
<TextLine BASELINE="7024 1817 8026 1817" HEIGHT="44" HPOS="7024" ID="tl_19" VPOS="1773" WIDTH="1002">
<String CONTENT="(Le comté de Comminges était situé en Guyenne et" HEIGHT="44" HPOS="7024" ID="string_tl_19" VPOS="1773" WIDTH="1002"/>
</TextLine>
<TextLine BASELINE="6987 1859 8028 1859" HEIGHT="44" HPOS="6987" ID="tl_20" VPOS="1815" WIDTH="1041">
<String CONTENT="avait pour capitale Saint-Bertrand, siège d’un évêché qui" HEIGHT="44" HPOS="6987" ID="string_tl_20" VPOS="1815" WIDTH="1041"/>
</TextLine>
<TextLine BASELINE="6986 1903 8027 1903" HEIGHT="44" HPOS="6986" ID="tl_21" VPOS="1859" WIDTH="1041">
<String CONTENT="était généralement connu sous le nom de Comminges. Il" HEIGHT="44" HPOS="6986" ID="string_tl_21" VPOS="1859" WIDTH="1041"/>
</TextLine>
<TextLine BASELINE="6985 1947 8029 1947" HEIGHT="47" HPOS="6985" ID="tl_22" VPOS="1900" WIDTH="1044">
<String CONTENT="avait été réuni à la couronne de France le 25 août 1498." HEIGHT="47" HPOS="6985" ID="string_tl_22" VPOS="1900" WIDTH="1044"/>
</TextLine>
<TextLine BASELINE="6986 1988 8030 1988" HEIGHT="45" HPOS="6986" ID="tl_23" VPOS="1943" WIDTH="1044">
<String CONTENT="Deux membres de la famille de Foix avaient été évêques" HEIGHT="45" HPOS="6986" ID="string_tl_23" VPOS="1943" WIDTH="1044"/>
</TextLine>
<TextLine BASELINE="6985 2031 8029 2031" HEIGHT="46" HPOS="6985" ID="tl_24" VPOS="1985" WIDTH="1044">
<String CONTENT="de Comminges, Pierre, de 1422 à 1440, et Jean-Baptiste," HEIGHT="46" HPOS="6985" ID="string_tl_24" VPOS="1985" WIDTH="1044"/>
</TextLine>
<TextLine BASELINE="6986 2073 8031 2073" HEIGHT="45" HPOS="6986" ID="tl_25" VPOS="2028" WIDTH="1045">
<String CONTENT="de 1471 à 1501. De plus le comté de Comminges était" HEIGHT="45" HPOS="6986" ID="string_tl_25" VPOS="2028" WIDTH="1045"/>
</TextLine>
<TextLine BASELINE="6987 2115 8032 2115" HEIGHT="45" HPOS="6987" ID="tl_26" VPOS="2070" WIDTH="1045">
<String CONTENT="limitrophe du pays de Foix. Ces deux faits expliquent l’in¬" HEIGHT="45" HPOS="6987" ID="string_tl_26" VPOS="2070" WIDTH="1045"/>
</TextLine>
<TextLine BASELINE="6986 2150 8031 2150" HEIGHT="36" HPOS="6986" ID="tl_27" VPOS="2114" WIDTH="1045">
<String CONTENT="tervention d’un membre de cette illustre famille en cette" HEIGHT="36" HPOS="6986" ID="string_tl_27" VPOS="2114" WIDTH="1045"/>
</TextLine>
<TextLine BASELINE="6987 2195 7161 2195" HEIGHT="38" HPOS="6987" ID="tl_28" VPOS="2157" WIDTH="174">
<String CONTENT="occasion.)" HEIGHT="38" HPOS="6987" ID="string_tl_28" VPOS="2157" WIDTH="174"/>
</TextLine>
</TextBlock>
<TextBlock HEIGHT="138" HPOS="6986" ID="r_7_1" VPOS="2246" WIDTH="2220">
<Shape>
<Polygon POINTS="6986 2246 9206 2246 9206 2384 6986 2384"/>
</Shape>
<TextLine BASELINE="6987 2319 9205 2319" HEIGHT="72" HPOS="6987" ID="tl_30" VPOS="2247" WIDTH="2218">
<String CONTENT="★ 8 ★ FRANÇOIS I, n. à Cognac, 12 septembre 1494, comte d’Angoulême, fils de" HEIGHT="72" HPOS="6987" ID="string_tl_30" VPOS="2247" WIDTH="2218"/>
</TextLine>
<TextLine BASELINE="6989 2383 8956 2383" HEIGHT="71" HPOS="6989" ID="tl_31" VPOS="2312" WIDTH="1967">
<String CONTENT="Louise de Savoie, roi le 1 janvier 1515, m. à Rambouillet, 31 mars 1547." HEIGHT="71" HPOS="6989" ID="string_tl_31" VPOS="2312" WIDTH="1967"/>
</TextLine>
</TextBlock>
<TextBlock HEIGHT="60" HPOS="7035" ID="r_7_2" VPOS="2394" WIDTH="2079">
<Shape>
<Polygon POINTS="7035 2394 9114 2394 9114 2454 7035 2454"/>
</Shape>
<TextLine BASELINE="7036 2453 9113 2453" HEIGHT="58" HPOS="7036" ID="tl_32" VPOS="2395" WIDTH="2077">
<String CONTENT="L. A. S. à l’empereur Charles-Quint; (fin mars 1526), 1/2 p. in-4. (Coll. Chambry.) — P." HEIGHT="58" HPOS="7036" ID="string_tl_32" VPOS="2395" WIDTH="2077"/>
</TextLine>
</TextBlock>
<TextBlock HEIGHT="129" HPOS="6984" ID="r_7_3" VPOS="2463" WIDTH="2223">
<Shape>
<Polygon POINTS="6984 2463 9207 2463 9207 2592 6984 2592"/>
</Shape>
<TextLine BASELINE="7023 2513 9206 2513" HEIGHT="49" HPOS="7023" ID="tl_33" VPOS="2464" WIDTH="2183">
<String CONTENT="Précieuse lettre écrite après sa mise en liberté. « Monsyeur mon bon frère, j'envoye ce porteur mon secretayre devers" HEIGHT="49" HPOS="7023" ID="string_tl_33" VPOS="2464" WIDTH="2183"/>
</TextLine>
<TextLine BASELINE="6985 2555 9205 2555" HEIGHT="50" HPOS="6985" ID="tl_34" VPOS="2505" WIDTH="2220">
<String CONTENT="vous pour vous fayre entendre mon arryvée et ausy de mes nouvelles, vous pryant le croyre de ce qu’il vous dyra de ma" HEIGHT="50" HPOS="6985" ID="string_tl_34" VPOS="2505" WIDTH="2220"/>
</TextLine>
<TextLine BASELINE="6985 2591 8325 2591" HEIGHT="45" HPOS="6985" ID="tl_35" VPOS="2546" WIDTH="1340">
<String CONTENT="part, et vous ferez playsir à, vostre bon frère, amy et oblygé, Françoys. »" HEIGHT="45" HPOS="6985" ID="string_tl_35" VPOS="2546" WIDTH="1340"/>
</TextLine>
</TextBlock>
<TextBlock HEIGHT="94" HPOS="7020" ID="r_7_4" VPOS="2587" WIDTH="2074">
<Shape>
<Polygon POINTS="7020 2587 9094 2587 9094 2681 7020 2681"/>
</Shape>
<TextLine BASELINE="7022 2634 9093 2634" HEIGHT="46" HPOS="7022" ID="tl_36" VPOS="2588" WIDTH="2071">
<String CONTENT="Derrière cette lettre se trouve cette note: « Lettre du roy de France à l’Empereur, receue le un d’avril 1526. »" HEIGHT="46" HPOS="7022" ID="string_tl_36" VPOS="2588" WIDTH="2071"/>
</TextLine>
<TextLine BASELINE="7021 2680 9062 2680" HEIGHT="52" HPOS="7021" ID="tl_37" VPOS="2628" WIDTH="2041">
<String CONTENT="(François I, fait prisonnier à la bataille de Pavie le 24 février 1525, avait été remis en liberté le 18 mars 1526.)" HEIGHT="52" HPOS="7021" ID="string_tl_37" VPOS="2628" WIDTH="2041"/>
</TextLine>
</TextBlock>
<TextBlock HEIGHT="144" HPOS="6985" ID="r_8_1" VPOS="2717" WIDTH="2220">
<Shape>
<Polygon POINTS="6985 2717 9205 2717 9205 2861 6985 2861"/>
</Shape>
<TextLine BASELINE="6986 2798 9204 2798" HEIGHT="80" HPOS="6986" ID="tl_38" VPOS="2718" WIDTH="2218">
<String CONTENT="★9★ HENRI II, n. à Saint-Germain-en-Laye, 31 mars 1519, roi le 31 mars 1547," HEIGHT="80" HPOS="6986" ID="string_tl_38" VPOS="2718" WIDTH="2218"/>
</TextLine>
<TextLine BASELINE="6989 2860 9082 2860" HEIGHT="74" HPOS="6989" ID="tl_39" VPOS="2786" WIDTH="2093">
<String CONTENT="m. à Paris, le 10 juillet 1559, d’une blessure reçue, le 29 juin, dans un tournoi." HEIGHT="74" HPOS="6989" ID="string_tl_39" VPOS="2786" WIDTH="2093"/>
</TextLine>
</TextBlock>
<TextBlock HEIGHT="221" HPOS="6986" ID="r_8_2" VPOS="2867" WIDTH="1227">
<Shape>
<Polygon POINTS="6986 2867 8213 2867 8213 3088 6986 3088"/>
</Shape>
<TextLine BASELINE="7040 2926 8210 2926" HEIGHT="58" HPOS="7040" ID="tl_40" VPOS="2868" WIDTH="1170">
<String CONTENT="L. S., avec la souscription et trois lignes autographes," HEIGHT="58" HPOS="7040" ID="string_tl_40" VPOS="2868" WIDTH="1170"/>
</TextLine>
<TextLine BASELINE="6989 2980 8212 2980" HEIGHT="57" HPOS="6989" ID="tl_41" VPOS="2923" WIDTH="1223">
<String CONTENT="à son oncle le duc de Ferrare (Hercule II d’Este, gen¬" HEIGHT="57" HPOS="6989" ID="string_tl_41" VPOS="2923" WIDTH="1223"/>
</TextLine>
<TextLine BASELINE="6987 3033 8208 3033" HEIGHT="57" HPOS="6987" ID="tl_42" VPOS="2976" WIDTH="1221">
<String CONTENT="dre de Louis XII); Offemont, 2 août 1553, 3/4 de p." HEIGHT="57" HPOS="6987" ID="string_tl_42" VPOS="2976" WIDTH="1221"/>
</TextLine>
<TextLine BASELINE="6989 3087 7792 3087" HEIGHT="55" HPOS="6989" ID="tl_43" VPOS="3032" WIDTH="803">
<String CONTENT="in-fol., cachet. — P. de Moncornet." HEIGHT="55" HPOS="6989" ID="string_tl_43" VPOS="3032" WIDTH="803"/>
</TextLine>
</TextBlock>
<TextBlock HEIGHT="383" HPOS="6982" ID="r_8_3" VPOS="3099" WIDTH="1228">
<Shape>
<Polygon POINTS="6982 3099 8210 3099 8210 3482 6982 3482"/>
</Shape>
<TextLine BASELINE="7021 3142 8209 3142" HEIGHT="42" HPOS="7021" ID="tl_44" VPOS="3100" WIDTH="1188">
<String CONTENT="Remerciements des bons offices qu’il lui a rendus sur la demande" HEIGHT="42" HPOS="7021" ID="string_tl_44" VPOS="3100" WIDTH="1188"/>
</TextLine>
<TextLine BASELINE="6987 3189 8208 3189" HEIGHT="46" HPOS="6987" ID="tl_45" VPOS="3143" WIDTH="1221">
<String CONTENT="de l’évêque de Lodève (Dominique de Gabre, évêque de 1547 à" HEIGHT="46" HPOS="6987" ID="string_tl_45" VPOS="3143" WIDTH="1221"/>
</TextLine>
<TextLine BASELINE="6992 3232 8208 3232" HEIGHT="47" HPOS="6992" ID="tl_46" VPOS="3185" WIDTH="1216">
<String CONTENT="1557). Henri II a ajouté ces mots de sa main : « Je ne puys tenyr" HEIGHT="47" HPOS="6992" ID="string_tl_46" VPOS="3185" WIDTH="1216"/>
</TextLine>
<TextLine BASELINE="6986 3273 8208 3273" HEIGHT="45" HPOS="6986" ID="tl_47" VPOS="3228" WIDTH="1222">
<String CONTENT="de vous dyre, mon oncle, que je me sens tant tenu et obligé à" HEIGHT="45" HPOS="6986" ID="string_tl_47" VPOS="3228" WIDTH="1222"/>
</TextLine>
<TextLine BASELINE="6985 3317 8208 3317" HEIGHT="49" HPOS="6985" ID="tl_48" VPOS="3268" WIDTH="1223">
<String CONTENT="vous des continuelz plaisirs que vous me faites que je n’en seray" HEIGHT="49" HPOS="6985" ID="string_tl_48" VPOS="3268" WIDTH="1223"/>
</TextLine>
<TextLine BASELINE="6987 3358 8209 3358" HEIGHT="47" HPOS="6987" ID="tl_49" VPOS="3311" WIDTH="1222">
<String CONTENT="jameis inguerat. » — (Leduc de Ferrare s’allia, en 1556, avec Henri II" HEIGHT="47" HPOS="6987" ID="string_tl_49" VPOS="3311" WIDTH="1222"/>
</TextLine>
<TextLine BASELINE="6986 3401 8206 3401" HEIGHT="46" HPOS="6986" ID="tl_50" VPOS="3355" WIDTH="1220">
<String CONTENT="et Paul IV contre les Espagnols; il fut nommé par le Pape général" HEIGHT="46" HPOS="6986" ID="string_tl_50" VPOS="3355" WIDTH="1220"/>
</TextLine>
<TextLine BASELINE="6985 3443 8207 3443" HEIGHT="45" HPOS="6985" ID="tl_51" VPOS="3398" WIDTH="1222">
<String CONTENT="de l’armée de l’Eglise et par le roi de France son lieutenant-général" HEIGHT="45" HPOS="6985" ID="string_tl_51" VPOS="3398" WIDTH="1222"/>
</TextLine>
<TextLine BASELINE="6983 3481 7167 3481" HEIGHT="37" HPOS="6983" ID="tl_52" VPOS="3444" WIDTH="184">
<String CONTENT="en Italie.)" HEIGHT="37" HPOS="6983" ID="string_tl_52" VPOS="3444" WIDTH="184"/>
</TextLine>
</TextBlock>
<TextBlock HEIGHT="160" HPOS="6984" ID="r_8_4" VPOS="3519" WIDTH="2223">
<Shape>
<Polygon POINTS="6984 3519 9207 3519 9207 3679 6984 3679"/>
</Shape>
<TextLine BASELINE="6985 3607 9206 3607" HEIGHT="87" HPOS="6985" ID="tl_53" VPOS="3520" WIDTH="2221">
<String CONTENT="★10★ CATHERINE DE MÉDICIS, n. à Florence, 13 avril 1519, femme de" HEIGHT="87" HPOS="6985" ID="string_tl_53" VPOS="3520" WIDTH="2221"/>
</TextLine>
<TextLine BASELINE="6989 3678 9204 3678" HEIGHT="77" HPOS="6989" ID="tl_54" VPOS="3601" WIDTH="2215">
<String CONTENT="Henri II (27 octobre 1533), régente (1560), m. au château de Blois, 5 janvier 1589." HEIGHT="77" HPOS="6989" ID="string_tl_54" VPOS="3601" WIDTH="2215"/>
</TextLine>
</TextBlock>
<TextBlock HEIGHT="112" HPOS="6987" ID="r_8_5" VPOS="3684" WIDTH="2220">
<Shape>
<Polygon POINTS="6987 3684 9207 3684 9207 3796 6987 3796"/>
</Shape>
<TextLine BASELINE="7036 3742 9206 3742" HEIGHT="57" HPOS="7036" ID="tl_55" VPOS="3685" WIDTH="2170">
<String CONTENT="L. A. S. « à la royne d’Ecosse, douyrière de France, madame ma fille » ; Saint-Germain-en-Laye." HEIGHT="57" HPOS="7036" ID="string_tl_55" VPOS="3685" WIDTH="2170"/>
</TextLine>
<TextLine BASELINE="6988 3795 8788 3795" HEIGHT="56" HPOS="6988" ID="tl_56" VPOS="3739" WIDTH="1800">
<String CONTENT="20 décembre 1583, 3/4 de p. in-fol. (Coll. d'Hervilly.) — P. de Thomas de Leu." HEIGHT="56" HPOS="6988" ID="string_tl_56" VPOS="3739" WIDTH="1800"/>
</TextLine>
</TextBlock>
<GraphicalElement HEIGHT="23" HPOS="6666" ID="r_11" VPOS="490" WIDTH="2870"/>
<GraphicalElement HEIGHT="5" HPOS="3742" ID="r_12" VPOS="672" WIDTH="208"/>
<GraphicalElement HEIGHT="17" HPOS="6869" ID="r_13" VPOS="806" WIDTH="2445"/>
<GraphicalElement HEIGHT="12" HPOS="6655" ID="r_14" VPOS="3904" WIDTH="796"/>
<GraphicalElement HEIGHT="15" HPOS="7581" ID="r_15" VPOS="3910" WIDTH="1953"/>
<GraphicalElement HEIGHT="106" HPOS="5443" ID="r_16" VPOS="2752" WIDTH="5"/>
<GraphicalElement HEIGHT="552" HPOS="6358" ID="r_17" VPOS="1862" WIDTH="11"/>
<GraphicalElement HEIGHT="244" HPOS="6373" ID="r_18" VPOS="876" WIDTH="5"/>
<GraphicalElement HEIGHT="144" HPOS="6378" ID="r_19" VPOS="476" WIDTH="5"/>
<GraphicalElement HEIGHT="3844" HPOS="6861" ID="r_20" VPOS="282" WIDTH="22"/>
<GraphicalElement HEIGHT="3834" HPOS="9315" ID="r_21" VPOS="297" WIDTH="18"/>
<GraphicalElement HEIGHT="2" HPOS="4875" ID="r_22" VPOS="655" WIDTH="56"/>
<Illustration HEIGHT="3182" HPOS="1459" ID="r_2" VPOS="657" WIDTH="3281"/>
<Illustration HEIGHT="1221" HPOS="8117" ID="r_6" VPOS="993" WIDTH="1061"/>
<Illustration HEIGHT="571" HPOS="8285" ID="r_9" VPOS="2890" WIDTH="912"/>
</PrintSpace>
</Page>
</Layout>
</alto>