3735 4647
572 571 2251 97 S. 1 CHEFS DE GOUVERNEMENT 25

597 866 2230 97 ★53★ PHILIPPE II, n. à Valladolid, 21 mai 1627, fils unique de l’empereur

601 935 1925 93 Charles-Quint, roi d’Espagne (25 octobre 1555), m. 13 septembre 1598.

651 1024 2177 86 L. A. S. à la Reine (Catherine de Médicis, sa belle-mère) ; (septembre 1570), 1 p. 1/2 in-fol., cachet.

602 1089 827 61 — P. de Gunst d’après van der Werff.

642 1160 2190 80 Importante lettre historique. Il pourrait se montrer offensé de quelques paroles de la dernière lettre de la Reine, que lui

606 1200 2230 81 a remise l’ambassadeur Fourquevaux (Raimond de Beccarie de Ravie, baron de Fourquevaux, n. 1509, m. 1574), mais il

607 1242 2230 80 n’insistera pas par égard pour sa belle-mère. Il promet d’appuyer le projet de mariage de Sébastien de Portugal avec Mar¬

607 1284 2231 78 guerite de Valois. Il est mécontent de la paix que le roi de France a conclue avec les rebelles, car elle est, dit-il, contraire

609 1324 2228 74 aux intérêts de la couronne, et, ce qui est plus grave, aux choses de la religion. — (La paix avait été conclue avec les

611 1366 2228 79 Huguenots, le 8 août 1570, à Saint-Germain-en-Laye. Le projet de mariage de Marguerite de Valois avec le roi de Portugal

612 1409 1968 74 n'eut pas de suites : Marguerite épousa, le 18 août 1572, son cousin le prince de Navarre, depuis Henri IV.)

647 2814 2226 102 ★54★ PHILIPPE V, n. à Versailles, 19 décembre 1683, duc d’Anjou, petit-fils de

651 2883 1983 99 Louis XIV, roi d’Espagne (24 novembre 1700), m. à Madrid, 9 juillet 1746.

702 2986 1023 66 L. A. S. à l’électeur de Bavière, son oncle;

654 3040 1074 64 Madrid, 16 décembre 1706, 1 p. in-4, enveloppe

654 3098 793 58 et cachet. (Coll. Dubrunfaut.) — P.

690 3178 1041 52 Il lui demande vingt hommes choisis pour rendre sa com¬

659 3221 1073 53 pagnie des gardes du corps wallonnes complète. « Vous me

657 3264 1075 52 ferez plaisir de les tirer de la cavallerie de la mesme nation

657 3305 1077 53 qui est sous vos ordres. J’ay chargé le sieur Duveland, qui

658 3347 1074 49 vous rendra cette lettre, de les conduire icy, et je profite en¬

660 3392 1076 50 core avec plaisir de cette occasion pour vous renouveller les

661 3431 1073 50 asseurances de l’estime et de l’amitié que j’ay pour vous. »

661 3476 1075 54 — (Maximilien-Emmanuel, n. 1662, électeur de Bavière en

667 3518 1072 56 1679, était l’allié de Louis XIV. Ayant, dans la guerre de

664 3560 1073 52 la succession d’Espagne, pris parti pour le duc d’Anjou, il

664 3604 1075 51 avait été chassé de ses Etats en 1704 et s’était réfugié en

664 3647 1076 51 France. Il ne rentra dans son électorat qu’en 1714, après la

666 3694 643 48 paix d’Utrecht, et mourut en 1726.)

2863 3979 52 50 7
