3637 4663
830 593 2199 53 16 CHEFS DE GOUVERNEMENT S.i

806 892 2227 62 ★32★ MARIE LOUISE D’AUTRICHE, n. à Vienne (Autriche), 12 décembre

814 959 2217 65 1791, fille aînée de l’empereur d’Autriche François I, seconde femme de Napoléon I

807 1027 2021 64 (1 avril 1810), duchesse de Parme (1814), m. à Vienne, 18 décembre 1847.

859 1115 2182 49 L. A. S. à la comtesse Du Perron, à Turin; Aix-en-Savoie, 31 juillet 1814, 3/4 de p. in-8,

807 1172 1080 51 enveloppe et cachet. (Coll. Dubrunfaut.) — P.

842 1250 1514 39 Jolie lettre, écrite pendant la première restauration. Elle la remercie des marques

805 1291 1552 42 d'attachement qu’elle lui a données et l’assure des sentiments d’estime et de considé¬

809 1335 889 41 ration qu’elle lui a voués et qu’elle lui conserve.

809 1438 2233 71 ★33★ NAPOLÉON II (François-Charles-Joseph Bonaparte, dit), n. à Paris, 20

809 1514 2234 62 mars 1811, fils unique de Napoléon I et de Marie-Louise, roi de Rome, duc de

813 1584 755 59 Reichstadt (22 juillet 1818),

815 1649 754 62 m. à Schoenbrunn près de

814 1721 617 53 Vienne, 22 juillet 1832.

860 1804 709 47 Minute de lettre aut. sig., avec

812 1858 758 46 ratures et corrections, à un gé¬

812 1908 755 50 néral; Vienne, 10 janvier 1829,

818 1965 430 48 1 p. 1/2 in-4. — P.

845 2041 725 32 Remercîments de ses vœux de bonne

809 2083 762 32 année. Nouvelles de ses études et de la

807 2124 762 40 cour. Ses études de jurisprudence sont

806 2168 763 41 interrompues, mais ses études militaires

807 2213 761 39 ne feront qu’y gagner. « Notre carneval

803 2256 766 38 ne sera pas si animée que les années pré¬

800 2298 768 39 cédentes, mais en tout cas pas plus brillant

803 2342 765 40 pour moi que pour vous; on m’a défendu

798 2385 769 39 la danse pour prévenir chaque affection

800 2428 769 38 poitrinaire. » — (On sait que le prince

798 2470 647 38 mourut d’une affection de poitrine.)

807 2584 2241 64 ★34★ LOUIS XVIII, n. à Versailles, 17 novembre 1755, comte de Provence, frère

799 2651 2109 61 cadet de Louis XVI, roi le 25 avril 1814, m. à Paris, 16 septembre 1824.

849 2741 1730 50 L. A. S. à Willot; Mitau, 23 septembre 1799, 1/2 p. in-4. — P. de Le Beau.

833 2817 1854 43 Il le remercie de ses offres de service. « Je connois de même votre zèle et vos talens; j’y compte avec

795 2858 1891 42 confiance et je m’occupe des moyens de les rendre de plus en plus utiles à l’Etat.» — (Il s'agit sans doute

795 2900 1892 40 du général Willot, qui avait été déporté à Sinamary après le 18 fructidor et s’était évadé avec Pichegru.)

799 3003 2246 69 ★35★ CHARLES X, n. à Versailles, 9 octobre 1757, comte d’Artois, frère et

797 3072 2246 65 successeur de Louis XVIII, roi le 16 septembre 1824, détrôné le 29 juillet 1830,

798 3140 1123 60 m. à Goritz (Autriche), 6 novembre 1836.

848 3232 2194 54 L. A. S. au comte de Rayneval, à Vienne; Lullworth-Parc (Angleterre), 24 août 1830, 3/4 de p.

797 3288 1059 48 in-4, cachet. — P. de Freschi et de Perrot fils.

832 3366 2212 42 Curieuse lettre, écrite alors qu'il venait d’arriver en Angleterre après la révolution de juillet. Il le remercie de sa conduite

795 3406 2249 44 dans les circonstances actuelles et il lui demande de donner au baron de Kentzinger, qu’il envoie à Vienne, des conseils sur

796 3449 2247 43 ce qu’il aura à faire vis-à-vis du prince de Metternich et ensuite auprès de l’empereur. « Je prévois que vous ne pourrés

797 3490 1569 45 pas garder un caractère officiel, mais vous n’en serés pas moins à portée de me servir

797 3529 1568 49 dans cette triste occasion avec le zèle et les moyens dont vous m’avés déjà donné

797 3570 1567 50 tant de preuves. » — (François-Maximilien Gérard, comte de Rayneval, avait été

798 3614 1565 47 nommé, en octobre 1829, ambassadeur à Vienne par Charles X II fut remplacé, en

797 3653 1567 49 effet, dans ce poste, après la révolution de Juillet. Il vécut quelque temps dans la

797 3696 1566 45 retraite, puis consentit à servir le nouveau gouvernement et accepta, en février 1832,

798 3738 1476 44 l'ambassade d’Espagne. Il mourut dans ces fonctions à Madrid, le 16 août 1836.)
