3598 4663
812 591 2219 58 26 CHEFS DE GOUVERNEMENT S.1

806 887 2225 66 ★55★ CHARLES IV, n. à Naples, 12 novembre 1748, roi d’Espagne (décembre

814 957 1206 62 1788), dépossédé par Napoléon I en 1808,

805 1024 837 61 m. à Rome, 28 novembre 1819.

854 1107 1172 52 L. A. S., en français, à Louis XVIII ; Rome, 12 mai

809 1162 1063 52 1814, 3/4 de p. in-4, enveloppe et cachet. — P.

839 1233 1187 39 Superbe lettre de félicitations sur la restauration de Louis XVIII.

804 1277 1224 39 « Monsieur mon frère et cousin, cessèrent enfin les malheurs qui ont

802 1319 1222 42 si cruellement persécuté notre famille, et je suis maintenant la der¬

800 1361 1224 34 nière victime. V. M. est rentrée au trône de ses ancêtres. Ce chan¬

800 1405 1226 39 gement fortuné va faire couler sur la France des jours paisibles et

800 1447 1225 41 tranquiles, possédant pour son chef un père si tendre et si juste, et

798 1492 1226 40 votre règne sera pour elle le retour du bonheur et de la paix qui

798 1533 1226 40 avoit disparu depuis longtemps par les convoitions soufertes sous le

796 1577 420 37 joug du despotisme... »

798 1649 2231 67 ★56★ BONAPARTE (Joseph), n. à Corte (Corse), 7 janvier 1768, frère aîné de

799 1716 1894 65 Napoléon I, roi d’Espagne (6 juin 1808), m. à Florence, 28 juillet 1844.

848 1798 2175 61 L. A. S. au comte (Lacuée); Londres, 26 décembre 1832, 1 p, 1/4 in-4. (Coll. Dubrunfaut.) — P.

830 1867 926 35 Intéressante lettre où il raconte une courte entrevue

794 1905 957 41 avec Mérimée. « Les ouvrages que j'ai lus en Amé¬

794 1951 956 41 rique me prévenoient assez en sa faveur pour me

793 1992 957 38 donner le désir de le voir longtems, mais notre con¬

791 2034 957 40 versation n’a pas été longue; sa visite a été courte,

792 2077 953 39 et il ne m’a pas donné le moien de le revoir encore.

791 2119 956 38 Il s'est refusé aux invitations que je lui ai faites de

790 2162 955 39 venir diner avec moi et je ne dois le voir qu’un

790 2205 954 38 moment aujourd’hui pour lui remettre cette lettre,

789 2247 899 40 qu’il veut absolument venir chercher lui-même. »

790 2323 2231 69 ★57★ ALPHONSE XII, n. 28 novembre 1857, fils de la reine Isabelle II, roi

789 2393 817 62 d’Espagne (29 décembre 1874.)

838 2476 856 49 L. S. au cardinal Caverot, arche¬

787 2530 906 52 vêque de Lyon; Madrid, 31 décembre

793 2585 867 50 1879, 1 p. in-4, papier armorié. — P.

823 2657 867 38 Il le remercie des félicitations qu’il lui a adres¬

787 2700 681 30 sées à l’occasion de la nouvelle année.

1503 3007 802 64 ANGLETERRE

786 3163 2234 64 ★58★ HENRI VIII, n. à Greenwich, 28 juin 1491, roi d’Angleterre (22 avril 1509),

786 3232 860 62 m. à Londres, 28 janvier 1547.

835 3317 814 50 L. S., en latin, avec la souscription

785 3372 865 50 autographe, au prince Wolfgang d’An¬

786 3421 863 54 halt (n. 1492, prince en 1508, chassé de

786 3476 863 54 ses Etats en 1532, rétabli dans sa prin¬

786 3525 862 57 cipauté en 1552, m. 1566) ; Londres,

788 3578 863 56 24 janvier 1531, 1/2 p. in-fol. Taches

787 3633 685 52 d’eau et raccommodages. — P.

823 3698 829 44 Lettre de créance pour le docteur Craymer,

786 3740 721 39 son ambassadeur auprès de l’Empereur.
