3610 4663
832 593 2224 63 24 CHEFS DE GOUVERNEMENT S.1

1630 891 628 59 ESPAGNE

830 1027 2228 62 ★51★ FERDINAND V, n. 10 mars 1452, fils du roi d’Aragon Jean II, roi de

827 1091 2228 66 Castille (1474) et d’Aragon (1479), dit le Catholique, m. à Madrigalejo, 23 janvier 1516.

831 1157 1938 62 Il est considéré comme le véritable fondateur de la monarchie espagnole.

878 1247 2184 57 L. S., sig. aussi par sa femme Isabelle de Castille (n. 1451, épouse de Ferdinand en 1469, l’il¬

824 1301 2237 56 lustre protectrice de Christophe Colomb, m. 1504), à don Juan de Ribera, corregidor de la province

825 1354 2234 58 de Guipuzcoa et capitaine général de la frontière de Navarre; Barcelone, 7 décembre 1493, 1/2 p.

827 1407 1791 60 in-fol. oblong, cachet. Superbe pièce, dans un magnifique état de conservation.

862 1484 2199 50 Les rois catholiques, informés que le duc de Nagera fait élever une forteresse à Cenicero, lieu de ses domaines, voisin

824 1526 2238 51 de la ville de Logrono, enjoignent à leur capitaine général d’empêcher cette construction et au besoin de faire détruire la

825 1570 2182 52 partie déjà édifiée, au cas où le duc ne pourrait présenter aucun ordre royal l’autorisant à procéder à ladite construction.

814 3153 2239 69 ★52★ PHILIPPE I, n. à Bruges, 22 juillet 1478, fils de Maximilien I, petit-fils

812 3221 2241 69 de Charles le Téméraire, époux de Jeanne la Folle, roi de Castille (juin 1504), dit

814 3293 1151 64 le Beau, m. à Burgos, 25 septembre 1506.

865 3384 1103 53 L. S., contresignée par Pedro XIMENEZ, à Ro¬

815 3437 1149 52 drigo de Villalpando, alcade de Vezilla; la Corogne,

817 3492 833 51 27 mai 1506, 1/2 p. in-fol. Très rare.

849 3566 1119 44 Superbe lettre où il lui ordonne de prendre possession en son

814 3608 1154 44 nom de la forteresse de la ville de Vezilla, jusqu’au règlement

813 3652 1156 41 des débats qui se sont élevés touchant la possession de la dite

812 3693 1157 40 forteresse entre les héritiers du marquis d’Astorga et la comtesse

816 3735 743 39 d’Osorno. Importants détails historiques.
