3601 4648
782 577 2218 56 10 CHEFS DE GOUVERNEMENT S.1

772 875 2227 63 ★ 18 ★ LOUIS XIII, n. à Fontainebleau, 27 septembre 1601, fils de Henri IV, roi

774 944 1506 60 le 14 mai 1610, m. à Saint-Germain-en-Laye, 14 mai 1643.

823 1033 1462 51 L. A. S. à M. de Bullion (surintendant des finances); Saint-

772 1087 1300 53 Germain-en-Laye, 11 décembre 1640, 1 p. pl. in-4. — P.

810 1165 1475 42 Pièce historique où il lui ordonne de n’expédier aucune affaire ni aucun don au

773 1207 1512 42 sieur de Cinq-Mars, son grand-écuyer, sans son exprès commandement. — (On voit que

773 1249 1513 42 Cinq-Mars, qui ne fut arrêté qu’au mois de juin de l’année 1642, était depuis

771 1294 686 40 longtemps déjà suspect à Louis XIII.)

771 1404 2232 68 ★19★ ANNE D’AUTRICHE, n. 22 septembre 1601, fille du roi d'Espagne

772 1471 2230 70 Philippe III et de Marguerite d’Autriche, femme de Louis XIII (25 octobre 1615),

768 1536 2082 70 régente pendant la minorité de Louis XIV (1643), m. à Paris, 20 janvier 1666.

817 1625 2187 60 L. A. S. à sa belle-sœur la princesse de Piémont (Chrestienne de France, fille de Henri IV et femme

767 1689 949 50 de Victor-Amédée I, duc de Savoie);

770 1744 948 50 Paris, 2 mai 1629, 3/4 de p. in-4, cachets

767 1797 949 49 et soies. (Coll. Pécard.) — P. de Daret.

805 1874 914 37 Superbe lettre où elle marque sa joie de l’entrevue

769 1915 947 38 que le Roi a eue avec sa sœur; elle exprime en

768 1957 949 38 même temps ses regrets de n’y avoir pas été présente.

768 2077 2232 64 ★20★ LOUIS XIV, n. à Saint-Germain-en-Laye, 5 septembre 1638, fils des précé¬

767 2145 2235 63 dents, roi le 14 mai 1643, dit le Grand, m. à Versailles, 1 septembre 1715. Comme Pé¬

766 2213 2231 62 riclès, Auguste et Léon X, il donna son nom à un des quatre grands siècles de l’histoire.

819 2304 2182 53 1° L. S. au marquis de Bellefonds (Bernardin Gigault, n. 1630, maréchal de France en 1668,

763 2358 1080 53 m. 1694); Paris, 22 février 1664, 1 p. in-4, ca¬

763 2413 776 51 chets et soies. Légère tache. — P.

798 2493 1044 39 Belle lettre où il lui mande que la signature du traité de

761 2533 1081 40 Pise (conclu avec le Pape le 12 février) ne lui laisse rien à

760 2576 1082 40 répliquer à ce qu’il lui marquait de la qualité du chemin de

762 2618 366 38 Bologne à Florence.

813 2690 1028 54 2° L. aut. à sa belle-sœur (Henriette d’Angle¬

763 2744 1076 52 terre, duchesse d’Orléans, fille du roi Charles I

762 2798 1078 53 et de Henriette-Marie de France, mariée, en

768 2851 1072 55 1661, à Philippe d’Orléans, frère unique de

765 2903 1077 57 Louis XIV); Dijon, 5 février 1668, 1 p. in-4,

758 2959 1081 57 cachets brisés. Légères taches. (Coll. Chambry.)

796 3025 1046 58 Précieuse pièce. Épître d’un tour galant à sa belle-sœur,

760 3082 678 38 dont il était épris. En voici le texte :

797 3125 2202 46 « Si je ne vous aimois fort, je ne vous escrirois pas, car je n'ai rien à vous dire après les nouvelles que j’ai mandées à

759 3167 2242 45 mon frère (Philippe, duc d'Orléans), mais je suis bien aise de vous confirmer ce que je vous ai dit, qui est que j’ai autant

757 3209 2244 46 d’amitié pour vous que vous le pouvés souhaitter. Soiés persuadée de ce que je vous confirme par cette lettre et faitte mes

759 3253 2241 43 complimens, s’il vous plaist, à Mesdames de Monaco et de Tianges. » — (Il s’agit de Catherine-Charlotte de Gramont,

759 3293 2242 46 femme de Louis Grimaldi, prince de Monaco, et de Gabrielle de Rochechouart-Mortemart, marquise de Thianges, sœur

760 3334 559 42 de la marquise de Montespan.)

763 3460 2235 68 ★21★ LOUIS XV, n. à Versailles, 15 février 1710, arrière petit-fils et successeur

762 3518 2050 74 du précédent, roi le 1 septembre 1715, m. dans la même ville, 10 mai 1774.

815 3609 2182 61 L. A. S. à son cousin le comte de Clermont (abbé de Saint-Germain-des-Prés, lieutenant-général,

764 3663 2230 63 membre de l'Académie française, n. 1709, m. 1771) ; Versailles, 7 avril 1758, 1/2 p. in-4, cachet.

764 3717 364 38 — P. de Daullé.
