<?xml version="1.0" encoding="utf-8"?>
<alto xmlns="http://www.loc.gov/standards/alto/ns-v4#" xmlns:xsi="http://www.w3.org/2001/XMLSchema-instance" xsi:schemaLocation="http://www.loc.gov/standards/alto/ns-v4# https://gitlab.inria.fr/scripta/escriptorium/-/raw/develop/app/escriptorium/static/alto-4-1-baselines.xsd">
<Description>
<MeasurementUnit>pixel</MeasurementUnit><sourceImageInformation><fileName>1887_bovet_bpt6k6325943w_gt_0065.jpg</fileName></sourceImageInformation>
<OCRProcessing ID="IdOcr">
<ocrProcessingStep>
<processingDateTime>2020-11-01T17:57:44.453+01:00</processingDateTime>
<processingSoftware>
<softwareCreator>READ COOP</softwareCreator>
<softwareName>Transkribus</softwareName>
</processingSoftware>
</ocrProcessingStep>
</OCRProcessing>
</Description>
<Layout>
<Page HEIGHT="4694" ID="Page1" PHYSICAL_IMG_NR="1" WIDTH="3611">
<TopMargin HEIGHT="47" HPOS="0" VPOS="0" WIDTH="3611"/>
<LeftMargin HEIGHT="4580" HPOS="0" VPOS="47" WIDTH="0"/>
<RightMargin HEIGHT="4580" HPOS="3529" VPOS="47" WIDTH="82"/>
<BottomMargin HEIGHT="67" HPOS="0" VPOS="4627" WIDTH="3611"/>
<PrintSpace HEIGHT="4580" HPOS="0" VPOS="47" WIDTH="3529">
<TextBlock HEIGHT="68" HPOS="799" ID="r_1_1" VPOS="613" WIDTH="2227">
<Shape>
<Polygon POINTS="799 613 3026 613 3026 681 799 681"/>
</Shape>
<TextLine BASELINE="800 680 3025 680" HEIGHT="66" HPOS="800" ID="tl_1" VPOS="614" WIDTH="2225">
<String CONTENT="4 CHEFS DE GOUVERNEMENT S.1" HEIGHT="66" HPOS="800" ID="string_tl_1" VPOS="614" WIDTH="2225"/>
</TextLine>
</TextBlock>
<TextBlock HEIGHT="199" HPOS="796" ID="r_2_1" VPOS="904" WIDTH="2233">
<Shape>
<Polygon POINTS="796 904 3029 904 3029 1103 796 1103"/>
</Shape>
<TextLine BASELINE="797 966 3026 966" HEIGHT="61" HPOS="797" ID="tl_2" VPOS="905" WIDTH="2229">
<String CONTENT="★3★ MARIE D’ANJOU, n. 14 octobre 1404, fille du duc d’Anjou Louis II" HEIGHT="61" HPOS="797" ID="string_tl_2" VPOS="905" WIDTH="2229"/>
</TextLine>
<TextLine BASELINE="799 1035 3028 1035" HEIGHT="63" HPOS="799" ID="tl_3" VPOS="972" WIDTH="2229">
<String CONTENT="et d’Yolande d’Aragon, femme de Charles VII (avril 1422), m. dans l’abbaye de" HEIGHT="63" HPOS="799" ID="string_tl_3" VPOS="972" WIDTH="2229"/>
</TextLine>
<TextLine BASELINE="797 1102 1884 1102" HEIGHT="64" HPOS="797" ID="tl_4" VPOS="1038" WIDTH="1087">
<String CONTENT="Chatelliers en Poitou, 29 novembre 1463." HEIGHT="64" HPOS="797" ID="string_tl_4" VPOS="1038" WIDTH="1087"/>
</TextLine>
</TextBlock>
<TextBlock HEIGHT="53" HPOS="847" ID="r_2_2" VPOS="1127" WIDTH="1369">
<Shape>
<Polygon POINTS="847 1127 2216 1127 2216 1180 847 1180"/>
</Shape>
<TextLine BASELINE="848 1179 2215 1179" HEIGHT="51" HPOS="848" ID="tl_5" VPOS="1128" WIDTH="1367">
<String CONTENT="P. S.; Montilz-lès-Tours, 11 mai 1452, 1/2 p. in-4 oblong." HEIGHT="51" HPOS="848" ID="string_tl_5" VPOS="1128" WIDTH="1367"/>
</TextLine>
</TextBlock>
<TextBlock HEIGHT="52" HPOS="797" ID="r_2_3" VPOS="1183" WIDTH="841">
<Shape>
<Polygon POINTS="797 1183 1638 1183 1638 1235 797 1235"/>
</Shape>
<TextLine BASELINE="798 1234 1637 1234" HEIGHT="50" HPOS="798" ID="tl_6" VPOS="1184" WIDTH="839">
<String CONTENT="Rognée dans une marge. Rare. — P." HEIGHT="50" HPOS="798" ID="string_tl_6" VPOS="1184" WIDTH="839"/>
</TextLine>
</TextBlock>
<TextBlock HEIGHT="125" HPOS="793" ID="r_2_4" VPOS="1260" WIDTH="1427">
<Shape>
<Polygon POINTS="793 1260 2220 1260 2220 1385 793 1385"/>
</Shape>
<TextLine BASELINE="832 1301 2217 1301" HEIGHT="40" HPOS="832" ID="tl_7" VPOS="1261" WIDTH="1385">
<String CONTENT="Elle s'engage à faire payer à Jean Pasquier. receveur du quart du sel de" HEIGHT="40" HPOS="832" ID="string_tl_7" VPOS="1261" WIDTH="1385"/>
</TextLine>
<TextLine BASELINE="796 1344 2219 1344" HEIGHT="41" HPOS="796" ID="tl_8" VPOS="1303" WIDTH="1423">
<String CONTENT="Poitou, la somme de vingt écus que celui-ci lui a baillée comptant « pour" HEIGHT="41" HPOS="796" ID="string_tl_8" VPOS="1303" WIDTH="1423"/>
</TextLine>
<TextLine BASELINE="794 1384 1370 1384" HEIGHT="38" HPOS="794" ID="tl_9" VPOS="1346" WIDTH="576">
<String CONTENT="faire nostre plaisir et voulenté. »" HEIGHT="38" HPOS="794" ID="string_tl_9" VPOS="1346" WIDTH="576"/>
</TextLine>
</TextBlock>
<TextBlock HEIGHT="131" HPOS="794" ID="r_4_1" VPOS="1454" WIDTH="2236">
<Shape>
<Polygon POINTS="794 1454 3030 1454 3030 1585 794 1585"/>
</Shape>
<TextLine BASELINE="796 1520 3029 1520" HEIGHT="65" HPOS="796" ID="tl_10" VPOS="1455" WIDTH="2233">
<String CONTENT="★4★ LOUIS XI, n. à Bourges, 3 juillet 1423, roi le 21 juillet 1461, fils et" HEIGHT="65" HPOS="796" ID="string_tl_10" VPOS="1455" WIDTH="2233"/>
</TextLine>
<TextLine BASELINE="795 1584 2904 1584" HEIGHT="62" HPOS="795" ID="tl_11" VPOS="1522" WIDTH="2109">
<String CONTENT="successeur de Charles VII, m. au château du Plessis-lès-Tours, 30 août 1483." HEIGHT="62" HPOS="795" ID="string_tl_11" VPOS="1522" WIDTH="2109"/>
</TextLine>
</TextBlock>
<TextBlock HEIGHT="110" HPOS="793" ID="r_4_2" VPOS="1612" WIDTH="2236">
<Shape>
<Polygon POINTS="793 1612 3029 1612 3029 1722 793 1722"/>
</Shape>
<TextLine BASELINE="844 1664 3028 1664" HEIGHT="51" HPOS="844" ID="tl_12" VPOS="1613" WIDTH="2184">
<String CONTENT="L. S. au duc de Milan (Galeazzo-Maria Sforza, n. à Fermo en 1444, duc en 1466, assassiné le 26 dé¬" HEIGHT="51" HPOS="844" ID="string_tl_12" VPOS="1613" WIDTH="2184"/>
</TextLine>
<TextLine BASELINE="794 1721 2305 1721" HEIGHT="53" HPOS="794" ID="tl_13" VPOS="1668" WIDTH="1511">
<String CONTENT="cembre 1476); Orléans,27 mars (1467), 1/2 p.in-4 oblong, cachet. — P." HEIGHT="53" HPOS="794" ID="string_tl_13" VPOS="1668" WIDTH="1511"/>
</TextLine>
</TextBlock>
<TextBlock HEIGHT="420" HPOS="790" ID="r_4_3" VPOS="1745" WIDTH="1517">
<Shape>
<Polygon POINTS="790 1745 2307 1745 2307 2165 790 2165"/>
</Shape>
<TextLine BASELINE="828 1788 2304 1788" HEIGHT="42" HPOS="828" ID="tl_14" VPOS="1746" WIDTH="1476">
<String CONTENT="Lettre de créance pour Gaston du Lyon, sénéchal de Saintonge, et Jean Phi¬" HEIGHT="42" HPOS="828" ID="string_tl_14" VPOS="1746" WIDTH="1476"/>
</TextLine>
<TextLine BASELINE="792 1830 2306 1830" HEIGHT="42" HPOS="792" ID="tl_15" VPOS="1788" WIDTH="1514">
<String CONTENT="lippe, président des Comptes du Dauphiné. « Nous envoyons présentement par" HEIGHT="42" HPOS="792" ID="string_tl_15" VPOS="1788" WIDTH="1514"/>
</TextLine>
<TextLine BASELINE="793 1864 2304 1864" HEIGHT="34" HPOS="793" ID="tl_16" VPOS="1830" WIDTH="1511">
<String CONTENT="devers vous nos amez et féaulx conseilliers Gaston du Léon, nostre chambellan" HEIGHT="34" HPOS="793" ID="string_tl_16" VPOS="1830" WIDTH="1511"/>
</TextLine>
<TextLine BASELINE="792 1912 2305 1912" HEIGHT="43" HPOS="792" ID="tl_17" VPOS="1869" WIDTH="1513">
<String CONTENT="et seneschal de Xaintonge, et maistre Jehan Phelippes, présidant de noz comptes" HEIGHT="43" HPOS="792" ID="string_tl_17" VPOS="1869" WIDTH="1513"/>
</TextLine>
<TextLine BASELINE="792 1953 2303 1953" HEIGHT="42" HPOS="792" ID="tl_18" VPOS="1911" WIDTH="1511">
<String CONTENT="du Dauphiné, ausquelz avons chargié vous dire de par nous aucunes choses. Si" HEIGHT="42" HPOS="792" ID="string_tl_18" VPOS="1911" WIDTH="1511"/>
</TextLine>
<TextLine BASELINE="792 1996 2305 1996" HEIGHT="46" HPOS="792" ID="tl_19" VPOS="1950" WIDTH="1513">
<String CONTENT="vous prie que les veuillés croire et adjouster plaine foy et créance à ce qu'ilz vous" HEIGHT="46" HPOS="792" ID="string_tl_19" VPOS="1950" WIDTH="1513"/>
</TextLine>
<TextLine BASELINE="792 2037 2306 2037" HEIGHT="45" HPOS="792" ID="tl_20" VPOS="1992" WIDTH="1514">
<String CONTENT="diront de nostre part... » — (Gaston du Lyon avait été un des fidèles servi¬" HEIGHT="45" HPOS="792" ID="string_tl_20" VPOS="1992" WIDTH="1514"/>
</TextLine>
<TextLine BASELINE="791 2078 2304 2078" HEIGHT="45" HPOS="791" ID="tl_21" VPOS="2033" WIDTH="1513">
<String CONTENT="teurs du dauphin Louis et il en avait été récompensé, lors de l’avènement de" HEIGHT="45" HPOS="791" ID="string_tl_21" VPOS="2033" WIDTH="1513"/>
</TextLine>
<TextLine BASELINE="792 2121 2302 2121" HEIGHT="46" HPOS="792" ID="tl_22" VPOS="2075" WIDTH="1510">
<String CONTENT="Louis XI, par la charge de sénéchal de Saintonge. Il devint, en 1469, sénéchal" HEIGHT="46" HPOS="792" ID="string_tl_22" VPOS="2075" WIDTH="1510"/>
</TextLine>
<TextLine BASELINE="791 2164 1449 2164" HEIGHT="39" HPOS="791" ID="tl_23" VPOS="2125" WIDTH="658">
<String CONTENT="de Toulouse et mourut après 1490.)" HEIGHT="39" HPOS="791" ID="string_tl_23" VPOS="2125" WIDTH="658"/>
</TextLine>
</TextBlock>
<TextBlock HEIGHT="143" HPOS="789" ID="r_6_1" VPOS="2225" WIDTH="2250">
<Shape>
<Polygon POINTS="789 2230 3039 2225 3039 2363 789 2368"/>
</Shape>
<TextLine BASELINE="790 2296 3039 2296" HEIGHT="70" HPOS="790" ID="tl_24" VPOS="2226" WIDTH="2249">
<String CONTENT="★5★ CHARLES VIII, n. à Amboise, 30 juin 1470, fils du précédent, roi le" HEIGHT="70" HPOS="790" ID="string_tl_24" VPOS="2226" WIDTH="2249"/>
</TextLine>
<TextLine BASELINE="792 2367 1920 2367" HEIGHT="64" HPOS="792" ID="tl_25" VPOS="2303" WIDTH="1128">
<String CONTENT="30 août 1483, m. à Amboise, 7 avril 1498." HEIGHT="64" HPOS="792" ID="string_tl_25" VPOS="2303" WIDTH="1128"/>
</TextLine>
</TextBlock>
<TextBlock HEIGHT="168" HPOS="785" ID="r_6_2" VPOS="2392" WIDTH="1268">
<Shape>
<Polygon POINTS="785 2392 2053 2392 2053 2560 785 2560"/>
</Shape>
<TextLine BASELINE="836 2448 2050 2448" HEIGHT="55" HPOS="836" ID="tl_26" VPOS="2393" WIDTH="1214">
<String CONTENT="L. S. aux conseillers et gens de ses comptes à Paris;" HEIGHT="55" HPOS="836" ID="string_tl_26" VPOS="2393" WIDTH="1214"/>
</TextLine>
<TextLine BASELINE="786 2504 2052 2504" HEIGHT="56" HPOS="786" ID="tl_27" VPOS="2448" WIDTH="1266">
<String CONTENT="Amboise, 4 octobre (1483), 3/4 de p. in-4. Jaunie sur les" HEIGHT="56" HPOS="786" ID="string_tl_27" VPOS="2448" WIDTH="1266"/>
</TextLine>
<TextLine BASELINE="789 2559 1094 2559" HEIGHT="46" HPOS="789" ID="tl_28" VPOS="2513" WIDTH="305">
<String CONTENT="marges. — P." HEIGHT="46" HPOS="789" ID="string_tl_28" VPOS="2513" WIDTH="305"/>
</TextLine>
</TextBlock>
<TextBlock HEIGHT="426" HPOS="785" ID="r_6_3" VPOS="2581" WIDTH="1270">
<Shape>
<Polygon POINTS="785 2581 2055 2581 2055 3007 785 3007"/>
</Shape>
<TextLine BASELINE="823 2627 2053 2627" HEIGHT="45" HPOS="823" ID="tl_29" VPOS="2582" WIDTH="1230">
<String CONTENT="Pièce historique où il leur mande qu’il vient de donner à Jacques de" HEIGHT="45" HPOS="823" ID="string_tl_29" VPOS="2582" WIDTH="1230"/>
</TextLine>
<TextLine BASELINE="787 2667 2052 2667" HEIGHT="41" HPOS="787" ID="tl_30" VPOS="2626" WIDTH="1265">
<String CONTENT="Coitier (le célèbre médecin et conseiller de Louis XI) l’office de vice-" HEIGHT="41" HPOS="787" ID="string_tl_30" VPOS="2626" WIDTH="1265"/>
</TextLine>
<TextLine BASELINE="788 2712 2054 2712" HEIGHT="45" HPOS="788" ID="tl_31" VPOS="2667" WIDTH="1266">
<String CONTENT="président de la Chambre des Comptes. « Et pour ce que ledit maistre" HEIGHT="45" HPOS="788" ID="string_tl_31" VPOS="2667" WIDTH="1266"/>
</TextLine>
<TextLine BASELINE="786 2755 2054 2755" HEIGHT="43" HPOS="786" ID="tl_32" VPOS="2712" WIDTH="1268">
<String CONTENT="Jacques a bien et loyaulment servy feu nostre très chier seigneur et" HEIGHT="43" HPOS="786" ID="string_tl_32" VPOS="2712" WIDTH="1268"/>
</TextLine>
<TextLine BASELINE="789 2796 2053 2796" HEIGHT="39" HPOS="789" ID="tl_33" VPOS="2757" WIDTH="1264">
<String CONTENT="père que Dieu absoille jusques à l’eure de son trespas et que nous" HEIGHT="39" HPOS="789" ID="string_tl_33" VPOS="2757" WIDTH="1264"/>
</TextLine>
<TextLine BASELINE="786 2837 2054 2837" HEIGHT="43" HPOS="786" ID="tl_34" VPOS="2794" WIDTH="1268">
<String CONTENT="désirons le pourveoir d’estat dont il puisse honnourablement emploier" HEIGHT="43" HPOS="786" ID="string_tl_34" VPOS="2794" WIDTH="1268"/>
</TextLine>
<TextLine BASELINE="788 2877 2054 2877" HEIGHT="39" HPOS="788" ID="tl_35" VPOS="2838" WIDTH="1266">
<String CONTENT="ses jours en nostre service, nous vous mandons et expressément" HEIGHT="39" HPOS="788" ID="string_tl_35" VPOS="2838" WIDTH="1266"/>
</TextLine>
<TextLine BASELINE="788 2921 2052 2921" HEIGHT="39" HPOS="788" ID="tl_36" VPOS="2882" WIDTH="1264">
<String CONTENT="enjoignons que, toutes excusations et faveurs cessans, vous le recevez" HEIGHT="39" HPOS="788" ID="string_tl_36" VPOS="2882" WIDTH="1264"/>
</TextLine>
<TextLine BASELINE="787 2964 2052 2964" HEIGHT="43" HPOS="787" ID="tl_37" VPOS="2921" WIDTH="1265">
<String CONTENT="oudit office... » —(Coitier devint plus tard président de la Chambre des" HEIGHT="43" HPOS="787" ID="string_tl_37" VPOS="2921" WIDTH="1265"/>
</TextLine>
<TextLine BASELINE="788 3006 1507 3006" HEIGHT="38" HPOS="788" ID="tl_38" VPOS="2968" WIDTH="719">
<String CONTENT="Comptes. Il mourut à Paris vers 1505.)" HEIGHT="38" HPOS="788" ID="string_tl_38" VPOS="2968" WIDTH="719"/>
</TextLine>
</TextBlock>
<TextBlock HEIGHT="70" HPOS="785" ID="r_9_1" VPOS="3075" WIDTH="2236">
<Shape>
<Polygon POINTS="785 3075 3021 3075 3021 3145 785 3145"/>
</Shape>
<TextLine BASELINE="786 3144 3020 3144" HEIGHT="68" HPOS="786" ID="tl_40" VPOS="3076" WIDTH="2234">
<String CONTENT="★6★ ANNE DE BRETAGNE, n. à Nantes, 26 janvier 1477, duchesse de Bretagne" HEIGHT="68" HPOS="786" ID="string_tl_40" VPOS="3076" WIDTH="2234"/>
</TextLine>
</TextBlock>
<TextBlock HEIGHT="268" HPOS="784" ID="r_10_1" VPOS="3151" WIDTH="1123">
<Shape>
<Polygon POINTS="784 3151 1907 3151 1907 3419 784 3419"/>
</Shape>
<TextLine BASELINE="785 3218 1906 3218" HEIGHT="66" HPOS="785" ID="tl_41" VPOS="3152" WIDTH="1121">
<String CONTENT="(9 septembre 1488), fille du duc François II," HEIGHT="66" HPOS="785" ID="string_tl_41" VPOS="3152" WIDTH="1121"/>
</TextLine>
<TextLine BASELINE="786 3282 1905 3282" HEIGHT="59" HPOS="786" ID="tl_42" VPOS="3223" WIDTH="1119">
<String CONTENT="femme de Charles VIII (6 décembre 1491)," HEIGHT="59" HPOS="786" ID="string_tl_42" VPOS="3223" WIDTH="1119"/>
</TextLine>
<TextLine BASELINE="787 3352 1904 3352" HEIGHT="61" HPOS="787" ID="tl_43" VPOS="3291" WIDTH="1117">
<String CONTENT="puis de Louis XII (7 janvier 1499), m. au" HEIGHT="61" HPOS="787" ID="string_tl_43" VPOS="3291" WIDTH="1117"/>
</TextLine>
<TextLine BASELINE="786 3418 1648 3418" HEIGHT="61" HPOS="786" ID="tl_44" VPOS="3357" WIDTH="862">
<String CONTENT="château de Blois, 9 janvier 1514." HEIGHT="61" HPOS="786" ID="string_tl_44" VPOS="3357" WIDTH="862"/>
</TextLine>
</TextBlock>
<TextBlock HEIGHT="220" HPOS="787" ID="r_10_2" VPOS="3445" WIDTH="1119">
<Shape>
<Polygon POINTS="787 3445 1906 3445 1906 3665 787 3665"/>
</Shape>
<TextLine BASELINE="838 3497 1904 3497" HEIGHT="51" HPOS="838" ID="tl_45" VPOS="3446" WIDTH="1066">
<String CONTENT="L. S., sur vélin, à Raoul Hurault, trésorier et" HEIGHT="51" HPOS="838" ID="string_tl_45" VPOS="3446" WIDTH="1066"/>
</TextLine>
<TextLine BASELINE="788 3551 1905 3551" HEIGHT="52" HPOS="788" ID="tl_46" VPOS="3499" WIDTH="1117">
<String CONTENT="receveur général de ses finances; Blois, 14 juillet" HEIGHT="52" HPOS="788" ID="string_tl_46" VPOS="3499" WIDTH="1117"/>
</TextLine>
<TextLine BASELINE="795 3609 1902 3609" HEIGHT="56" HPOS="795" ID="tl_47" VPOS="3553" WIDTH="1107">
<String CONTENT="1508, 1/2 p. in-fol. oblong. Un peu jaunie. (Coll." HEIGHT="56" HPOS="795" ID="string_tl_47" VPOS="3553" WIDTH="1107"/>
</TextLine>
<TextLine BASELINE="789 3664 1677 3664" HEIGHT="56" HPOS="789" ID="tl_48" VPOS="3608" WIDTH="888">
<String CONTENT="Fossé Darcosse et Dubrunfaut.) — P. -" HEIGHT="56" HPOS="789" ID="string_tl_48" VPOS="3608" WIDTH="888"/>
</TextLine>
</TextBlock>
<TextBlock HEIGHT="131" HPOS="787" ID="r_10_3" VPOS="3683" WIDTH="1117">
<Shape>
<Polygon POINTS="787 3683 1904 3683 1904 3814 787 3814"/>
</Shape>
<TextLine BASELINE="826 3727 1903 3727" HEIGHT="43" HPOS="826" ID="tl_49" VPOS="3684" WIDTH="1077">
<String CONTENT="Ordre de payer la somme de 10,000 livres tournois à sa" HEIGHT="43" HPOS="826" ID="string_tl_49" VPOS="3684" WIDTH="1077"/>
</TextLine>
<TextLine BASELINE="788 3769 1903 3769" HEIGHT="43" HPOS="788" ID="tl_50" VPOS="3726" WIDTH="1115">
<String CONTENT="cousine Jacquemine de Lestrac, fille du comte de Lestrac," HEIGHT="43" HPOS="788" ID="string_tl_50" VPOS="3726" WIDTH="1115"/>
</TextLine>
<TextLine BASELINE="789 3813 1798 3813" HEIGHT="45" HPOS="789" ID="tl_51" VPOS="3768" WIDTH="1009">
<String CONTENT="« en faveur de son mariage avecques le sire de Mailly. »" HEIGHT="45" HPOS="789" ID="string_tl_51" VPOS="3768" WIDTH="1009"/>
</TextLine>
</TextBlock>
<GraphicalElement HEIGHT="3" HPOS="3003" ID="r_12" VPOS="47" WIDTH="339"/>
<GraphicalElement HEIGHT="11" HPOS="2203" ID="r_13" VPOS="49" WIDTH="777"/>
<GraphicalElement HEIGHT="9" HPOS="1920" ID="r_14" VPOS="59" WIDTH="227"/>
<GraphicalElement HEIGHT="3" HPOS="2110" ID="r_15" VPOS="63" WIDTH="126"/>
<GraphicalElement HEIGHT="3" HPOS="1125" ID="r_16" VPOS="66" WIDTH="163"/>
<GraphicalElement HEIGHT="4" HPOS="1689" ID="r_17" VPOS="69" WIDTH="103"/>
<GraphicalElement HEIGHT="7" HPOS="140" ID="r_18" VPOS="70" WIDTH="596"/>
<GraphicalElement HEIGHT="7" HPOS="2806" ID="r_19" VPOS="73" WIDTH="370"/>
<GraphicalElement HEIGHT="10" HPOS="1230" ID="r_20" VPOS="74" WIDTH="162"/>
<GraphicalElement HEIGHT="17" HPOS="1719" ID="r_21" VPOS="74" WIDTH="658"/>
<GraphicalElement HEIGHT="4" HPOS="930" ID="r_22" VPOS="84" WIDTH="266"/>
<GraphicalElement HEIGHT="9" HPOS="1180" ID="r_23" VPOS="85" WIDTH="539"/>
<GraphicalElement HEIGHT="11" HPOS="192" ID="r_24" VPOS="91" WIDTH="436"/>
<GraphicalElement HEIGHT="15" HPOS="489" ID="r_25" VPOS="475" WIDTH="2878"/>
<GraphicalElement HEIGHT="15" HPOS="682" ID="r_26" VPOS="787" WIDTH="2478"/>
<GraphicalElement HEIGHT="20" HPOS="2224" ID="r_27" VPOS="3400" WIDTH="272"/>
<GraphicalElement HEIGHT="22" HPOS="459" ID="r_28" VPOS="3923" WIDTH="1550"/>
<GraphicalElement HEIGHT="17" HPOS="2009" ID="r_29" VPOS="3932" WIDTH="1353"/>
<GraphicalElement HEIGHT="3" HPOS="1306" ID="r_30" VPOS="4603" WIDTH="105"/>
<GraphicalElement HEIGHT="4" HPOS="1620" ID="r_31" VPOS="4611" WIDTH="517"/>
<GraphicalElement HEIGHT="9" HPOS="188" ID="r_32" VPOS="4618" WIDTH="324"/>
<GraphicalElement HEIGHT="132" HPOS="0" ID="r_33" VPOS="4480" WIDTH="3"/>
<GraphicalElement HEIGHT="122" HPOS="23" ID="r_34" VPOS="4422" WIDTH="6"/>
<GraphicalElement HEIGHT="105" HPOS="47" ID="r_35" VPOS="4416" WIDTH="3"/>
<GraphicalElement HEIGHT="184" HPOS="71" ID="r_36" VPOS="4416" WIDTH="4"/>
<GraphicalElement HEIGHT="3874" HPOS="662" ID="r_37" VPOS="267" WIDTH="31"/>
<GraphicalElement HEIGHT="475" HPOS="2806" ID="r_38" VPOS="2356" WIDTH="26"/>
<GraphicalElement HEIGHT="241" HPOS="2817" ID="r_39" VPOS="3517" WIDTH="18"/>
<GraphicalElement HEIGHT="3879" HPOS="3146" ID="r_40" VPOS="264" WIDTH="15"/>
<GraphicalElement HEIGHT="292" HPOS="3505" ID="r_41" VPOS="136" WIDTH="15"/>
<GraphicalElement HEIGHT="660" HPOS="3508" ID="r_42" VPOS="1772" WIDTH="15"/>
<GraphicalElement HEIGHT="330" HPOS="3520" ID="r_43" VPOS="1862" WIDTH="7"/>
<GraphicalElement HEIGHT="115" HPOS="3524" ID="r_44" VPOS="3627" WIDTH="5"/>
<GraphicalElement HEIGHT="1" HPOS="3127" ID="r_45" VPOS="51" WIDTH="145"/>
<GraphicalElement HEIGHT="5" HPOS="1563" ID="r_46" VPOS="4610" WIDTH="68"/>
<GraphicalElement HEIGHT="101" HPOS="16" ID="r_47" VPOS="4505" WIDTH="6"/>
<Illustration HEIGHT="238" HPOS="2292" ID="r_3" VPOS="1095" WIDTH="733"/>
<Illustration HEIGHT="421" HPOS="2364" ID="r_5" VPOS="1715" WIDTH="621"/>
<Illustration HEIGHT="741" HPOS="2159" ID="r_8" VPOS="2300" WIDTH="831"/>
<Illustration HEIGHT="614" HPOS="1983" ID="r_11" VPOS="3174" WIDTH="1025"/>
</PrintSpace>
</Page>
</Layout>
</alto>