<?xml version="1.0" encoding="utf-8"?>
<alto xmlns="http://www.loc.gov/standards/alto/ns-v4#" xmlns:xsi="http://www.w3.org/2001/XMLSchema-instance" xsi:schemaLocation="http://www.loc.gov/standards/alto/ns-v4# https://gitlab.inria.fr/scripta/escriptorium/-/raw/develop/app/escriptorium/static/alto-4-1-baselines.xsd">
<Description>
<MeasurementUnit>pixel</MeasurementUnit><sourceImageInformation><fileName>Cat_Paris_1961_typo_0004.jpg</fileName></sourceImageInformation>
<OCRProcessing ID="IdOcr">
<ocrProcessingStep>
<processingDateTime>2020-11-01T15:18:19.764+01:00</processingDateTime>
<processingSoftware>
<softwareCreator>READ COOP</softwareCreator>
<softwareName>Transkribus</softwareName>
</processingSoftware>
</ocrProcessingStep>
</OCRProcessing>
</Description>
<Layout>
<Page HEIGHT="2218" ID="Page1" PHYSICAL_IMG_NR="1" WIDTH="1818">
<TopMargin HEIGHT="0" HPOS="0" VPOS="0" WIDTH="1818"/>
<LeftMargin HEIGHT="2101" HPOS="0" VPOS="0" WIDTH="0"/>
<RightMargin HEIGHT="2101" HPOS="1745" VPOS="0" WIDTH="73"/>
<BottomMargin HEIGHT="117" HPOS="0" VPOS="2101" WIDTH="1818"/>
<PrintSpace HEIGHT="2101" HPOS="0" VPOS="0" WIDTH="1745">
<TextBlock HEIGHT="47" HPOS="282" ID="r_1_1" VPOS="52" WIDTH="199">
<Shape>
<Polygon POINTS="282 52 481 52 481 99 282 99"/>
</Shape>
<TextLine BASELINE="283 98 480 98" HEIGHT="45" HPOS="283" ID="tl_1" VPOS="53" WIDTH="197">
<String CONTENT="&lt;b&gt;BRÉSIL&lt;/b&gt;" HEIGHT="45" HPOS="283" ID="string_tl_1" VPOS="53" WIDTH="197"/>
</TextLine>
</TextBlock>
<TextBlock HEIGHT="80" HPOS="605" ID="r_2_1" VPOS="461" WIDTH="877">
<Shape>
<Polygon POINTS="605 463 1482 461 1482 539 605 541"/>
</Shape>
<TextLine BASELINE="606 517 1482 517" HEIGHT="58" HPOS="606" ID="tl_2" VPOS="459" WIDTH="876">
<String CONTENT="Commissaire Général : &lt;b&gt;Celso Souza e Silva&lt;/b&gt;" HEIGHT="58" HPOS="606" ID="string_tl_2" VPOS="459" WIDTH="876"/>
</TextLine>
<TextLine BASELINE="608 540 1481 540" HEIGHT="47" HPOS="608" ID="tl_3" VPOS="493" WIDTH="873">
<String CONTENT="Premier Secrétaire de I'Ambassade du Brésil à Paris." HEIGHT="47" HPOS="608" ID="string_tl_3" VPOS="493" WIDTH="873"/>
</TextLine>
</TextBlock>
<TextBlock HEIGHT="783" HPOS="431" ID="r_4_1" VPOS="781" WIDTH="1307">
<Shape>
<Polygon POINTS="431 781 1738 781 1738 1564 431 1564"/>
</Shape>
<TextLine BASELINE="463 844 1728 844" HEIGHT="62" HPOS="463" ID="tl_6" VPOS="782" WIDTH="1265">
<String CONTENT="L’invitation faite au Brésil de prendre part à la deuxième Biennale de Paris" HEIGHT="62" HPOS="463" ID="string_tl_6" VPOS="782" WIDTH="1265"/>
</TextLine>
<TextLine BASELINE="432 896 1730 896" HEIGHT="62" HPOS="432" ID="tl_7" VPOS="834" WIDTH="1298">
<String CONTENT="a soulevé le plus vif intérêt dans les milieux artistiques brésiliens. Tout" HEIGHT="62" HPOS="432" ID="string_tl_7" VPOS="834" WIDTH="1298"/>
</TextLine>
<TextLine BASELINE="434 950 1730 950" HEIGHT="64" HPOS="434" ID="tl_8" VPOS="886" WIDTH="1296">
<String CONTENT="d'abord, parce que les jeunes artistes du monde entier se rendent parfaite¬" HEIGHT="64" HPOS="434" ID="string_tl_8" VPOS="886" WIDTH="1296"/>
</TextLine>
<TextLine BASELINE="435 1001 1730 1001" HEIGHT="62" HPOS="435" ID="tl_9" VPOS="939" WIDTH="1295">
<String CONTENT="ment compte de l'importance que prend une exposition internationale,où" HEIGHT="62" HPOS="435" ID="string_tl_9" VPOS="939" WIDTH="1295"/>
</TextLine>
<TextLine BASELINE="435 1050 1731 1050" HEIGHT="60" HPOS="435" ID="tl_10" VPOS="990" WIDTH="1296">
<String CONTENT="les œuvres de provenances les plus diverses et de tendances les plus variées" HEIGHT="60" HPOS="435" ID="string_tl_10" VPOS="990" WIDTH="1296"/>
</TextLine>
<TextLine BASELINE="436 1106 1732 1106" HEIGHT="64" HPOS="436" ID="tl_11" VPOS="1042" WIDTH="1296">
<String CONTENT="peuvent être comparées côte à côte, véritable compte rendu universel des" HEIGHT="64" HPOS="436" ID="string_tl_11" VPOS="1042" WIDTH="1296"/>
</TextLine>
<TextLine BASELINE="438 1156 1731 1156" HEIGHT="62" HPOS="438" ID="tl_12" VPOS="1094" WIDTH="1293">
<String CONTENT="principales manifestations d'art moderne. En outre, il est également certain" HEIGHT="62" HPOS="438" ID="string_tl_12" VPOS="1094" WIDTH="1293"/>
</TextLine>
<TextLine BASELINE="438 1207 1733 1207" HEIGHT="61" HPOS="438" ID="tl_13" VPOS="1146" WIDTH="1295">
<String CONTENT="que les Brésiliens ont été à même d'apprécier la valeur des expositions inter¬" HEIGHT="61" HPOS="438" ID="string_tl_13" VPOS="1146" WIDTH="1295"/>
</TextLine>
<TextLine BASELINE="440 1253 1733 1253" HEIGHT="56" HPOS="440" ID="tl_14" VPOS="1197" WIDTH="1293">
<String CONTENT="nationales de cet ordre, depuis qu’a été créée en 1951 la Biennale de Sâo Paulo," HEIGHT="56" HPOS="440" ID="string_tl_14" VPOS="1197" WIDTH="1293"/>
</TextLine>
<TextLine BASELINE="470 1304 1735 1304" HEIGHT="55" HPOS="470" ID="tl_15" VPOS="1249" WIDTH="1265">
<String CONTENT="Les créateurs et organisateurs de la Biennale de Paris, dont le succès n’est" HEIGHT="55" HPOS="470" ID="string_tl_15" VPOS="1249" WIDTH="1265"/>
</TextLine>
<TextLine BASELINE="441 1360 1735 1360" HEIGHT="58" HPOS="441" ID="tl_16" VPOS="1302" WIDTH="1294">
<String CONTENT="plus à démontrer depuis la première manifestation en 1959, pourront toujours" HEIGHT="58" HPOS="441" ID="string_tl_16" VPOS="1302" WIDTH="1294"/>
</TextLine>
<TextLine BASELINE="441 1411 1736 1411" HEIGHT="58" HPOS="441" ID="tl_17" VPOS="1353" WIDTH="1295">
<String CONTENT="compter sur la reconnaissance et l'admiration du monde artistique brésilien," HEIGHT="58" HPOS="441" ID="string_tl_17" VPOS="1353" WIDTH="1295"/>
</TextLine>
<TextLine BASELINE="473 1460 1736 1460" HEIGHT="56" HPOS="473" ID="tl_18" VPOS="1404" WIDTH="1263">
<String CONTENT="Les peintres et graveurs dont les œuvres ont été retenues pour cette Biennale" HEIGHT="56" HPOS="473" ID="string_tl_18" VPOS="1404" WIDTH="1263"/>
</TextLine>
<TextLine BASELINE="445 1506 1737 1506" HEIGHT="50" HPOS="445" ID="tl_19" VPOS="1456" WIDTH="1292">
<String CONTENT="de Paris traduisent assez fidèlement certains courants actuels des arts plas¬" HEIGHT="50" HPOS="445" ID="string_tl_19" VPOS="1456" WIDTH="1292"/>
</TextLine>
<TextLine BASELINE="443 1563 709 1563" HEIGHT="39" HPOS="443" ID="tl_20" VPOS="1524" WIDTH="266">
<String CONTENT="tiques au Brésil." HEIGHT="39" HPOS="443" ID="string_tl_20" VPOS="1524" WIDTH="266"/>
</TextLine>
</TextBlock>
</PrintSpace>
</Page>
</Layout>
</alto>