1694 2207
1389 54 303 34 <b>BULGARIE</b>

346 504 656 28 Commissaire Général : <b>Vladimir Goev</b>

346 538 640 32 Union des Artistes Peintres Bulgares.

184 821 1368 38 En fait d’art, la jeunesse est une chose fort relative. Des peintres comme

147 871 1405 38 Raphaël, Van Gogh, Lévitann, qui sont morts jeunes, nous ont tout de même

145 922 1408 38 légué une œuvre riche et mûre, tandis que d’autres, qui vivent âgés, restent

143 974 522 36 toute leur vie des apprentis.

183 1022 1370 39 Il y a des jeunes qui laissent paraître dans leurs œuvres une fatigue de

145 1073 1407 38 la vie et un manque de foi dans l’être humain qu’on ne rencontre pas même

144 1122 1409 39 chez les vieux. Les grands maîtres ont travaillé jusqu’à leur dernier souffle

144 1174 1407 38 avec l'entrain de la jeunesse et avec cet immense amour de l'homme, qui

146 1224 1408 38 poussa, par exemple, un Daumier, presque aveugle, à continuer à se pencher

145 1275 1409 38 sur la pierre lithographique; un Renoir, paralysé, à peindre en se faisant

144 1326 1408 37 attacher un pinceau à sa main infirme. Des géants de la peinture, tels le Titien,

146 1377 1408 37 Rembrandt, Goya et tant d’autres, créèrent, au déclin de leur vie, justement

145 1427 1408 38 leurs œuvres les plus jeunes, et j’entends par là les plus vivantes et les plus

146 1478 1408 37 hardies, pleines d'esprit novateur, tant par leur technique qu'au point de vue

145 1529 990 36 de leur conception et de leur résonance émotive.

183 1579 1370 37 Le problème de la jeunesse, en art, n’a donc rien à voir avec les données

145 1630 1408 37 de l’état civil. Toutefois, en peinture comme pour le reste, les générations

144 1679 1408 38 successives se développent, travaillent et laissent aux générations futures

145 1731 1407 37 des œuvres pouvant leur servir d’exemple, amorçant parfois des problèmes

144 1781 1409 36 que celles-ci auront à résoudre. Les arts bénéficient actuellement en Bulgarie

144 1831 1409 38 de la présence d’une génération de maîtres mûrs, encore pleins de vie et de

141 1882 1412 37 talent, qui font l'orgueil de la nation. En même temps, se développe et s'affirme

145 1933 1408 36 une génération nouvelle, dont les quelques œuvres présentées ici ne sauraient

145 1983 1406 37 que très incomplètement définir la physionomie. L’œuvre de cette génération

1444 2148 28 25 21
