2119 3451
1828 186 25 44 9

63 190 610 43 6 RUE BLANCHE, PARIS

62 275 858 47 4283 CUBIÈRES (Général), ministre de

110 329 810 33 la Guerre au ministre de l’Instruction

112 377 807 41 publique. — L. a. s., 1844, 1 p. in-4.

809 425 111 31 12 fr.

196 475 728 33 Il lui recommande un candidat pour

152 511 539 35 la bibliothèque de l’Arsenal.

66 587 855 41 4284 DALAYRAC (Nicolas), célèbre

114 635 809 41 compositeur de musique. — L. a. s. à

112 682 811 39 Bonnet, directeur du théâtre Les Arts,

115 730 807 41 an 12, 1 p. in-4. 25 fr.

197 792 728 35 Au sujet de la représentation du

154 828 772 35 Pavillon du Calife et des artistes Lays

154 865 206 28 et Laforet.

68 935 858 39 4285 DARTIGOEYTE (Pierre-Arnaud),

116 982 808 40 comédien et conventionnel (1745-1820).

116 1030 812 40 — Lettre a. s. à Villars, représentant

118 1078 810 39 du Peuple ; Paris, an III, une page

119 1126 808 32 in-f°. 35 fr.

202 1181 729 35 « Je t’adresse une lettre que j’écris au

158 1218 774 35 comité d’instruction publique ; vuille

165 1254 768 34 (sic) la lire, la remetre (sic) ensuite, la

160 1289 774 35 faire enregistrer et joindre au travail

160 1326 590 28 relatif aux écoles centrales. »

76 1401 858 41 4286 DAVID D ANGERS (P.-J.j, célè¬

124 1449 810 40 bre statuaire français. — L. a. s. à

124 1497 811 41 Monsieur..., 1844, 1 p. in-4, collée sur

124 1545 810 40 bristol. On y a joint : une brochure :

127 1593 809 40 A P. J. David d’Angers par Constant

129 1641 806 41 Dubos, en vers, Pagnerre, 1843. 25 fr.

213 1702 727 28 « Au milieu de l’encombrement causé

168 1739 771 34 par le travail, il serait impossible de lire,

170 1775 772 35 avec toute l’attention que je désire ap¬

170 1811 772 34 porter, votre notice, qui devait être bien

171 1847 772 31 intéressante, écrite avec les sentiments

172 1883 431 34 que je vous connais. »

86 1958 858 41 4287 DEBUSSY (Claude), célèbre com¬

136 2006 808 40 positeur, 1861-1917. — L’ombre des

136 2054 810 38 arbres dans la lumière embaumée, An-

137 2102 811 40 dante pour chant et piano. Manuscrit

139 2149 809 41 aut. n .s. Paris, 1885, 2 p. in-4, 8 por¬

139 2197 808 40 tées triples. (Très rare). 450 fr.

222 2260 730 32 Très beau manuscrit, d'une écriture

179 2296 773 35 très soignée. Chant pour soprano ou

181 2332 107 28 ténor.

95 2401 858 40 4288 DEBUSSY (Claude). — En Sour¬

143 2449 812 39 dine, pour piano et chant, manuscrit

145 2496 809 41 aut. s., Vienne, 1882, 3 p. in-4 et une p.

145 2544 810 40 de titre, douze portées triples. 550 fr.

229 2605 727 35 Chant pour soprano ou ténor sur la

186 2640 773 34 célèbre poésie de Verlaine : Calmes dans

188 2677 771 35 le demi-jour que les branches hautes

187 2714 80 33 font.

232 2749 730 28 LES AUTOGRAPHES DE CLAUDE DE¬

188 2791 682 22 BUSSY SONT EXTREMEMENT RARES.

106 2853 855 46 4289 DÉCORATION DU LYS.— a)

150 2908 813 40 Brevet autorisant M. Bruni) de Lyon

151 2956 813 40 à porter la décoration du Lys.— Jolie

152 3003 811 40 pièce signée du Cte de Précy, Lyon,

155 3051 810 40 1814, 1 p. in-4 obl., sur formule impri¬

153 3098 810 32 mée. 20 fr.

1126 275 731 41 Cette décoration était accordée par

1083 315 774 38 Monsieur, frère du Roi, à tous ceux qui

1082 352 776 30 avaient concouru à la défense de la ville

1082 388 351 34 de Lyon en 1793.

1047 445 809 43 b) Formule imp. et ms. signée Cte de la

1045 493 811 43 Ferronnaye, Paris, 1814, 1 p. in-f°.

1744 544 115 33 10 fr.

1128 592 732 37 Permission à G. Mercier de porter la

1084 628 584 36 décoration de la fleur de Lys.

1000 686 862 48 4290 DÉJAZET (Virginie), célèbre ar¬

1050 740 810 41 tiste dramatique. — Deux lettres a. s.

1047 788 820 41 à M. Garnier ens. ; 7 pages in-8 (légers-

1048 836 814 40 raccommodages). 30 fr.

1132 898 733 34 Lettres ayant rapport à son état de

1089 933 777 29 santé et à sa mauvaise situation finan¬

1089 970 777 35 cière. Il lui est impossible de payer son

1089 1005 338 29 billet de fin août.

1003 1064 865 40 4291 DELACROIX (Eugène), célèbre

1050 1112 818 40 peintre. — a) L. a. s. 1861, 1 p. in-8,

1753 1160 115 32 20 fr.

1137 1210 733 35 Au sujet de l’envoi de billets pour un

1093 1246 67 28 bal.

1058 1303 812 41 b) L. a. s. 1857, 1 p. in-4. 20 fr.

1142 1366 731 35 Il prie son correspondant d’excuser

1096 1403 777 33 son absence, ayant gardé la chambre

1096 1439 424 34 depuis trois semaines.

1010 1496 864 40 4292 DELAMBRE (Jean-Baptiste-

1058 1544 816 40 Joseph), célèbre astronome. — Pièce

1059 1592 816 40 aut. s, 1814, 1 p. petit in-4, à en-tête

1059 1640 818 38 de V Institut de France, collée sur bris¬

1060 1688 815 32 tol. 50 fr.

1146 1750 734 28 Lettre intéressante. « Martianus Mi¬

1102 1786 777 34 nucius Félix Capella le Carthaginois est un

1104 1822 775 34 compilateur assez maladroit qui copie ce

1104 1857 777 35 qu’il a lu sans le comprendre et qui n’est

1105 1894 775 34 pas toujours d’accord avec lui-même ;

1100 1930 782 34 mais il a rencontré quelques lignes fort

1106 1965 776 35 justes et fort saines sur la théorie de

1108 2001 775 34 Mercure et de Vénus. Il annonce positi¬

1104 2037 779 35 vement que la terre n’est pas le Centre des

1108 2075 641 33 mouvements des planètes. » etc.

1024 2137 860 39 4293 DELARUE-MARDRUS (Mme

1072 2185 812 41 Lucie), femme de lettres. — L. a. s. à

1072 2232 812 41 un confrère, 1921, 3 p. in-8. 20 fr.

1156 2293 732 29 Lettre intéressante à cause de la liste

1113 2330 776 34 de ses œuvres, classée par éditeurs et

1114 2367 776 34 qui commence par « un grand Zut cour¬

1115 2403 149 27 roucé. »

1030 2460 860 46 4294 DELCASSÉ (Théophile), homme

1078 2514 812 40 politique — L. a. s. 1897, 1 p. in-8.

1776 2562 116 31 15 fr.

1033 2626 860 40 4295 DELIBES (Léo), compositeur de

1081 2674 812 41 musique. — L. a. s. 3 p. in-12. 25 fr.

1165 2736 732 35 Réponse à une invitation. « Rien ne

1122 2773 775 34 me serait plus agréable que de m’y rendre

1122 2809 776 27 et de me trouver chez vous avec Made¬

1123 2844 775 28 moiselle Arnoldson et Monsieur Meilhac. »

1039 2908 859 40 4296 DEMBLON (Célestin), député

1085 2955 814 40 belge, professeur à l’Université de

1084 3003 816 37 Bruxelles, l’auteur de « Lord Rutland

1088 3051 813 40 est Shakespeare ». — L. a. s. à un poète,

1091 3098 810 40 1918 ; 2 p. in-8. 20 fr.

522 3182 966 44 ACHAT DE LIVRES ET D’AUTOGRAPHES
