2085 3423
613 181 702 66 CATALOGUE

77 310 857 40 4201 ABOUT (Edmond), célèbre écri¬

124 358 807 41 vain. — L. a. s. ,1865, 3 p. in-8. 30 fr.

207 421 729 35 Curieuse lettre dans laquelle il reven¬

163 457 773 35 dique la liberté complète pour le com¬

164 493 773 34 merce de la librairie. « La pire peste de

163 529 773 35 notre pays est l’ignorance absolue du

164 565 772 35 peuple sur les questions qui l’intéres¬

165 602 772 34 sent le plus... telle commune où per¬

164 636 774 33 sonne ne s’établit libraire, se mettra à

164 673 773 35 acheter des livres quand l’épicier, le

165 710 773 34 mercier et tous les petits marchands pour¬

165 746 331 27 ront en vendre. »

80 809 856 47 4202 ABRANTÈS (Laure Permon, du¬

127 863 810 41 chesse d’), femme du général Junot. —

128 911 806 41 Lettre a. s., 4 p. in-8. 50 fr.

211 973 727 35 Superbe lettre adressée à un jeune

168 1009 771 34 poète. « J’ai été touchée, mais touchée à

168 1045 771 35 l’âme de votre admirable simplicité en

168 1082 772 34 louant Victor Hugo, en disant ses vers,

168 1117 773 35 en appuyant sur leurs beautés, les fai¬

169 1154 772 34 sant remarquer avec une adresse de

169 1189 769 33 frère. Cela est bien, vraiment bien...

168 1226 773 34 Je dois ajouter qu’aimant Victor Hugo,

169 1261 773 34 étant admiratrice de son talent au point

170 1298 771 34 de prendre le nom d’hugonienne, j’ai

169 1333 772 35 joui de son éloge fait par un homme tel

171 1377 247 27 que vous... »

84 1439 857 41 4203 ABRANTES (Joséphine, duchesse

132 1487 808 41 d’), fille de la précédente. — Lettre a.

132 1535 808 41 s. à un docteur (vers 1839), une p.

133 1583 808 32 in 8. 15 fr.

217 1644 727 36 « Ne vous étiez-vous pas intéressé à

173 1681 772 34 ma mère, ne l’aviez-vous pas soignée

172 1717 774 34 comme un fils. Si vous l’eussiez soignée

173 1753 772 35 seul, peut-être vivrait-elle encore ? »

88 1825 857 40 4204 ADAM (Adolphe), compositeur de

137 1873 806 40 musique. — L. a. s. à M. Bocage, 2 p.

139 1920 805 32 in-8. 20 fr.

221 1975 727 29 Recommandation en faveur d’une

178 2013 135 27 actrice.

92 2082 855 40 4205 ADAM (Edmond), préfet de Po¬

139 2129 806 41 lice.— L. a. s. janvier 1871, 1 p. in-8.

835 2177 111 31 12 fr.

228 2234 721 33 Il recommande un jeune homme et

180 2269 769 29 demande de le faire entrer dans la

183 2306 549 32 Garde Nationale sédentaire.

94 2376 856 40 4206 AICARD (Jean), poète et roman¬

143 2423 807 38 cier. — L. a. s. à un confrère, 1899,

147 2471 803 41 1 p. in-8. 15 fr.

230 2532 724 36 Il renvoie des épreuves corrigées et

184 2569 770 29 deux vers transformés comme il suit.

229 2617 699 32 « Vous êtes mes biens, mon château

231 2653 682 33 Ma Belle Etoile et mon flambeau. »

99 2723 856 40 4207 ALBANY (Mme Th.), chanteuse

149 2770 806 42 anglaise. —- L. a. s. (en anglais), à

150 2817 805 42 Mischa Léon, 1923, 1 p. in-12. 10 fr.

1056 311 811 41 lettre du général Herbillon, comman¬

1056 359 809 41 dant la province de Constantine, 1848.

1057 407 809 40 ens. 6 p. 1 /2, in-f° ; 25 fr.

1140 469 729 37 Relatif à l’affaire du Zouagha, en

1096 505 774 37 Khabylie. La Guerre Sainte prêchée

1096 541 774 37 par le marabout Bilkassem. Capture du

1097 577 773 35 Cheik Mohammed ben Azzedin, etc.

1011 647 858 43 4209 ALOPEUS (David, comte d’),

1059 695 810 42 diplomate russe : gouverneur de la

1060 743 810 34 Lorraine en 1814. — L. a. s. en fran¬

1059 791 810 41 çais ; Berlin, 1824, 1 p. in-4. 20 fr.

1142 854 731 35 Lettre de recommandation pour

1098 890 776 36 Madame de Korsakoff, veuve d’un géné¬

1097 926 563 36 ral, qui désire visiter Nancy.

1012 996 860 41 4210 ALVAREZ (Mme T. d’), canta¬

1061 1044 812 41 trice anglaise. — Lettre a. s. (en an¬

1062 1092 809 41 glais). Londres, s. d., 2 p. in-4. 15 fr.

1015 1170 858 47 4211 AMPÈRE (Jean-Jacques), litté¬

1063 1224 810 41 rateur. — L. a. s., 1/2 p. in-8, collée sur

1063 1272 810 39 papier fort. 10 fr.

1016 1344 858 47 4212 ANGOULÊME (Louis-Antoine

1063 1398 811 41 duc d’), fils de Charles X, époux de la

1062 1445 812 34 fille de Louis XVI. — L. a. s. à M. Ba¬

1063 1494 810 39 vez, 1. p in-4. 25 fr.

1148 1555 729 36 « C’est tout de notre cœur que nous

1104 1592 773 34 donnons, la Duchesse d’Angoulême et

1104 1628 773 34 moi, notre entière approbation à la

1104 1664 774 33 nomination d’un aussi fidel (sic) ser¬

1104 1700 774 34 viteur du Roi que vous, qui a donné

1105 1736 774 33 autant de preuves dans tous les tems. »

1019 1812 857 40 4213 ANTOINE (François-de-Paule),

1067 1860 810 38 duc de Cadix, frère de Ferdinand VII,

1067 1908 811 40 roi d’Espagne (1795-1860). — Lettre

1068 1955 811 40 a. s. à Louis-Philippe, Roi des Fran¬

1068 2003 811 40 çais. Madrid, 1848, 2 p. in-4, avec en¬

1068 2051 810 40 veloppe aut, cachet. 40 fr.

1154 2113 727 34 « Demain matin aura lieu le départ

1109 2148 772 34 de ma bien aimée Louise qui se rend à

1110 2184 772 35 Paris avec son époux le duc de Sassa.

1109 2221 774 34 Je profitte donc de cette occasion pour re¬

1110 2256 773 34 nouveller à Votre Majesté ma gratitude

1111 2292 772 35 pour toutes ses bontés envers moi et

1111 2328 772 34 ma famille, bontés qu’elle voudra bien

1111 2365 773 33 dispenser aux jeunes voyageurs... »

1026 2433 857 39 4214 ARA O O (François-Victor-Em¬

1074 2481 810 40 manuel), homme politique. — Quatre

1075 2529 809 40 lettres a. s. (vers 1841); ens. 4. p 1 /2,

1076 2577 808 32 in-12. 25 fr.

1159 2639 729 28 Envoi d’une stalle de théâtre. Excuse

1117 2675 772 33 de ne point se rendre à une invi¬

1116 2711 773 33 tation. Demandes de documents judi¬

1117 2747 772 33 ciaires. « Vous m’avez promis de me

1116 2782 774 35 remettre quelques documents de juris¬

1118 2819 772 33 prudence sur une question de diffama¬

1118 2855 772 33 tion, entre autres un jugement de la

102 2891 854 38 4208 ALGÉRIE. — Pièces officielles du

150 2943 807 39 Ministère de la Guerre, relatives à

151 2990 806 42 l’Algérie. — a) Copie d’une dépêche

152 3040 806 40 du général Marey-Monge, gouverneur

152 3086 806 43 de l’Algérie, 1848. — b) Copie d’une

1118 2890 773 28 Police correctionnelle. Mon affaire vient

1118 2926 180 27 demain. »

1031 2989 859 40 4215 ARCOS (René), littérateur. —

1080 3037 811 40 L. a. s. à un confrère, 1 p. 1 2, in-8

1080 3084 811 41 obl. à l’encre rouge. 12 fr.

520 3169 959 44 ACHAT DE LIVRES ET D’AUTOGRAPHES
