2053 3381
209 118 25 40 8

1446 130 537 30 LIBRAIRIE SIMON KRA

337 208 727 36 « M. de Boufflers désire beaucoup que

293 245 771 34 l’établissement projetté par MM. Le

291 281 773 35 Blanc et Ozé pour l’extraction en grand de

292 318 772 33 la soude du sel marin, puisse être sans

292 353 772 34 délai mis en activité ; d’après les déli¬

293 389 771 34 bérations du comité d’Agriculture qui

292 425 773 30 vous autorise à nommer deux commis¬

294 461 770 34 saires pour l’examen des moyens de

293 497 253 28 ces artistes. »

208 568 856 39 4272 CHOISEUL (Claude-Antoine-

255 616 809 40 Gabriel, duc de — Stainville), gouver¬

254 664 810 37 neur du Louvre, 1760-1838. — Lettre

256 712 807 39 a. 8. Perrecy (Saône-et-Loire), s. d.

255 759 810 40 4 p. in-8, portrait ajouté. 40 fr.

340 821 727 34 « Me voici établi pour 6 mois dans mon

295 857 773 34 grand château, l’air de la campagne me

295 893 774 32 fait du bien, mon fils se fortifie ; il monte

294 928 774 35 à cheval, je me promène en calèche ;

295 965 775 34 la vie de château a bien son prix ; elle

295 1001 775 34 est douce et reposée ; je médite tout

296 1037 774 34 à mon aise dans cette tour dont je vous

296 1073 774 35 ai parlé, je lis De Gérando, qui m’intéresse

296 1109 774 35 tout en convenant qu’il peut paraître

297 1154 230 26 ennuyeux. »

210 1215 857 40 4273 CHOISEUL (Etienne - François,

259 1263 809 40 duc de), célèbre homme d’Etat (1719-

261 1311 808 40 1785). — Lettre s. au Capitaine Desai-

259 1359 808 40 leurs, 1769, une page in-f°. 20 fr.

344 1420 726 34 « Sur le compte, Monsieur, que j’ay

298 1456 772 34 rendu au Roy de vos services, Sa Majesté

299 1492 772 33 a bien voulu vous destiner à la Majorité

299 1528 684 28 du Bataillon de Milice de Lille... »

213 1590 855 48 4274 CHRISTINÉ (Henri), auteur de

261 1645 807 40 l’opérette Phi-Phi. — L. a. s. à un ami,

262 1693 808 42 1923, 2. p in-8 ; en-tête : Villa Phi-

263 1741 806 31 Phi. 30 fr.

345 1803 726 35 « Je travaille dur à une opérette qui

300 1839 771 35 doit passer au Daunou et j’occupe ma

300 1875 772 35 villégiature à faire la traite des blanches

301 1911 771 28 et... des doubles croches. Je tente de

301 1947 771 34 mettre de la musique sur un livret sans

301 1984 538 32 chœurs, sans danses, » etc.

214 2047 858 45 4275 CICÉRI (P. L. C.), célèbre pein¬

261 2100 809 33 tre décorateur. — L. s. à M. Sauvan.

263 2148 808 40 1823, 1 p. in-4. 10 fr.

349 2210 724 33 Il donne la description d’une décora¬

301 2246 771 35 tion qui représente la ville de Tolède.

216 2316 856 39 4276 CLEMENCEAU (Georges), hom¬

264 2364 807 40 me politique. — Lettre a. s. Paris,

264 2411 808 40 1909, 2 p. in-12, sur papier à en-tcte

263 2459 807 32 du Sénat. 40 fr.

344 2520 728 34 Belle lettre. « Il n’y a pas encore un

303 2556 769 35 mois que j’ai eu la douleur de perdre ma

302 2592 771 33 mère. Pour cette raison il m’est impossible

301 2628 773 34 à mon très grand regret, de me rendre

302 2663 772 36 au banquet Octave Mirbeau, comme j’au¬

302 2699 772 33 rais été très heureux de le faire pour té¬

303 2735 771 34 moigner hautement de mes sentiments

303 2771 487 28 d’admiration et d’amitié.

216 2834 758 38 4277 COLLÈGE DE FRANCE.

264 2885 808 42 Pétition des professeurs au ministère

262 2933 810 33 de l’Intérieur en faveur de la veuve

262 2981 810 41 de leur collègue Dupuy, 1811, une page

264 3027 807 34 in f°. 25 fr.

1267 210 719 35 Signatures autographes de Lefèvre-

1224 246 761 34 Gineau, Bosquillon, Portai, Caussin,

1223 282 763 31 Cuvier, Cournand, Guérout, Baron Thé¬

1223 318 763 34 nard, Pastorel, Levesque, Audran, Sil-

1224 354 540 34 vestre de Sacy, Delambre.

1137 423 850 32 4278 COLONIES FRANÇAISES. —

1186 471 800 41 Pièce provenant de l’hôpital de Tabago,

1187 518 800 42 « Isle du vent de l’Amérique », année

1188 566 799 41 1789, 2 p. in-f° sur formule imprimée,

1186 614 801 40 cachet de cire rouge. 20 fr.

1270 676 720 28 Certificat de décès du vicomte de

1227 712 763 33 Traversay, signé de l’aumônier O’Lough¬

1230 747 759 31 lin ; de l’officier d’administration, etc.

1228 783 762 34 Tabago, une des Antilles Anglaises,

1228 818 566 35 appartenait alors à la France.

1143 882 844 38 4279 COMPAGNIE DU SÉNÉGAL.

1187 936 803 40 — Lettre signée des administrateurs à

1191 983 800 41 M. de Viales, directeur général à la Ro¬

1190 1032 799 40 chelle, Paris, 1701, une page in-4. 25 fr.

1273 1093 718 28 Curieuse lettre relative à une Com¬

1230 1129 762 35 pagnie du Sénégal, fondée à l’instigation

1229 1165 763 34 de la fameuse Compagnie des Indes.

1232 1200 762 35 « La Compagnie ayant eu avis qu’il de¬

1230 1237 762 34 vait arriver plusieurs vaisseaux venant

1231 1272 762 35 du Sénégal et Coste d’Affrique apparte¬

1230 1307 763 35 nant à cette compagnie, dans lesquels il

1230 1344 764 35 y a plusieurs marchandises de contre¬

1230 1380 763 34 bande, elle vous prie de donner ordre

1229 1414 765 36 aux brigadiers d’entrer dans ces vais¬

1230 1452 763 33 seaux et de n’en laisser sortir personne. »

1150 1516 842 44 1280 COMPIÈGNE (Journal du Camp

1191 1567 800 43 de) en 1739. — Manuscrit anonyme du

1191 1615 801 41 XVIIIe siècle, 55 p. in-fol. d’une très

1191 1663 800 40 belle écriture, avec 8 grandes planches

1191 1711 801 43 pliantes, dont une gravée, les autres

1192 1757 800 41 exécutées au lavis et à l’aquarelle ;

1192 1805 799 36 cartonné. 100 fr.

1274 1865 720 32 Ce très curieux manuscrit contient le

1231 1903 763 34 récit très détaillé des opérations du - camp

1231 1938 762 37 de Compiègne, que l’auteur appelle un

1231 1973 763 35 amusement militaire pour le roi » et qui

1232 2009 762 36 fut, en réalité, ce que nous appellerions

1232 2047 763 36 aujourd’hui les » grandes manœuvres. »

1232 2080 763 38 Description très détaillée du fort, des di¬

1233 2116 761 38 vers quartiers ; remarques sur les mines,

1233 2151 762 36 les bombes, etc. A ces opérations assis¬

1233 2187 760 36 taient le Roi, le Dauphin, le duc de Biron,

1232 2225 539 32 le comte d’Eu, la Reine, etc.

1147 2294 845 42 4281 CONTT (Maison de). — Pièce nota¬

1192 2340 800 38 riée ms. insinuée au Châtelet, Paris-

1196 2387 796 45 1709, 7 pages, in-4 parchemin. 50 fr,

1275 2448 719 39 Très importante pièce relative à la

1232 2485 763 35 succession de François Louis de Bour¬

1234 2519 759 40 bon, prince de Conti (1664-1709). La

1232 2555 762 39 succession, qui devait être recueillie par

1232 2591 763 40 son jeune frère Louis-Armand de Bour¬

1232 2627 762 37 bon-Conti (1696-1727) encore mineur,

1233 2662 762 37 était contestée par la veuve du prince

1234 2698 759 38 François-Louis. — Extrait du jugement

1232 2735 521 39 du parc civil du Châtelet.

1146 2803 847 41 4282 COURTELINE (Georges Moinaux,

1190 2851 801 45 dit), auteur dramatique. — Carte a. s.

1196 2896 795 47 1 p. in-8, obl. 12 fr.

1275 2958 720 33 Carte de félicitations. — « Très heu¬

1234 2992 761 36 reux d’un choix si heureux et auquel le

1233 3032 484 37 pays entier applaudira. »

636 3109 950 48 ACHAT DE LIVRES ET D’AUTOGRAPHES
