1101 2361
242 472 721 50 Commissaire général :<b> Kristian Romare</b>

244 534 208 36 Critique d’art.

212 957 827 53 La participation suédoise à la Biennale de

161 999 877 50 Paris a été organisée par le Comité national

160 1042 882 52 pour les expositions d'art moderne à l’étranger

161 1085 881 42 et la sélection en a été confiée à Kristian Romare,

161 1125 882 50 critique d'art. En présentant un des collectifs

161 1169 882 47 artistiques les plus représentatifs, le groupe

164 1211 883 46 Puss, les responsables ont voulu souligner une

163 1252 885 47 tendance parmi les jeunes en Suède vers le

164 1294 885 46 travail d’équipe. Il ne s’agit plus, cependant,

166 1336 884 46 d’une intégration de l’art et de l’architecture

166 1377 884 46 ou d’une synthèse de l'art et de la technique,

168 1419 883 40 mais d’une démarche fondée sur des raisons

169 1461 883 46 idéologiques. A partir d’une critique du rôle

169 1503 885 44 de l'artiste individuel, ces jeunes se sont orien¬

169 1546 883 43 tés vers une activité sur l’opinion publique,

169 1588 879 44 les collectifs se composant souvent de « laïques »

168 1630 884 42 et d’artistes travaillant ensemble. Le groupe de

172 1672 880 43 Puss a trouvé la formule la plus traditionnelle

172 1716 621 40 du collectif, celle d’une rédaction.

902 74 192 59 <b>SUEDE</b>

226 1777 827 42 Hors du travail rédactionnel, Lars Hillersberg,

175 1818 879 44 Ulf Rahmberg et Lena Svedberg ont participé à

176 1860 880 44 l’exposition politique du parc d’attractions

177 1902 881 43 « Moment de plaisir » de RiksutstälIningar, expo¬

176 1943 882 44 sition nationale qui tourne en Suède. Lena Sved¬

177 1984 881 45 berg, responsable du groupe à la Sixième Bien¬

178 2026 878 44 nale, a exposé avec « Les Vilains » à Lund en

180 2066 880 46 1968 et à « Underground » en 1969. Anders Peter¬

179 2109 880 47 sen, photographe, a collaboré en 1969 à l’expo¬

179 2149 879 48 sition sociologique « La ville renvoyée » au Musée

182 2194 437 41 municipal de Stockholm.

1018 2275 50 51 115
