1424 2299
582 72 143 61 - 11 -

87 168 1149 38 76 Emery (Jacq.-And.), savant théologien, supérieur des Sulpi¬

140 203 1098 38 ciens, né à Gex. — L. a. s., 23 septembre, 1 p. in-4. 3 »

172 245 914 30 Relative à son nouvel ouvrage, le Christianisme de Bacon.

87 284 1154 38 77 Emmius (Ubo) illustre historien hollandais, qui fonda la

141 320 1099 37 réputation de l’Université de Groningue, auteur de la Vetus

142 355 1099 34 Græcia illustrata. — L. a. s., en latin, à Pétrus Scriverius

142 391 1100 38 (comme lui savant historien national); Groningue, 25 août

142 426 1099 38 1614, 1 p. pet. in-4, traces de cachet. Belle épitre litté¬

142 463 1098 28 raire. 5 »

89 502 1153 38 78 Eugène de Savoie (le prince), illustre généralissime des

142 538 1096 37 armées impériales. — Let. sig.; Milberg, 1713, 2 p. pet.

142 574 1099 28 in-4. 3 »

90 612 1151 37 79 Faidherbe (L.-L.-C.), général en chef de l’armée du Nord

142 649 1100 64 pendant la guerre contre la Prusse, né à Lille. — Let. sig.;

145 683 1097 37 Lille, 21 mai 1878, 2 p. in-8. Rare. 5 »

175 724 1069 33 Curieuse lettre scientifique sur une espèce de papillon, à qui l'on a

144 757 247 24 donné son nom.

90 791 1156 38 80 Favre (Jules), homme d’Etat et illustre orateur parlemen¬

143 827 1101 38 taire, de l’Acad. fr. — Let. sig. à un journaliste, (1858),

146 863 1097 35 4 p. in-8. 5 »

178 899 1067 31 Lettre des plus curieuses sur la conduite de M. le procureur général

145 930 1101 32 Dupin, qui s’est permis de censurer les paroles qu’il a prononcées à la

145 961 1101 32 Cour d’assises, dans l’affaire d’Orsini : « Cette censure, dont mon respect

145 992 1099 32 pour le caractère officiel dont M. le procureur général est revêtu,

148 1024 1098 32 m’empêche de qualifier les formes, était complètement étrangère aux

145 1055 1101 26 débats soulevés devant la Cour de cassation. C’est donc sans utilité

144 1086 1103 32 aucune que M. le Procureur général l’a prononcée...... Il n’a pas pris

146 1117 1101 33 garde que ce blâme intempestif remontait jusqu’au souverain qui a

147 1147 1102 34 permis la lecture et la publication du document objet de tant

146 1181 196 31 d’attaques. »

93 1215 1154 42 81 Faye d’Espeisses (Jacques), célèbre homme d’Etat et diplo¬

147 1251 1100 41 mate français du XVIe siècle, qui suivit Henri III en Pologne

147 1287 1101 37 et qui essaya en vain de lui conserver la couronne de ce

148 1322 1099 41 royaume, président au Parlement de Paris, mort à Senlis en

149 1358 1099 37 1590. — Quittance sig., sur vélin, 1574, 1 p. in-4, cachet. 6 »

177 1398 1073 32 Relative à un voyage qu’il fit de Lyon en Pologne pour affaires

149 1430 760 32 importantes concernant le service de Sa Majesté.

94 1465 1155 36 82 Ferry (Jules), membre du Gouvernement de la Défense

149 1500 1097 38 nationale, maire de Paris, ministre de l’instruction publique.

148 1536 1101 37 — L. a. s., 1869, 1 p. in-18. 4 »

96 1576 1153 37 83 Fieubet (Gaspard de), poète du XVIIe siècle, célèbre par son

150 1612 1100 42 épigramme contre Saint-Pavin, ami de Mme de Sévigné. —

150 1648 1100 37 Pièce sig., sur vélin, 1636, 1 p. in-4 oblong. 3 »

182 1688 1069 33 Ordre de payer la somme de 365,000 livres, « pour les réparations à

151 1720 581 30 faire aux fortifications du royaume. »

98 1755 1153 37 84 Flameng (Léopold), célèbre aquafortiste contemporain.—

152 1791 1098 37 Billet aut. sig. au crayon, 1 p. in-8 oblong. 3 »

98 1830 1153 37 85 Fouché (Joseph), célèbre conventionnel et ministre de

152 1866 1100 38 Napoléon Ier. — Let. sig. au colonel de la 11eme légion de Paris,

154 1902 1098 38 (1830), 1 p. in-4. 4 »

185 1942 1068 32 Curieuse lettre historique sur la Révolution de 1830. Il le prévient

158 1973 1097 34 qu’il a donné l’ordre dans toutes les légions de faire prendre les

155 2005 1097 39 armes à un bataillon qui restera en permanence dans chaque mairie.

158 2036 1095 33 On battra le rappel et les autres bataillons devront être prêts à prendre

157 2067 703 32 les armes aussitôt qu’ils en recevront l’ordre.
