<?xml version="1.0" encoding="utf-8"?>
<alto xmlns="http://www.loc.gov/standards/alto/ns-v4#" xmlns:xsi="http://www.w3.org/2001/XMLSchema-instance" xsi:schemaLocation="http://www.loc.gov/standards/alto/ns-v4# https://gitlab.inria.fr/scripta/escriptorium/-/raw/develop/app/escriptorium/static/alto-4-1-baselines.xsd">
<Description>
<MeasurementUnit>pixel</MeasurementUnit><sourceImageInformation><fileName>1881_11_RDA_N070-1.png</fileName></sourceImageInformation>
<OCRProcessing ID="IdOcr">
<ocrProcessingStep>
<processingDateTime>2020-10-31T11:22:21.365+01:00</processingDateTime>
<processingSoftware>
<softwareCreator>READ COOP</softwareCreator>
<softwareName>Transkribus</softwareName>
</processingSoftware>
</ocrProcessingStep>
</OCRProcessing>
</Description>
<Layout>
<Page HEIGHT="2299" ID="Page1" PHYSICAL_IMG_NR="1" WIDTH="1424">
<TopMargin HEIGHT="102" HPOS="0" VPOS="0" WIDTH="1424"/>
<LeftMargin HEIGHT="2014" HPOS="0" VPOS="102" WIDTH="54"/>
<RightMargin HEIGHT="2014" HPOS="1283" VPOS="102" WIDTH="141"/>
<BottomMargin HEIGHT="183" HPOS="0" VPOS="2116" WIDTH="1424"/>
<PrintSpace HEIGHT="2014" HPOS="54" VPOS="102" WIDTH="1229">
<TextBlock HEIGHT="31" HPOS="129" ID="r_1_1" VPOS="107" WIDTH="233">
<Shape>
<Polygon POINTS="129 107 362 107 362 138 129 138"/>
</Shape>
<TextLine BASELINE="130 137 361 137" HEIGHT="29" HPOS="130" ID="tl_1" VPOS="108" WIDTH="231">
<String CONTENT="XVIe année." HEIGHT="29" HPOS="130" ID="string_tl_1" VPOS="108" WIDTH="231"/>
</TextLine>
</TextBlock>
<TextBlock HEIGHT="29" HPOS="608" ID="r_2_1" VPOS="108" WIDTH="125">
<Shape>
<Polygon POINTS="608 108 733 108 733 137 608 137"/>
</Shape>
<TextLine BASELINE="609 136 732 136" HEIGHT="27" HPOS="609" ID="tl_2" VPOS="109" WIDTH="123">
<String CONTENT="N° 70." HEIGHT="27" HPOS="609" ID="string_tl_2" VPOS="109" WIDTH="123"/>
</TextLine>
</TextBlock>
<TextBlock HEIGHT="31" HPOS="878" ID="r_3_1" VPOS="107" WIDTH="315">
<Shape>
<Polygon POINTS="878 107 1193 107 1193 138 878 138"/>
</Shape>
<TextLine BASELINE="879 137 1192 137" HEIGHT="29" HPOS="879" ID="tl_3" VPOS="108" WIDTH="313">
<String CONTENT="Novembre 1881." HEIGHT="29" HPOS="879" ID="string_tl_3" VPOS="108" WIDTH="313"/>
</TextLine>
</TextBlock>
<TextBlock HEIGHT="54" HPOS="476" ID="r_4_1" VPOS="230" WIDTH="373">
<Shape>
<Polygon POINTS="476 230 849 230 849 284 476 284"/>
</Shape>
<TextLine BASELINE="477 283 848 283" HEIGHT="52" HPOS="477" ID="tl_4" VPOS="231" WIDTH="371">
<String CONTENT="REVUE" HEIGHT="52" HPOS="477" ID="string_tl_4" VPOS="231" WIDTH="371"/>
</TextLine>
</TextBlock>
<TextBlock HEIGHT="23" HPOS="636" ID="r_4_2" VPOS="316" WIDTH="58">
<Shape>
<Polygon POINTS="636 316 694 316 694 339 636 339"/>
</Shape>
<TextLine BASELINE="637 338 693 338" HEIGHT="21" HPOS="637" ID="tl_5" VPOS="317" WIDTH="56">
<String CONTENT="SES" HEIGHT="21" HPOS="637" ID="string_tl_5" VPOS="317" WIDTH="56"/>
</TextLine>
</TextBlock>
<TextBlock HEIGHT="150" HPOS="89" ID="r_6_1" VPOS="373" WIDTH="1158">
<Shape>
<Polygon POINTS="89 373 1247 373 1247 523 89 523"/>
</Shape>
<TextLine BASELINE="90 522 1246 522" HEIGHT="148" HPOS="90" ID="tl_6" VPOS="374" WIDTH="1156">
<String CONTENT="AUTOGRAPHES" HEIGHT="148" HPOS="90" ID="string_tl_6" VPOS="374" WIDTH="1156"/>
</TextLine>
</TextBlock>
<TextBlock HEIGHT="47" HPOS="229" ID="r_6_2" VPOS="561" WIDTH="877">
<Shape>
<Polygon POINTS="229 561 1106 561 1106 608 229 608"/>
</Shape>
<TextLine BASELINE="230 607 1105 607" HEIGHT="45" HPOS="230" ID="tl_7" VPOS="562" WIDTH="875">
<String CONTENT="DES CURIOSITÉS DE L'HISTOIRE &amp; DE LA BIOGRAPHIE" HEIGHT="45" HPOS="230" ID="string_tl_7" VPOS="562" WIDTH="875"/>
</TextLine>
</TextBlock>
<TextBlock HEIGHT="37" HPOS="343" ID="r_6_4" VPOS="641" WIDTH="653">
<Shape>
<Polygon POINTS="343 641 996 641 996 678 343 678"/>
</Shape>
<TextLine BASELINE="344 677 995 677" HEIGHT="35" HPOS="344" ID="tl_9" VPOS="642" WIDTH="651">
<String CONTENT="Fondée en 1866 par Gabriel CHARAVAY" HEIGHT="35" HPOS="344" ID="string_tl_9" VPOS="642" WIDTH="651"/>
</TextLine>
</TextBlock>
<TextBlock HEIGHT="31" HPOS="107" ID="r_6_5" VPOS="700" WIDTH="1128">
<Shape>
<Polygon POINTS="107 700 1235 700 1235 731 107 731"/>
</Shape>
<TextLine BASELINE="108 730 1234 730" HEIGHT="29" HPOS="108" ID="tl_10" VPOS="701" WIDTH="1126">
<String CONTENT="PARAISSANT CHAQUE MOIS, SOUS LA DIRECTION DE" HEIGHT="29" HPOS="108" ID="string_tl_10" VPOS="701" WIDTH="1126"/>
</TextLine>
</TextBlock>
<TextBlock HEIGHT="37" HPOS="399" ID="r_7_1" VPOS="750" WIDTH="549">
<Shape>
<Polygon POINTS="399 750 948 750 948 787 399 787"/>
</Shape>
<TextLine BASELINE="400 786 947 786" HEIGHT="35" HPOS="400" ID="tl_12" VPOS="751" WIDTH="547">
<String CONTENT="EUGÈNE CHARAVAY Fils" HEIGHT="35" HPOS="400" ID="string_tl_12" VPOS="751" WIDTH="547"/>
</TextLine>
</TextBlock>
<TextBlock HEIGHT="38" HPOS="207" ID="r_8_1" VPOS="855" WIDTH="922">
<Shape>
<Polygon POINTS="207 855 1129 855 1129 893 207 893"/>
</Shape>
<TextLine BASELINE="208 892 1128 892" HEIGHT="36" HPOS="208" ID="tl_13" VPOS="856" WIDTH="920">
<String CONTENT="PRIX DE L’ABONNEMENT : Pour un an (12 numéros) :" HEIGHT="36" HPOS="208" ID="string_tl_13" VPOS="856" WIDTH="920"/>
</TextLine>
</TextBlock>
<TextBlock HEIGHT="101" HPOS="85" ID="r_8_2" VPOS="908" WIDTH="1171">
<Shape>
<Polygon POINTS="85 908 1256 908 1256 1009 85 1009"/>
</Shape>
<TextLine BASELINE="86 940 1255 940" HEIGHT="31" HPOS="86" ID="tl_14" VPOS="909" WIDTH="1169">
<String CONTENT="France, 3 f.; Etranger, 4 f. — On s’abonne à Paris, chez M. Eugène CHARAVAY," HEIGHT="31" HPOS="86" ID="string_tl_14" VPOS="909" WIDTH="1169"/>
</TextLine>
<TextLine BASELINE="394 972 939 972" HEIGHT="31" HPOS="394" ID="tl_15" VPOS="941" WIDTH="545">
<String CONTENT="8, quai du Louvre. — Et à Londres:" HEIGHT="31" HPOS="394" ID="string_tl_15" VPOS="941" WIDTH="545"/>
</TextLine>
<TextLine BASELINE="179 1008 1163 1008" HEIGHT="30" HPOS="179" ID="tl_16" VPOS="978" WIDTH="984">
<String CONTENT="chez M. A.-W. Thibaudeau, 18, Green Street, St-Martin’s Place." HEIGHT="30" HPOS="179" ID="string_tl_16" VPOS="978" WIDTH="984"/>
</TextLine>
</TextBlock>
<TextBlock HEIGHT="77" HPOS="84" ID="r_9_1" VPOS="1062" WIDTH="1172">
<Shape>
<Polygon POINTS="84 1062 1256 1062 1256 1139 84 1139"/>
</Shape>
<TextLine BASELINE="120 1099 1255 1099" HEIGHT="36" HPOS="120" ID="tl_17" VPOS="1063" WIDTH="1135">
<String CONTENT="Sommaire : 1° Une vente d’autographes.— 2° M. Dubrunfaut.— 3° Auto¬" HEIGHT="36" HPOS="120" ID="string_tl_17" VPOS="1063" WIDTH="1135"/>
</TextLine>
<TextLine BASELINE="85 1138 560 1138" HEIGHT="34" HPOS="85" ID="tl_18" VPOS="1104" WIDTH="475">
<String CONTENT="graphes divers à prix marqués." HEIGHT="34" HPOS="85" ID="string_tl_18" VPOS="1104" WIDTH="475"/>
</TextLine>
</TextBlock>
<TextBlock HEIGHT="34" HPOS="251" ID="r_10_1" VPOS="1241" WIDTH="846">
<Shape>
<Polygon POINTS="251 1241 1097 1241 1097 1275 251 1275"/>
</Shape>
<TextLine BASELINE="252 1274 1096 1274" HEIGHT="32" HPOS="252" ID="tl_19" VPOS="1242" WIDTH="844">
<String CONTENT="UNE VENTE D’AUTOGRAPHES." HEIGHT="32" HPOS="252" ID="string_tl_19" VPOS="1242" WIDTH="844"/>
</TextLine>
</TextBlock>
<TextBlock HEIGHT="442" HPOS="84" ID="r_10_2" VPOS="1335" WIDTH="1178">
<Shape>
<Polygon POINTS="84 1335 1262 1335 1262 1777 84 1777"/>
</Shape>
<TextLine BASELINE="127 1374 1259 1374" HEIGHT="38" HPOS="127" ID="tl_20" VPOS="1336" WIDTH="1132">
<String CONTENT="Le 22 novembre courant, aura lieu par nos soins la première" HEIGHT="38" HPOS="127" ID="string_tl_20" VPOS="1336" WIDTH="1132"/>
</TextLine>
<TextLine BASELINE="86 1415 1259 1415" HEIGHT="39" HPOS="86" ID="tl_21" VPOS="1376" WIDTH="1173">
<String CONTENT="vente d'autographes de la saison. On ne commence pas aussitôt" HEIGHT="39" HPOS="86" ID="string_tl_21" VPOS="1376" WIDTH="1173"/>
</TextLine>
<TextLine BASELINE="86 1455 1256 1455" HEIGHT="40" HPOS="86" ID="tl_22" VPOS="1415" WIDTH="1170">
<String CONTENT="que cela ordinairement, aujourd’hui surtout où l’on prolonge son" HEIGHT="40" HPOS="86" ID="string_tl_22" VPOS="1415" WIDTH="1170"/>
</TextLine>
<TextLine BASELINE="86 1495 1258 1495" HEIGHT="39" HPOS="86" ID="tl_23" VPOS="1456" WIDTH="1172">
<String CONTENT="séjour à la campagne le plus tard possible; mais les pièces de" HEIGHT="39" HPOS="86" ID="string_tl_23" VPOS="1456" WIDTH="1172"/>
</TextLine>
<TextLine BASELINE="85 1536 1259 1536" HEIGHT="40" HPOS="85" ID="tl_24" VPOS="1496" WIDTH="1174">
<String CONTENT="choix se vendent toujours, et les amateurs retardataires n’hési¬" HEIGHT="40" HPOS="85" ID="string_tl_24" VPOS="1496" WIDTH="1174"/>
</TextLine>
<TextLine BASELINE="87 1576 1259 1576" HEIGHT="40" HPOS="87" ID="tl_25" VPOS="1536" WIDTH="1172">
<String CONTENT="tent pas à envoyer leurs commissions plutôt que de perdre une" HEIGHT="40" HPOS="87" ID="string_tl_25" VPOS="1536" WIDTH="1172"/>
</TextLine>
<TextLine BASELINE="86 1615 1260 1615" HEIGHT="38" HPOS="86" ID="tl_26" VPOS="1577" WIDTH="1174">
<String CONTENT="occasion. Tous nos lecteurs ont dû recevoir le catalogue, qui est" HEIGHT="38" HPOS="86" ID="string_tl_26" VPOS="1577" WIDTH="1174"/>
</TextLine>
<TextLine BASELINE="86 1655 1258 1655" HEIGHT="39" HPOS="86" ID="tl_27" VPOS="1616" WIDTH="1172">
<String CONTENT="en distribution depuis plusieurs jours; néanmoins, suivant" HEIGHT="39" HPOS="86" ID="string_tl_27" VPOS="1616" WIDTH="1172"/>
</TextLine>
<TextLine BASELINE="87 1696 1260 1696" HEIGHT="40" HPOS="87" ID="tl_28" VPOS="1656" WIDTH="1173">
<String CONTENT="notre habitude, nous allons donner un aperçu rapide des pièces" HEIGHT="40" HPOS="87" ID="string_tl_28" VPOS="1656" WIDTH="1173"/>
</TextLine>
<TextLine BASELINE="88 1736 1261 1736" HEIGHT="40" HPOS="88" ID="tl_29" VPOS="1696" WIDTH="1173">
<String CONTENT="principales, qui permettra de juger, avec notre mode de" HEIGHT="40" HPOS="88" ID="string_tl_29" VPOS="1696" WIDTH="1173"/>
</TextLine>
<TextLine BASELINE="89 1776 999 1776" HEIGHT="39" HPOS="89" ID="tl_30" VPOS="1737" WIDTH="910">
<String CONTENT="groupement, de l’importance de celte collection :" HEIGHT="39" HPOS="89" ID="string_tl_30" VPOS="1737" WIDTH="910"/>
</TextLine>
</TextBlock>
<TextBlock HEIGHT="322" HPOS="87" ID="r_10_3" VPOS="1789" WIDTH="1178">
<Shape>
<Polygon POINTS="87 1789 1265 1789 1265 2111 87 2111"/>
</Shape>
<TextLine BASELINE="128 1831 1260 1831" HEIGHT="41" HPOS="128" ID="tl_31" VPOS="1790" WIDTH="1132">
<String CONTENT="Académie française : Jean Balesdens; Boileau-Despréaux ;" HEIGHT="41" HPOS="128" ID="string_tl_31" VPOS="1790" WIDTH="1132"/>
</TextLine>
<TextLine BASELINE="89 1869 1260 1869" HEIGHT="46" HPOS="89" ID="tl_32" VPOS="1823" WIDTH="1171">
<String CONTENT="le cardinal de Boisgelin, une lettre curieuse écrite d’exil;" HEIGHT="46" HPOS="89" ID="string_tl_32" VPOS="1823" WIDTH="1171"/>
</TextLine>
<TextLine BASELINE="91 1909 1261 1909" HEIGHT="39" HPOS="91" ID="tl_33" VPOS="1870" WIDTH="1170">
<String CONTENT="Boisrobert, un des premiers membres de l'Académie, dont les" HEIGHT="39" HPOS="91" ID="string_tl_33" VPOS="1870" WIDTH="1170"/>
</TextLine>
<TextLine BASELINE="88 1949 1260 1949" HEIGHT="39" HPOS="88" ID="tl_34" VPOS="1910" WIDTH="1172">
<String CONTENT="autographes sont rares; Buffon ; Chapelain, une superbe lettre;" HEIGHT="39" HPOS="88" ID="string_tl_34" VPOS="1910" WIDTH="1172"/>
</TextLine>
<TextLine BASELINE="90 1991 1262 1991" HEIGHT="42" HPOS="90" ID="tl_35" VPOS="1949" WIDTH="1172">
<String CONTENT="Charpentier, épître des plus curieuses qui contient des détails" HEIGHT="42" HPOS="90" ID="string_tl_35" VPOS="1949" WIDTH="1172"/>
</TextLine>
<TextLine BASELINE="89 2029 1261 2029" HEIGHT="39" HPOS="89" ID="tl_36" VPOS="1990" WIDTH="1172">
<String CONTENT="piquants sur Mézeray, son ancien collègue; Colardeau, une bien" HEIGHT="39" HPOS="89" ID="string_tl_36" VPOS="1990" WIDTH="1172"/>
</TextLine>
<TextLine BASELINE="88 2071 1264 2071" HEIGHT="41" HPOS="88" ID="tl_37" VPOS="2030" WIDTH="1176">
<String CONTENT="jolie lettre à Le Kain ; Condillac ; Destouches, comparant Mlles" HEIGHT="41" HPOS="88" ID="string_tl_37" VPOS="2030" WIDTH="1176"/>
</TextLine>
<TextLine BASELINE="89 2110 1262 2110" HEIGHT="39" HPOS="89" ID="tl_38" VPOS="2071" WIDTH="1173">
<String CONTENT="Sallé et Camargo, les célèbres danseuses; le cardinal Dubois," HEIGHT="39" HPOS="89" ID="string_tl_38" VPOS="2071" WIDTH="1173"/>
</TextLine>
</TextBlock>
<GraphicalElement HEIGHT="4" HPOS="116" ID="r_11" VPOS="172" WIDTH="1129"/>
<GraphicalElement HEIGHT="4" HPOS="103" ID="r_12" VPOS="180" WIDTH="1143"/>
<GraphicalElement HEIGHT="9" HPOS="84" ID="r_13" VPOS="819" WIDTH="184"/>
<GraphicalElement HEIGHT="4" HPOS="287" ID="r_14" VPOS="820" WIDTH="965"/>
<GraphicalElement HEIGHT="4" HPOS="86" ID="r_15" VPOS="1029" WIDTH="1167"/>
<GraphicalElement HEIGHT="4" HPOS="87" ID="r_16" VPOS="1036" WIDTH="1166"/>
<GraphicalElement HEIGHT="4" HPOS="89" ID="r_17" VPOS="1162" WIDTH="1170"/>
<GraphicalElement HEIGHT="5" HPOS="89" ID="r_18" VPOS="1169" WIDTH="1170"/>
</PrintSpace>
</Page>
</Layout>
</alto>