<?xml version="1.0" encoding="utf-8"?>
<alto xmlns="http://www.loc.gov/standards/alto/ns-v4#" xmlns:xsi="http://www.w3.org/2001/XMLSchema-instance" xsi:schemaLocation="http://www.loc.gov/standards/alto/ns-v4# https://gitlab.inria.fr/scripta/escriptorium/-/raw/develop/app/escriptorium/static/alto-4-1-baselines.xsd">
<Description>
<MeasurementUnit>pixel</MeasurementUnit><sourceImageInformation><fileName>1881_11_RDA_N070-13.png</fileName></sourceImageInformation>
<OCRProcessing ID="IdOcr">
<ocrProcessingStep>
<processingDateTime>2020-10-31T11:22:28.454+01:00</processingDateTime>
<processingSoftware>
<softwareCreator>READ COOP</softwareCreator>
<softwareName>Transkribus</softwareName>
</processingSoftware>
</ocrProcessingStep>
</OCRProcessing>
</Description>
<Layout>
<Page HEIGHT="2299" ID="Page1" PHYSICAL_IMG_NR="1" WIDTH="1416">
<TopMargin HEIGHT="98" HPOS="0" VPOS="0" WIDTH="1416"/>
<LeftMargin HEIGHT="2011" HPOS="0" VPOS="98" WIDTH="133"/>
<RightMargin HEIGHT="2011" HPOS="1315" VPOS="98" WIDTH="101"/>
<BottomMargin HEIGHT="190" HPOS="0" VPOS="2109" WIDTH="1416"/>
<PrintSpace HEIGHT="2011" HPOS="133" VPOS="98" WIDTH="1182">
<TextBlock HEIGHT="31" HPOS="651" ID="r_1_1" VPOS="102" WIDTH="140">
<Shape>
<Polygon POINTS="651 102 791 102 791 133 651 133"/>
</Shape>
<TextLine BASELINE="652 132 790 132" HEIGHT="29" HPOS="652" ID="tl_1" VPOS="103" WIDTH="138">
<String CONTENT="- 13 -" HEIGHT="29" HPOS="652" ID="string_tl_1" VPOS="103" WIDTH="138"/>
</TextLine>
</TextBlock>
<TextBlock HEIGHT="76" HPOS="155" ID="r_2_1" VPOS="176" WIDTH="1149">
<Shape>
<Polygon POINTS="155 176 1304 176 1304 252 155 252"/>
</Shape>
<TextLine BASELINE="156 214 1303 214" HEIGHT="37" HPOS="156" ID="tl_2" VPOS="177" WIDTH="1147">
<String CONTENT="99 Hervilly (Ernest d’), auteur de la Belle Sainara. — L. a. s. au" HEIGHT="37" HPOS="156" ID="string_tl_2" VPOS="177" WIDTH="1147"/>
</TextLine>
<TextLine BASELINE="210 251 1303 251" HEIGHT="45" HPOS="210" ID="tl_3" VPOS="206" WIDTH="1093">
<String CONTENT="directeur au journal Le Boulevard, 1862, 1 p. in-8. 3 »" HEIGHT="45" HPOS="210" ID="string_tl_3" VPOS="206" WIDTH="1093"/>
</TextLine>
</TextBlock>
<TextBlock HEIGHT="65" HPOS="208" ID="r_2_2" VPOS="253" WIDTH="1094">
<Shape>
<Polygon POINTS="208 253 1302 253 1302 318 208 318"/>
</Shape>
<TextLine BASELINE="241 287 1301 287" HEIGHT="33" HPOS="241" ID="tl_4" VPOS="254" WIDTH="1060">
<String CONTENT="Jolie lettre relative à plusieurs pièces de vers de sa composition," HEIGHT="33" HPOS="241" ID="string_tl_4" VPOS="254" WIDTH="1060"/>
</TextLine>
<TextLine BASELINE="209 317 934 317" HEIGHT="32" HPOS="209" ID="tl_5" VPOS="285" WIDTH="725">
<String CONTENT="dont une a pour titre : Les Cordons du poêle." HEIGHT="32" HPOS="209" ID="string_tl_5" VPOS="285" WIDTH="725"/>
</TextLine>
</TextBlock>
<TextBlock HEIGHT="44" HPOS="141" ID="r_2_3" VPOS="319" WIDTH="1164">
<Shape>
<Polygon POINTS="141 319 1305 319 1305 363 141 363"/>
</Shape>
<TextLine BASELINE="142 362 1304 362" HEIGHT="42" HPOS="142" ID="tl_6" VPOS="320" WIDTH="1162">
<String CONTENT="100 Hoche (Lazare), illustre général de la République. — L. a. s.;" HEIGHT="42" HPOS="142" ID="string_tl_6" VPOS="320" WIDTH="1162"/>
</TextLine>
</TextBlock>
<TextBlock HEIGHT="40" HPOS="209" ID="r_2_4" VPOS="355" WIDTH="1096">
<Shape>
<Polygon POINTS="209 355 1305 355 1305 395 209 395"/>
</Shape>
<TextLine BASELINE="210 394 1304 394" HEIGHT="38" HPOS="210" ID="tl_7" VPOS="356" WIDTH="1094">
<String CONTENT="Sarreguemines, 22 brumaire, 1/2 p. pet. in-4. 20 »" HEIGHT="38" HPOS="210" ID="string_tl_7" VPOS="356" WIDTH="1094"/>
</TextLine>
</TextBlock>
<TextBlock HEIGHT="39" HPOS="138" ID="r_2_5" VPOS="394" WIDTH="1169">
<Shape>
<Polygon POINTS="138 394 1307 394 1307 433 138 433"/>
</Shape>
<TextLine BASELINE="139 432 1306 432" HEIGHT="37" HPOS="139" ID="tl_8" VPOS="395" WIDTH="1167">
<String CONTENT="101 Hugo (Victor), l’illustre écrivain, de l’Acad. fr. — L. a. s. à" HEIGHT="37" HPOS="139" ID="string_tl_8" VPOS="395" WIDTH="1167"/>
</TextLine>
</TextBlock>
<TextBlock HEIGHT="39" HPOS="209" ID="r_2_6" VPOS="431" WIDTH="1096">
<Shape>
<Polygon POINTS="209 431 1305 431 1305 470 209 470"/>
</Shape>
<TextLine BASELINE="210 469 1304 469" HEIGHT="37" HPOS="210" ID="tl_9" VPOS="432" WIDTH="1094">
<String CONTENT="Jules Pelletan, 1838, 1 p. in-8. 5 »" HEIGHT="37" HPOS="210" ID="string_tl_9" VPOS="432" WIDTH="1094"/>
</TextLine>
</TextBlock>
<TextBlock HEIGHT="34" HPOS="246" ID="r_2_7" VPOS="472" WIDTH="1059">
<Shape>
<Polygon POINTS="246 472 1305 472 1305 506 246 506"/>
</Shape>
<TextLine BASELINE="247 505 1304 505" HEIGHT="32" HPOS="247" ID="tl_10" VPOS="473" WIDTH="1057">
<String CONTENT="Il lui adresse un billet pour assister à la représentation de Ruy-Blas." HEIGHT="32" HPOS="247" ID="string_tl_10" VPOS="473" WIDTH="1057"/>
</TextLine>
</TextBlock>
<TextBlock HEIGHT="40" HPOS="139" ID="r_2_8" VPOS="506" WIDTH="1167">
<Shape>
<Polygon POINTS="139 506 1306 506 1306 546 139 546"/>
</Shape>
<TextLine BASELINE="140 545 1305 545" HEIGHT="38" HPOS="140" ID="tl_11" VPOS="507" WIDTH="1165">
<String CONTENT="102 Joseph (Fr. Leclerc du Tremblay, dit le père), confident de" HEIGHT="38" HPOS="140" ID="string_tl_11" VPOS="507" WIDTH="1165"/>
</TextLine>
</TextBlock>
<TextBlock HEIGHT="75" HPOS="208" ID="r_2_9" VPOS="542" WIDTH="1098">
<Shape>
<Polygon POINTS="208 542 1306 542 1306 617 208 617"/>
</Shape>
<TextLine BASELINE="209 581 1304 581" HEIGHT="38" HPOS="209" ID="tl_12" VPOS="543" WIDTH="1095">
<String CONTENT="Richelieu, et que l’on appelait l'Eminence grise. — L. a. s.;" HEIGHT="38" HPOS="209" ID="string_tl_12" VPOS="543" WIDTH="1095"/>
</TextLine>
<TextLine BASELINE="209 616 1305 616" HEIGHT="37" HPOS="209" ID="tl_13" VPOS="579" WIDTH="1096">
<String CONTENT="Rueil, 14 avril (1634), 1 p. in-4. 50 »" HEIGHT="37" HPOS="209" ID="string_tl_13" VPOS="579" WIDTH="1096"/>
</TextLine>
</TextBlock>
<TextBlock HEIGHT="64" HPOS="211" ID="r_2_10" VPOS="618" WIDTH="1096">
<Shape>
<Polygon POINTS="211 618 1307 618 1307 682 211 682"/>
</Shape>
<TextLine BASELINE="250 652 1306 652" HEIGHT="33" HPOS="250" ID="tl_14" VPOS="619" WIDTH="1056">
<String CONTENT="Belle lettre. Nouvelles du roi et de M. le cardinal. Escapade du" HEIGHT="33" HPOS="250" ID="string_tl_14" VPOS="619" WIDTH="1056"/>
</TextLine>
<TextLine BASELINE="212 681 1247 681" HEIGHT="31" HPOS="212" ID="tl_15" VPOS="650" WIDTH="1035">
<String CONTENT="prince Thomas. Affaire concernant les Bénédictines de Reims, etc." HEIGHT="31" HPOS="212" ID="string_tl_15" VPOS="650" WIDTH="1035"/>
</TextLine>
</TextBlock>
<TextBlock HEIGHT="76" HPOS="140" ID="r_2_11" VPOS="684" WIDTH="1167">
<Shape>
<Polygon POINTS="140 684 1307 684 1307 760 140 760"/>
</Shape>
<TextLine BASELINE="141 723 1306 723" HEIGHT="38" HPOS="141" ID="tl_16" VPOS="685" WIDTH="1165">
<String CONTENT="103 Kersaint (Guy), célèbre conventionnel girondin, décapité en" HEIGHT="38" HPOS="141" ID="string_tl_16" VPOS="685" WIDTH="1165"/>
</TextLine>
<TextLine BASELINE="213 759 1305 759" HEIGHT="38" HPOS="213" ID="tl_17" VPOS="721" WIDTH="1092">
<String CONTENT="1793. — L. a. s. à M. Desbordes, 1777, 1 p. in-4. Rare. 10 »" HEIGHT="38" HPOS="213" ID="string_tl_17" VPOS="721" WIDTH="1092"/>
</TextLine>
</TextBlock>
<TextBlock HEIGHT="41" HPOS="141" ID="r_2_12" VPOS="761" WIDTH="1167">
<Shape>
<Polygon POINTS="141 761 1308 761 1308 802 141 802"/>
</Shape>
<TextLine BASELINE="142 801 1307 801" HEIGHT="39" HPOS="142" ID="tl_18" VPOS="762" WIDTH="1165">
<String CONTENT="104 Louis XVI, roi des Français. — Poésies historiques de 1774" HEIGHT="39" HPOS="142" ID="string_tl_18" VPOS="762" WIDTH="1165"/>
</TextLine>
</TextBlock>
<TextBlock HEIGHT="67" HPOS="211" ID="r_2_13" VPOS="796" WIDTH="1098">
<Shape>
<Polygon POINTS="211 796 1309 796 1309 863 211 863"/>
</Shape>
<TextLine BASELINE="212 835 1308 835" HEIGHT="38" HPOS="212" ID="tl_19" VPOS="797" WIDTH="1096">
<String CONTENT="à 1783, environ 50 pièces. Réunion intéressante formée par" HEIGHT="38" HPOS="212" ID="string_tl_19" VPOS="797" WIDTH="1096"/>
</TextLine>
<TextLine BASELINE="212 862 1306 862" HEIGHT="29" HPOS="212" ID="tl_20" VPOS="833" WIDTH="1094">
<String CONTENT="M. Villenave. 15 »" HEIGHT="29" HPOS="212" ID="string_tl_20" VPOS="833" WIDTH="1094"/>
</TextLine>
</TextBlock>
<TextBlock HEIGHT="39" HPOS="141" ID="r_2_14" VPOS="872" WIDTH="1162">
<Shape>
<Polygon POINTS="141 872 1303 872 1303 911 141 911"/>
</Shape>
<TextLine BASELINE="142 910 1302 910" HEIGHT="37" HPOS="142" ID="tl_21" VPOS="873" WIDTH="1160">
<String CONTENT="105 Mausart (Jules Hardoin), l’illustre architecte de Louis XIV." HEIGHT="37" HPOS="142" ID="string_tl_21" VPOS="873" WIDTH="1160"/>
</TextLine>
</TextBlock>
<TextBlock HEIGHT="39" HPOS="209" ID="r_2_15" VPOS="908" WIDTH="1097">
<Shape>
<Polygon POINTS="209 908 1306 908 1306 947 209 947"/>
</Shape>
<TextLine BASELINE="210 946 1305 946" HEIGHT="37" HPOS="210" ID="tl_22" VPOS="909" WIDTH="1095">
<String CONTENT="— Let. si g. ; Marly, 8 nov. 1703, 2 p. in-4. 42 »" HEIGHT="37" HPOS="210" ID="string_tl_22" VPOS="909" WIDTH="1095"/>
</TextLine>
</TextBlock>
<TextBlock HEIGHT="159" HPOS="212" ID="r_2_16" VPOS="948" WIDTH="1097">
<Shape>
<Polygon POINTS="212 948 1309 948 1309 1107 212 1107"/>
</Shape>
<TextLine BASELINE="249 981 1308 981" HEIGHT="32" HPOS="249" ID="tl_23" VPOS="949" WIDTH="1059">
<String CONTENT="Curieuse lettre. Il demande que le fonds de 100,000 livres destiné pour" HEIGHT="32" HPOS="249" ID="string_tl_23" VPOS="949" WIDTH="1059"/>
</TextLine>
<TextLine BASELINE="213 1012 1307 1012" HEIGHT="32" HPOS="213" ID="tl_24" VPOS="980" WIDTH="1094">
<String CONTENT="les ouvrages à faire à l'église de l’Hôtel des Invalides pendant l’année" HEIGHT="32" HPOS="213" ID="string_tl_24" VPOS="980" WIDTH="1094"/>
</TextLine>
<TextLine BASELINE="215 1044 1307 1044" HEIGHT="33" HPOS="215" ID="tl_25" VPOS="1011" WIDTH="1092">
<String CONTENT="1704, soit mis à sa disposition dans le plus bref délai possible. (Les" HEIGHT="33" HPOS="215" ID="string_tl_25" VPOS="1011" WIDTH="1092"/>
</TextLine>
<TextLine BASELINE="213 1075 1306 1075" HEIGHT="32" HPOS="213" ID="tl_26" VPOS="1043" WIDTH="1093">
<String CONTENT="bâtiments dont la construction avait été dirigée par Mansart, qui avait" HEIGHT="32" HPOS="213" ID="string_tl_26" VPOS="1043" WIDTH="1093"/>
</TextLine>
<TextLine BASELINE="213 1106 1308 1106" HEIGHT="32" HPOS="213" ID="tl_27" VPOS="1074" WIDTH="1095">
<String CONTENT="donné seul les dessins du dôme, furent complètement achevés en 1704.)" HEIGHT="32" HPOS="213" ID="string_tl_27" VPOS="1074" WIDTH="1095"/>
</TextLine>
</TextBlock>
<TextBlock HEIGHT="40" HPOS="143" ID="r_2_17" VPOS="1108" WIDTH="1167">
<Shape>
<Polygon POINTS="143 1108 1310 1108 1310 1148 143 1148"/>
</Shape>
<TextLine BASELINE="144 1147 1309 1147" HEIGHT="38" HPOS="144" ID="tl_28" VPOS="1109" WIDTH="1165">
<String CONTENT="106 Marceau (Ir.-Séverin Desgraviers), illustre général de la." HEIGHT="38" HPOS="144" ID="string_tl_28" VPOS="1109" WIDTH="1165"/>
</TextLine>
</TextBlock>
<TextBlock HEIGHT="40" HPOS="213" ID="r_2_18" VPOS="1144" WIDTH="1094">
<Shape>
<Polygon POINTS="213 1144 1307 1144 1307 1184 213 1184"/>
</Shape>
<TextLine BASELINE="214 1183 1306 1183" HEIGHT="38" HPOS="214" ID="tl_29" VPOS="1145" WIDTH="1092">
<String CONTENT="République. — P. a. s.; octobre 1793, 1 p. in-fol. 15 »" HEIGHT="38" HPOS="214" ID="string_tl_29" VPOS="1145" WIDTH="1092"/>
</TextLine>
</TextBlock>
<TextBlock HEIGHT="59" HPOS="213" ID="r_2_19" VPOS="1185" WIDTH="1096">
<Shape>
<Polygon POINTS="213 1185 1309 1185 1309 1244 213 1244"/>
</Shape>
<TextLine BASELINE="252 1218 1308 1218" HEIGHT="32" HPOS="252" ID="tl_30" VPOS="1186" WIDTH="1056">
<String CONTENT="Demande de ses appointements comme général de brigade à l’armée" HEIGHT="32" HPOS="252" ID="string_tl_30" VPOS="1186" WIDTH="1056"/>
</TextLine>
<TextLine BASELINE="214 1243 369 1243" HEIGHT="26" HPOS="214" ID="tl_31" VPOS="1217" WIDTH="155">
<String CONTENT="de l’Ouest." HEIGHT="26" HPOS="214" ID="string_tl_31" VPOS="1217" WIDTH="155"/>
</TextLine>
</TextBlock>
<TextBlock HEIGHT="38" HPOS="143" ID="r_2_20" VPOS="1252" WIDTH="1164">
<Shape>
<Polygon POINTS="143 1252 1307 1252 1307 1290 143 1290"/>
</Shape>
<TextLine BASELINE="144 1289 1306 1289" HEIGHT="36" HPOS="144" ID="tl_32" VPOS="1253" WIDTH="1162">
<String CONTENT="107 Marguerite de Valois, reine de Navarre, fille de Henri II" HEIGHT="36" HPOS="144" ID="string_tl_32" VPOS="1253" WIDTH="1162"/>
</TextLine>
</TextBlock>
<TextBlock HEIGHT="145" HPOS="214" ID="r_2_21" VPOS="1288" WIDTH="1095">
<Shape>
<Polygon POINTS="214 1288 1309 1288 1309 1433 214 1433"/>
</Shape>
<TextLine BASELINE="215 1326 1307 1326" HEIGHT="37" HPOS="215" ID="tl_33" VPOS="1289" WIDTH="1092">
<String CONTENT="et de Catherine de Médicis, première femme de Henri IV, dite" HEIGHT="37" HPOS="215" ID="string_tl_33" VPOS="1289" WIDTH="1092"/>
</TextLine>
<TextLine BASELINE="215 1362 1305 1362" HEIGHT="37" HPOS="215" ID="tl_34" VPOS="1325" WIDTH="1090">
<String CONTENT="la Reine Margot, princesse célèbre par ses galanteries et son" HEIGHT="37" HPOS="215" ID="string_tl_34" VPOS="1325" WIDTH="1090"/>
</TextLine>
<TextLine BASELINE="216 1397 1308 1397" HEIGHT="37" HPOS="216" ID="tl_35" VPOS="1360" WIDTH="1092">
<String CONTENT="amour pour les arts. — Pièce aut. sig., sur vélin; Paris," HEIGHT="37" HPOS="216" ID="string_tl_35" VPOS="1360" WIDTH="1092"/>
</TextLine>
<TextLine BASELINE="215 1432 1306 1432" HEIGHT="37" HPOS="215" ID="tl_36" VPOS="1395" WIDTH="1091">
<String CONTENT="31 déc. 1614, 1 p. in-4. obl. 38 »" HEIGHT="37" HPOS="215" ID="string_tl_36" VPOS="1395" WIDTH="1091"/>
</TextLine>
</TextBlock>
<TextBlock HEIGHT="66" HPOS="215" ID="r_2_22" VPOS="1430" WIDTH="1095">
<Shape>
<Polygon POINTS="215 1430 1310 1430 1310 1496 215 1496"/>
</Shape>
<TextLine BASELINE="254 1463 1309 1463" HEIGHT="32" HPOS="254" ID="tl_37" VPOS="1431" WIDTH="1055">
<String CONTENT="Reçu de la somme de trois mille écus « pour nostre cartier de juillet" HEIGHT="32" HPOS="254" ID="string_tl_37" VPOS="1431" WIDTH="1055"/>
</TextLine>
<TextLine BASELINE="216 1495 1229 1495" HEIGHT="32" HPOS="216" ID="tl_38" VPOS="1463" WIDTH="1013">
<String CONTENT="mil six sans saise de la pantion qu’il pleist au roi nous donner. »" HEIGHT="32" HPOS="216" ID="string_tl_38" VPOS="1463" WIDTH="1013"/>
</TextLine>
</TextBlock>
<TextBlock HEIGHT="37" HPOS="144" ID="r_2_23" VPOS="1497" WIDTH="1164">
<Shape>
<Polygon POINTS="144 1497 1308 1497 1308 1534 144 1534"/>
</Shape>
<TextLine BASELINE="145 1533 1307 1533" HEIGHT="35" HPOS="145" ID="tl_39" VPOS="1498" WIDTH="1162">
<String CONTENT="108 Marie Leczinska, reine de France, femme de Louis XV. —" HEIGHT="35" HPOS="145" ID="string_tl_39" VPOS="1498" WIDTH="1162"/>
</TextLine>
</TextBlock>
<TextBlock HEIGHT="67" HPOS="214" ID="r_2_24" VPOS="1532" WIDTH="1096">
<Shape>
<Polygon POINTS="214 1532 1310 1532 1310 1599 214 1599"/>
</Shape>
<TextLine BASELINE="215 1570 1309 1570" HEIGHT="37" HPOS="215" ID="tl_40" VPOS="1533" WIDTH="1094">
<String CONTENT="Let. aut. au comte de Saint-Florentin; 1/2 p. in-4., cachet à" HEIGHT="37" HPOS="215" ID="string_tl_40" VPOS="1533" WIDTH="1094"/>
</TextLine>
<TextLine BASELINE="215 1598 1307 1598" HEIGHT="29" HPOS="215" ID="tl_41" VPOS="1569" WIDTH="1092">
<String CONTENT="ses armes. 30 »" HEIGHT="29" HPOS="215" ID="string_tl_41" VPOS="1569" WIDTH="1092"/>
</TextLine>
</TextBlock>
<TextBlock HEIGHT="34" HPOS="254" ID="r_2_25" VPOS="1604" WIDTH="1013">
<Shape>
<Polygon POINTS="254 1604 1267 1604 1267 1638 254 1638"/>
</Shape>
<TextLine BASELINE="255 1637 1266 1637" HEIGHT="32" HPOS="255" ID="tl_42" VPOS="1605" WIDTH="1011">
<String CONTENT="Belle lettre dans laquelle il est question de Lassone, son médecin." HEIGHT="32" HPOS="255" ID="string_tl_42" VPOS="1605" WIDTH="1011"/>
</TextLine>
</TextBlock>
<TextBlock HEIGHT="42" HPOS="148" ID="r_2_26" VPOS="1639" WIDTH="1161">
<Shape>
<Polygon POINTS="148 1639 1309 1639 1309 1681 148 1681"/>
</Shape>
<TextLine BASELINE="149 1680 1308 1680" HEIGHT="40" HPOS="149" ID="tl_43" VPOS="1640" WIDTH="1159">
<String CONTENT="109 Marignan (J.-J. de Médicis, marquis de), un des plus célèbres" HEIGHT="40" HPOS="149" ID="string_tl_43" VPOS="1640" WIDTH="1159"/>
</TextLine>
</TextBlock>
<TextBlock HEIGHT="110" HPOS="212" ID="r_2_27" VPOS="1675" WIDTH="1097">
<Shape>
<Polygon POINTS="212 1675 1309 1675 1309 1785 212 1785"/>
</Shape>
<TextLine BASELINE="218 1713 1308 1713" HEIGHT="37" HPOS="218" ID="tl_44" VPOS="1676" WIDTH="1090">
<String CONTENT="capitaines du XVIe siècle, né en 1497, mort en 1555. — Let. sig.," HEIGHT="37" HPOS="218" ID="string_tl_44" VPOS="1676" WIDTH="1090"/>
</TextLine>
<TextLine BASELINE="213 1748 1307 1748" HEIGHT="37" HPOS="213" ID="tl_45" VPOS="1711" WIDTH="1094">
<String CONTENT="avec la souscript. aut., au capitaine Lanfranchi ; 9 août 1554," HEIGHT="37" HPOS="213" ID="string_tl_45" VPOS="1711" WIDTH="1094"/>
</TextLine>
<TextLine BASELINE="217 1784 1307 1784" HEIGHT="37" HPOS="217" ID="tl_46" VPOS="1747" WIDTH="1090">
<String CONTENT="1 p. in-f., traces de cachet. Rare. 35 »" HEIGHT="37" HPOS="217" ID="string_tl_46" VPOS="1747" WIDTH="1090"/>
</TextLine>
</TextBlock>
<TextBlock HEIGHT="38" HPOS="144" ID="r_2_28" VPOS="1786" WIDTH="1165">
<Shape>
<Polygon POINTS="144 1786 1309 1786 1309 1824 144 1824"/>
</Shape>
<TextLine BASELINE="145 1823 1308 1823" HEIGHT="36" HPOS="145" ID="tl_47" VPOS="1787" WIDTH="1163">
<String CONTENT="110 Marquis, député de la Meuse à la Convention, commissaire" HEIGHT="36" HPOS="145" ID="string_tl_47" VPOS="1787" WIDTH="1163"/>
</TextLine>
</TextBlock>
<TextBlock HEIGHT="110" HPOS="214" ID="r_2_29" VPOS="1821" WIDTH="1095">
<Shape>
<Polygon POINTS="214 1821 1309 1821 1309 1931 214 1931"/>
</Shape>
<TextLine BASELINE="216 1859 1308 1859" HEIGHT="37" HPOS="216" ID="tl_48" VPOS="1822" WIDTH="1092">
<String CONTENT="pour les départements d’Outre-Rhin, en remplacement de" HEIGHT="37" HPOS="216" ID="string_tl_48" VPOS="1822" WIDTH="1092"/>
</TextLine>
<TextLine BASELINE="215 1895 1307 1895" HEIGHT="37" HPOS="215" ID="tl_49" VPOS="1858" WIDTH="1092">
<String CONTENT="Ru d 1er. — Let. sig. au sous-préfet de l’arrondissement de" HEIGHT="37" HPOS="215" ID="string_tl_49" VPOS="1858" WIDTH="1092"/>
</TextLine>
<TextLine BASELINE="216 1930 1307 1930" HEIGHT="38" HPOS="216" ID="tl_50" VPOS="1892" WIDTH="1091">
<String CONTENT="Toul; Nancy, an XII, 2 p. in-4. 3 »" HEIGHT="38" HPOS="216" ID="string_tl_50" VPOS="1892" WIDTH="1091"/>
</TextLine>
</TextBlock>
<TextBlock HEIGHT="41" HPOS="144" ID="r_2_30" VPOS="1932" WIDTH="1165">
<Shape>
<Polygon POINTS="144 1932 1309 1932 1309 1973 144 1973"/>
</Shape>
<TextLine BASELINE="145 1972 1308 1972" HEIGHT="39" HPOS="145" ID="tl_51" VPOS="1933" WIDTH="1163">
<String CONTENT="111 Maupertuis (P.-L. Moreau de), géomètre et astronome, de" HEIGHT="39" HPOS="145" ID="string_tl_51" VPOS="1933" WIDTH="1163"/>
</TextLine>
</TextBlock>
<TextBlock HEIGHT="39" HPOS="215" ID="r_2_31" VPOS="1968" WIDTH="1093">
<Shape>
<Polygon POINTS="215 1968 1308 1968 1308 2007 215 2007"/>
</Shape>
<TextLine BASELINE="216 2006 1307 2006" HEIGHT="37" HPOS="216" ID="tl_52" VPOS="1969" WIDTH="1091">
<String CONTENT="l’Acad. fr. — Pièce aut., (1749), 3 p. in-4. 18 »" HEIGHT="37" HPOS="216" ID="string_tl_52" VPOS="1969" WIDTH="1091"/>
</TextLine>
</TextBlock>
<TextBlock HEIGHT="96" HPOS="217" ID="r_2_32" VPOS="2008" WIDTH="1092">
<Shape>
<Polygon POINTS="217 2008 1309 2008 1309 2104 217 2104"/>
</Shape>
<TextLine BASELINE="255 2034 1308 2034" HEIGHT="25" HPOS="255" ID="tl_53" VPOS="2009" WIDTH="1053">
<String CONTENT="Minute d'une lettre très-curieuse sur la mort de Mme du Chastelet :" HEIGHT="25" HPOS="255" ID="string_tl_53" VPOS="2009" WIDTH="1053"/>
</TextLine>
<TextLine BASELINE="218 2072 1308 2072" HEIGHT="32" HPOS="218" ID="tl_54" VPOS="2040" WIDTH="1090">
<String CONTENT="« On mande que M. de Voltaire fend les rochers par ses cris; il a" HEIGHT="32" HPOS="218" ID="string_tl_54" VPOS="2040" WIDTH="1090"/>
</TextLine>
<TextLine BASELINE="220 2103 1308 2103" HEIGHT="32" HPOS="220" ID="tl_55" VPOS="2071" WIDTH="1088">
<String CONTENT="raison, s’il sent comme il doit la perte qu’il vient de faire et qu’il en" HEIGHT="32" HPOS="220" ID="string_tl_55" VPOS="2071" WIDTH="1088"/>
</TextLine>
</TextBlock>
</PrintSpace>
</Page>
</Layout>
</alto>