1432 2245
617 68 139 27 — 14 —

176 141 1093 33 prévoit les malheureuses suites : mais est-ce à lui à soupçonner seule¬

174 172 1095 34 ment que la considération où il se voit élevé puisse en souffrir la

174 206 294 25 moindre atteinte? »

104 238 1165 40 112 Mazarin, le grand ministre. — L. a. s., en français, à Son

174 275 1097 39 Altesse Royale...; la Fère, 28 juin 1657, 2 p. in-4, cachets à

175 307 1094 35 ses armes. Très-belle lettre. 40 »

104 351 1165 38 113 Mérimée (Prosper), Fauteur de Clara Gazul, de l’Acad. fr. —

175 386 1095 39 L. a. s., 2 juin 1841,1 p. in-8. Curieuse et spirituelle épître. 8 »

105 426 1165 39 114 Mignard (Pierre), un des plus grands peintres du siècle de

176 462 1095 39 Fouis XIV. — L. a. s. au peintre Garigue, à Versailles; Paris,

176 498 1097 39 ce mercredi, 1 p. in-4, fragment de cachet. Pièce fripée et

178 535 1093 36 un peu tachée. Rare. 50 »

214 569 1059 35 Il lui fait des offres pour l'achat de son tableau représentant le roi à

177 603 105 25 cheval.

106 636 1166 38 115 Milhaud (le comte J.-B.), conventionnel, célèbre général de

176 673 1096 37 la République et de l’Empire, né dans le Cantal. — Pièce aut.

177 708 1095 38 sig.; Gènes, 20 nivôse an XII, 1 p. in-4. 5 »

217 745 1056 32 Curieuse pièce. Original du serment prêté par lui au gouvernement

178 775 1095 34 de la République, comme général commandant une division de l’armée

177 808 115 25 d’Italie.

107 843 1168 37 116 Moncrif (Paradis de), poète et romancier, auteur de l'Histoire

187 878 1088 36 des Chats, membre de l'Acad. fr. — L. a. s. à l'abbé Mercier

179 914 1095 38 Saint-Léger; Versailles, jeudi 28, 1 p. in-8. 17 »

108 953 1168 39 117 Montémont (Albert), poète, romancier, traducteur de Walter

180 989 1094 36 Scott, né à Remiremont. Lettres sur l'astronomie, 3e édition,

181 1026 1093 29 2 volumes in-8 en feuilles. 20 »

219 1061 1057 33 Exemplaire préparé par l’auteur pour une 4e édition. Il est rempli de

180 1093 1097 32 notes et de corrections autographes. On y a joint une pièce de vers

178 1125 433 30 aut. sig. intitulée : La Rose.

112 1160 1165 40 118 Napoléon Ier, empereur des Français. — Brevet signé, sur

179 1195 1097 38 vélin, 1 page double in-f. Belle pièce. 10 »

109 1235 1168 39 119 Natoire (Ch.-J.), gracieux peintre du siècle de Louis XV, le

180 1271 1097 38 rival de Boucher. — L. a. s. à M. Duchesne, prévôt des bâti¬

181 1307 1096 37 ments du roi à Versailles; Rome, 29 avril 1755, 3 p. in-4,

180 1343 1095 29 cachet. 25 »

217 1379 1060 32 Très-intéressante lettre sur ses ouvrages et dans laquelle il parle de

182 1411 1096 31 Coustou, le Romain, son correspondant à Paris, puis de l'achèvement

183 1442 1095 25 du vieux Louvre. Il lui confirme l’envoi de ses tableaux de Marc-

182 1473 1095 32 Antoine et du maréchal de Noailles, de copies d’après Raphaël, etc. —

179 1504 781 32 On y a joint la minute de la réponse de Duchesne.

112 1540 1165 37 120 Pellisson-Fontanier (Paul), ami et éloquent défenseur de

182 1575 1096 41 Fouquet, littérateur, de l'Acad. fr. — Let. sig. à Bossuet; Paris,

184 1611 1094 37 19 juin 1692, 4 p. 1/2 in-4. Légèrement piquée d'humidité

184 1646 1094 30 dans le bas. 23 »

222 1683 817 32 Intéressante lettre dans laquelle il parie de Leibnitz.

116 1718 1162 36 121 Perrault (Charles), l'auteur des Contes, de l'Acad. fr. — Let.

185 1753 1093 38 aut., 22 janv. 1690, 2 p. 1/2 in-8. 50 »

224 1789 1056 32 Il le remercie des trois volumes qu’il a bien voulu lui prêter. Il a

186 1820 1093 33 remarqué dans cet ouvrage plusieurs endroits où l’auteur l’honore,

184 1852 1095 31 sans le nommer, d’un parfait mépris. Il déclare ne pas vouloir lui

188 1883 1093 33 répondre, voulant s'en tenir à un madrigal dont il donne le texte, puis

189 1914 1091 33 proteste contre le passage de cet ouvrage qui concerne Corneille. « Il

189 1945 1090 33 fait voir que les vers de M. de Corneille sont lasches, sans force et bas,

187 1976 1095 33 pleins d’une affectation qui ne convient pas du tout à la tragédie; qu’ils

187 2007 1094 32 sont durs, sans grâce, sans ornement, qu’il est vainement subtil et

189 2039 802 32 recherché, péchant par le tour et par l’expression. »
