1424 2245
559 106 125 59 - 4 -

34 206 1183 39 voyage qu’il fit en Belgique et en Hollande, il s'adonna défini¬

38 247 1178 39 tivement à la carrière industrielle et scientifique. Plus tard il

35 286 1181 40 professa la chimie a l’Ecole de Commerce de Paris, et s’attacha

34 327 1178 40 à propager la connaissance de la chimie appliquée à l’industrie.

74 376 1143 40 Le peu de place dont nous disposons ne nous permet pas

34 417 1183 31 malheureusement de citer tous les travaux et toutes les inven¬

35 457 1183 31 tions dont la science est redevable à M. Dubrunfaut. La

35 497 1183 31 distillation et la fabrication des eaux-de-vie furent tour à

35 537 1181 38 tour l’objet de ses recherches et de ses découvertes. Il s’oc¬

33 577 1187 38 cupa d’une façon toute particulière de la fabrication du sucre

34 617 1186 39 de betterave ; les mémoires qu’il écrivit sur cette question

36 657 1182 40 ont été justement remarqués. En 1833 il abandonna l’ensei¬

34 698 864 38 gnement pour mettre ses théories en pratique.

75 755 1146 39 Indépendamment de mémoires, de brochures, d’articles

36 796 1181 39 insérés dans les Comptes-rendus de l'Académie des Sciences,

37 835 1182 39 dans le Dictionnaire du Commerce, etc., M. Dubrunfaut a

36 876 1182 40 publié : De l'art de la Distillation (1824); De la Fabrication du

36 915 1182 41 Sucre de betteraves (1822); Sucrage des vendanges avec les

37 956 1183 40 sucres raffinés de canne, de betterave, etc. (1854); Notice histo¬

37 997 1182 40 rique sur la distillation des betteraves (1856); L’Osmose et ses

38 1037 1181 40 applications industrielles (1873); Le Sucre dans ses rapports

38 1077 900 40 avec la science, l’agriculture, le commerce, etc.

80 1126 1139 39 C’est, croyons-nous, vers 1830, — il y a plus d’un demi-

40 1166 1181 40 siècle,— que M. Dubrunfaut s’occupa d’autographes. Il se

41 1206 1180 39 contenta, pour commencer, des pièces que lui donnaient ses

42 1246 1178 32 nombreux amis du monde savant. De ce nombre était Jullien

43 1287 1179 38 de Paris, qui lui laissait prendre dans sa volumineuse corres¬

43 1326 1174 40 pondance les lettres de contemporains pouvant lui faire plaisir.

44 1367 1175 39 Il fut à cette époque un des premiers clients du père Danquin,

45 1406 1177 40 de Lefèvre et de Charon; sa collection s’augmenta rapidement

45 1447 1173 39 des nombreuses pièces qu’il achetait dans les ventes, où il

45 1487 1176 40 assistait toujours lui-même, et devint par la suite ce qu’elle est

46 1527 1176 41 aujourd'hui, c’est-à-dire la plus importante de Paris. Il collec¬

47 1568 1174 38 tionnait à peu près tous les genres : les savants en première ligne,

47 1607 1177 40 ce qui est tout naturel; les grands écrivains, les artistes et les

48 1647 1174 39 personnages de la Révolution. Il y a une série cependant à

46 1688 1177 38 laquelle il n’attachait pas autant d’importance : ce sont les

46 1726 1177 40 souverains; il fit néanmoins une exception pour la fameuse

47 1767 1175 39 lettre de Napoléon à Marie-Louise, qu’il paya 1,200 fr. à la vente

47 1808 646 39 Lajarriette. C’est un de ses joyaux.

87 1855 1136 40 M. Dubrunfaut, qui était chevalier de la Légion d’honneur

47 1895 1176 40 depuis 1861, a été promu au grade d’officier en 1878; mais il

47 1935 1176 40 avait déjà reçu de nombreuses distinctions honorifiques. Une

47 1975 1177 40 anecdote à ce propos : On sait que c’est à son insu que plusieurs

47 2016 1176 39 de ses amis et compatriotes firent les démarches nécessaires

46 2056 1178 39 pour lui obtenir le ruban rouge, M. Dumas, de l’Académie, fut

44 2095 1177 40 chargé de lui annoncer la nouvelle. Il alla le voir et l’interpella
