1432 2245
555 115 125 57 - 2 -

36 210 1165 40 pièce singulière, écrite comme domestique dans un collège;

38 250 1166 40 Ducis, donnant sa démission de sénateur; Duclos; Fénelon;

37 291 1163 41 Lefranc de Pompignan; Massillon, belle lettre de 3 pages;

36 330 1170 40 Henri de Nesmond ; Charles Perrault ; Philippe Quinault ;

38 372 1165 39 Racan, autographe rare, bien que ce ne soit qu’une signature ;

37 411 1166 41 le président Rose, qui doit figurer comme desiderata dans bien

35 452 542 39 des collections; Voltaire, etc.

76 505 1129 40 Littérateurs et Poètes : Jacques Amyot, pièce curieuse

35 545 1171 40 comme évêque d’Auxerre; Jean de Barclay, poète lorrain, dont

35 585 1173 40 les autographes sont peu communs; Bayle; Beaumarchais;

38 625 1166 39 Claude Binet, l’ami de Ronsard, et aussi rare que lui ;

36 666 1169 40 Bolingbroke; le père Bouhours; Claude Brossette, dont le nom

35 706 1173 38 se trouve lié à celui de Boileau, son ami; Des Yveteaux, une

36 746 1170 39 rareté, même comme simple signature; Diderot; Jean Dorat,

37 786 1169 40 poète de la Pléiade; Florian ; l’abbé Grécourt, autographe rare;

38 826 1169 39 Helvétius-, La Fontaine; Pierre de l’Estoille, l’historien;

38 866 1170 41 François Malherbe; Sylvain Maréchal ; Maucroix, une lettre

38 907 1169 39 à Boileau et fort rare ; Louis Racine ; Régnard; Saint-Evremont;

37 947 1171 40 Saint-Simon, l’auteur des Mémoires ; Vauvenargues, etc. —

37 987 1173 40 N’oublions pas dans les modernes une lettre bien curieuse de

38 1028 807 39 Jules Janin sur son procès avec Félix Pyat.

79 1085 1127 40 Souverains et Princes : Alphonse II, roi de Naples;

40 1125 1171 39 Charles Vilet Charles VIII ; Louis XI, Louis XII et Louis XV;

38 1166 1174 39 Louis XIV est représenté par une lettre historique des plus

37 1206 1175 39 remarquables adressée à Catinat, et qui n’a pas moins de 3 pages

41 1246 1171 39 in-fol. — Marie Stuart, belle pièce sig. ; Marie Leczinska et

41 1287 340 30 Marie-Antoinette.

80 1338 1133 41 Hommes d’Etat : Voyer d'Argenson, une belle lettre qui peint

40 1379 1171 39 bien l’état des esprits après la défaite de Rosbach ; Cousinot,

42 1419 1171 39 dont le nom figure probablement pour la première fois dans un

43 1459 1171 42 catalogue; Juvénal des Ursins; le cardinal de Fleury, lettre

45 1499 1169 40 importante sur les jansénistes; deux correspondances bien

44 1539 1089 40 curieuses de Fontenay-Mareuil et du comte de Plélo, etc.

86 1597 1131 40 Hommes de guerre : Jean, duc d'Albany ; Galliot de Genouil¬

46 1637 1169 43 hac, précieuse lettre à Charles VIII; Anne de Montmorency,

47 1677 1168 41 donnant de curieux détails sur l’entrevue, à Boulogne,

48 1757 1169 39 raux de la République : Bernadotte; Carteaux; Davoust et

49 1797 1002 40 Dumouriez ; Berthier et Ney ; les frères Faucher, etc.

89 1854 1130 40 Conventionnels : Boissy d'Anglas, intéressantes lettres sur

51 1894 1169 42 Montgolfier et les aérostats; Chabot, curieuse lettre comme capu¬

51 1935 1169 39 cin; Couturier, défenseur de Carrier; Lacombe Saint-Michel ;

51 1975 1169 40 Lanjuinais ; Manuel, 2 lettres à sa maîtresse ; Musset ; Robes¬

48 2015 1171 40 pierre aîné et Robespierre jeune, la lettre de ce dernier à son

49 2055 1171 41 frère est une des plus curieuses connues ; Sergent-Mar¬

51 2099 168 35 ceau, etc.
