1416 2299
623 169 119 27 - 5 —

97 245 1167 40 en ces termes : Vous recherchez, je crois, les autographes ? Cer¬

99 285 1163 39 tainement, répondit M. Dubrunfaut. Eh bien, en voici un qui

98 324 1166 40 vous fera plaisir... C’était tout simplement la lettre du

99 365 1165 38 maréchal Vaillant, alors grand-chancelier de la Légion d’hon¬

100 406 666 37 neur, lui annonçant sa nomination.

140 458 1125 40 M. Dubrunfaut fut avant tout le type du plus parfait honnête

101 498 1165 39 homme, toujours prêt à rendre service; philanthrope, les

100 538 1166 38 pauvres de son arrondissement ont souvent entendu parler de

101 579 1164 38 lui, et, en mourant, il ne les a pas oubliés. Nous lui devions,

100 618 1168 40 comme ami de notre bien-aimé père, et pour l’estime qu’il avait

100 658 1160 39 bien voulu nous montrer, ce dernier témoignage de gratitude.

764 730 341 38 Eugène Charavay.

136 873 1096 63 AUTOGRAPHES A PRIX MARQUÉS

383 970 606 28 MAISON Gabriel CHARAVAY

103 1036 1162 37 Dirigée par Eugène CHARAVAY Fils, expert en autographes,

450 1103 474 32 8, QUAI DU LOUVRE, A PARIS.

101 1199 1165 33 Abréviations : L. a. s., lettre autographe et signée; Acad, fr., Académie

192 1244 979 33 française ; Sousc., compliment terminant la lettre; P., page.

137 1373 1129 37 1 Adam (Ad.), illustre compositeur. — Le Toréador, ou l’accord par¬

171 1409 1093 37 fait, opéra-bouffe en deux actes, partition imprimée avec une

172 1445 1091 37 dédicace de 2 lig. aut. à M. Spikers, 132 p. in-8. 4 »

136 1479 1128 37 2 Adélaïde de France, tante de Louis XVI. — Apostille de

171 1515 1089 38 5 lig. aut. sig. en marge d’une lettre à elle adressée, 1 p.

173 1550 1091 30 in-fol. 3 »

137 1586 1127 39 3 Alençon (François, duc d’), frère de Henri III, chef du parti

172 1621 1092 39 des Politiques. — Pièce sig. sur vélin; Bourgueil, 28 avril 1580,

174 1658 1091 43 1 p. double in-f. 15 »

205 1694 1060 32 Curieuse pièce. Nomination de M. de Saint-Marc, comme gouverneur

173 1726 704 31 et capitaine de la ville et château de Pontoise.

137 1755 1125 38 4 Annebaut (Jean d’), baron de Retz et de La Hunaudaye, fils du

173 1791 1090 37 maréchal, célèbre capitaine du XVIe siècle, blessé mortelle¬

175 1826 1088 38 ment à la bataille de Dreux en 1562. — Pièce sig. sur vélin,

175 1862 1089 37 1560, 1 p. in-4. 6 »

206 1899 1059 31 Reçu de la somme de soixante-quinze livres pour ses appointements

176 1930 557 31 comme capitaine des chasses du roi.

138 1960 1126 41 5 Ansiaux (J.-H.-J.), compositeur de musique belge, né en 1781,

175 1997 1091 37 mort en 1826. — L. a. s. à M. Weygand, directeur du Journal des

174 2032 1091 38 Muses, à La Haye; Huy, 29 octobre 1814, 1 p. in-4. 3 »

211 2070 438 25 Intéressante lettre musicale.

138 2100 1130 37 6 Auber, le grand compositeur de musique. — L. a. s. à

176 2136 1091 36 M. Leduc, 1/2 p. in-8. 3 »
