<?xml version="1.0" encoding="utf-8"?>
<alto xmlns="http://www.loc.gov/standards/alto/ns-v4#" xmlns:xsi="http://www.w3.org/2001/XMLSchema-instance" xsi:schemaLocation="http://www.loc.gov/standards/alto/ns-v4# https://gitlab.inria.fr/scripta/escriptorium/-/raw/develop/app/escriptorium/static/alto-4-1-baselines.xsd">
<Description>
<MeasurementUnit>pixel</MeasurementUnit><sourceImageInformation><fileName>1881_11_RDA_N070-12.png</fileName></sourceImageInformation>
<OCRProcessing ID="IdOcr">
<ocrProcessingStep>
<processingDateTime>2020-10-31T11:22:27.899+01:00</processingDateTime>
<processingSoftware>
<softwareCreator>READ COOP</softwareCreator>
<softwareName>Transkribus</softwareName>
</processingSoftware>
</ocrProcessingStep>
</OCRProcessing>
</Description>
<Layout>
<Page HEIGHT="2245" ID="Page1" PHYSICAL_IMG_NR="1" WIDTH="1424">
<TopMargin HEIGHT="111" HPOS="0" VPOS="0" WIDTH="1424"/>
<LeftMargin HEIGHT="2020" HPOS="0" VPOS="111" WIDTH="125"/>
<RightMargin HEIGHT="2020" HPOS="1302" VPOS="111" WIDTH="122"/>
<BottomMargin HEIGHT="114" HPOS="0" VPOS="2131" WIDTH="1424"/>
<PrintSpace HEIGHT="2020" HPOS="125" VPOS="111" WIDTH="1177">
<TextBlock HEIGHT="28" HPOS="636" ID="r_1_1" VPOS="116" WIDTH="139">
<Shape>
<Polygon POINTS="636 116 775 116 775 144 636 144"/>
</Shape>
<TextLine BASELINE="637 143 774 143" HEIGHT="26" HPOS="637" ID="tl_1" VPOS="117" WIDTH="137">
<String CONTENT="- 12 -" HEIGHT="26" HPOS="637" ID="string_tl_1" VPOS="117" WIDTH="137"/>
</TextLine>
</TextBlock>
<TextBlock HEIGHT="40" HPOS="131" ID="r_2_1" VPOS="190" WIDTH="1161">
<Shape>
<Polygon POINTS="131 190 1292 190 1292 230 131 230"/>
</Shape>
<TextLine BASELINE="132 229 1291 229" HEIGHT="38" HPOS="132" ID="tl_2" VPOS="191" WIDTH="1159">
<String CONTENT="86 Frédéric II, roi de Prusse, dit le Grand. — Let. sig. avec" HEIGHT="38" HPOS="132" ID="string_tl_2" VPOS="191" WIDTH="1159"/>
</TextLine>
</TextBlock>
<TextBlock HEIGHT="74" HPOS="184" ID="r_2_2" VPOS="226" WIDTH="1107">
<Shape>
<Polygon POINTS="184 226 1291 226 1291 300 184 300"/>
</Shape>
<TextLine BASELINE="185 262 1289 262" HEIGHT="35" HPOS="185" ID="tl_3" VPOS="227" WIDTH="1104">
<String CONTENT="3 lignes aut., en français, à Thiriot; Remusberg, 17 fév. 1739," HEIGHT="35" HPOS="185" ID="string_tl_3" VPOS="227" WIDTH="1104"/>
</TextLine>
<TextLine BASELINE="187 299 1290 299" HEIGHT="42" HPOS="187" ID="tl_4" VPOS="257" WIDTH="1103">
<String CONTENT="3/4 de p. in-4. 40 »" HEIGHT="42" HPOS="187" ID="string_tl_4" VPOS="257" WIDTH="1103"/>
</TextLine>
</TextBlock>
<TextBlock HEIGHT="222" HPOS="185" ID="r_2_3" VPOS="297" WIDTH="1109">
<Shape>
<Polygon POINTS="185 297 1294 297 1294 519 185 519"/>
</Shape>
<TextLine BASELINE="218 332 1290 332" HEIGHT="34" HPOS="218" ID="tl_5" VPOS="298" WIDTH="1072">
<String CONTENT="Curieuse lettre sur Voltaire. Il a reçu la Voltairomanie, pièce qui" HEIGHT="34" HPOS="218" ID="string_tl_5" VPOS="298" WIDTH="1072"/>
</TextLine>
<TextLine BASELINE="188 362 1291 362" HEIGHT="32" HPOS="188" ID="tl_6" VPOS="330" WIDTH="1103">
<String CONTENT="fait peu d’honneur à son auteur et lui assure qu'il n’en marquera" HEIGHT="32" HPOS="188" ID="string_tl_6" VPOS="330" WIDTH="1103"/>
</TextLine>
<TextLine BASELINE="187 393 1292 393" HEIGHT="31" HPOS="187" ID="tl_7" VPOS="362" WIDTH="1105">
<String CONTENT="rien à Cirey. Il l’exhorte fortement à ne pas abandonner M. de Voltaire" HEIGHT="31" HPOS="187" ID="string_tl_7" VPOS="362" WIDTH="1105"/>
</TextLine>
<TextLine BASELINE="186 424 1292 424" HEIGHT="31" HPOS="186" ID="tl_8" VPOS="393" WIDTH="1106">
<String CONTENT="dans cette occasion. « Vous ne pouvez, sans vous faire beaucoup de" HEIGHT="31" HPOS="186" ID="string_tl_8" VPOS="393" WIDTH="1106"/>
</TextLine>
<TextLine BASELINE="188 456 1292 456" HEIGHT="32" HPOS="188" ID="tl_9" VPOS="424" WIDTH="1104">
<String CONTENT="tort, manquer à son égard aux devoirs de l’amitié. » Puis il ajoute en" HEIGHT="32" HPOS="188" ID="string_tl_9" VPOS="424" WIDTH="1104"/>
</TextLine>
<TextLine BASELINE="187 487 1293 487" HEIGHT="31" HPOS="187" ID="tl_10" VPOS="456" WIDTH="1106">
<String CONTENT="post-scriptum : « Souvenez-vous que vous devez votre témoignage à" HEIGHT="31" HPOS="187" ID="string_tl_10" VPOS="456" WIDTH="1106"/>
</TextLine>
<TextLine BASELINE="186 518 1214 518" HEIGHT="31" HPOS="186" ID="tl_11" VPOS="487" WIDTH="1028">
<String CONTENT="M. de Voltaire, qui est votre ami, et à la vérité qui le réclame. »" HEIGHT="31" HPOS="186" ID="string_tl_11" VPOS="487" WIDTH="1028"/>
</TextLine>
</TextBlock>
<TextBlock HEIGHT="77" HPOS="130" ID="r_2_4" VPOS="527" WIDTH="1163">
<Shape>
<Polygon POINTS="130 527 1293 527 1293 604 130 604"/>
</Shape>
<TextLine BASELINE="131 568 1292 568" HEIGHT="40" HPOS="131" ID="tl_12" VPOS="528" WIDTH="1161">
<String CONTENT="87 Gautier (Théophile), le brillant critique. — L. a. s. au direc¬" HEIGHT="40" HPOS="131" ID="string_tl_12" VPOS="528" WIDTH="1161"/>
</TextLine>
<TextLine BASELINE="186 603 1292 603" HEIGHT="37" HPOS="186" ID="tl_13" VPOS="566" WIDTH="1106">
<String CONTENT="teur d’un journal, 1 p. in-18. 10 »" HEIGHT="37" HPOS="186" ID="string_tl_13" VPOS="566" WIDTH="1106"/>
</TextLine>
</TextBlock>
<TextBlock HEIGHT="121" HPOS="186" ID="r_2_5" VPOS="601" WIDTH="1108">
<Shape>
<Polygon POINTS="186 601 1294 601 1294 722 186 722"/>
</Shape>
<TextLine BASELINE="220 633 1293 633" HEIGHT="31" HPOS="220" ID="tl_14" VPOS="602" WIDTH="1073">
<String CONTENT="Il le prie de continuer à lui envoyer les billets de première représen¬" HEIGHT="31" HPOS="220" ID="string_tl_14" VPOS="602" WIDTH="1073"/>
</TextLine>
<TextLine BASELINE="187 665 1293 665" HEIGHT="31" HPOS="187" ID="tl_15" VPOS="634" WIDTH="1106">
<String CONTENT="tation et lui mande que son ami Gérard de Nerval est chargé de faire" HEIGHT="31" HPOS="187" ID="string_tl_15" VPOS="634" WIDTH="1106"/>
</TextLine>
<TextLine BASELINE="188 696 1293 696" HEIGHT="31" HPOS="188" ID="tl_16" VPOS="665" WIDTH="1105">
<String CONTENT="les notes insérées dans le corps du journal qui remplaceront son" HEIGHT="31" HPOS="188" ID="string_tl_16" VPOS="665" WIDTH="1105"/>
</TextLine>
<TextLine BASELINE="187 721 338 721" HEIGHT="24" HPOS="187" ID="tl_17" VPOS="697" WIDTH="151">
<String CONTENT="feuilleton." HEIGHT="24" HPOS="187" ID="string_tl_17" VPOS="697" WIDTH="151"/>
</TextLine>
</TextBlock>
<TextBlock HEIGHT="38" HPOS="130" ID="r_2_6" VPOS="730" WIDTH="1159">
<Shape>
<Polygon POINTS="130 730 1289 730 1289 768 130 768"/>
</Shape>
<TextLine BASELINE="131 767 1288 767" HEIGHT="36" HPOS="131" ID="tl_18" VPOS="731" WIDTH="1157">
<String CONTENT="88 Girardin (Emile de), le célèbre publiciste, mort récemment." HEIGHT="36" HPOS="131" ID="string_tl_18" VPOS="731" WIDTH="1157"/>
</TextLine>
</TextBlock>
<TextBlock HEIGHT="73" HPOS="184" ID="r_2_7" VPOS="766" WIDTH="1110">
<Shape>
<Polygon POINTS="184 766 1294 766 1294 839 184 839"/>
</Shape>
<TextLine BASELINE="186 804 1293 804" HEIGHT="37" HPOS="186" ID="tl_19" VPOS="767" WIDTH="1107">
<String CONTENT="— L. a. s. à M. Henry, ordonnateur de la religion saint-" HEIGHT="37" HPOS="186" ID="string_tl_19" VPOS="767" WIDTH="1107"/>
</TextLine>
<TextLine BASELINE="185 838 1291 838" HEIGHT="36" HPOS="185" ID="tl_20" VPOS="802" WIDTH="1106">
<String CONTENT="simonienne, 5 janvier 1832, 1 p. in-4. 3 »" HEIGHT="36" HPOS="185" ID="string_tl_20" VPOS="802" WIDTH="1106"/>
</TextLine>
</TextBlock>
<TextBlock HEIGHT="59" HPOS="187" ID="r_2_8" VPOS="837" WIDTH="1107">
<Shape>
<Polygon POINTS="187 837 1294 837 1294 896 187 896"/>
</Shape>
<TextLine BASELINE="219 869 1293 869" HEIGHT="31" HPOS="219" ID="tl_21" VPOS="838" WIDTH="1074">
<String CONTENT="Désirant assister aux conférences, il demande des billets pour lui et" HEIGHT="31" HPOS="219" ID="string_tl_21" VPOS="838" WIDTH="1074"/>
</TextLine>
<TextLine BASELINE="188 895 438 895" HEIGHT="25" HPOS="188" ID="tl_22" VPOS="870" WIDTH="250">
<String CONTENT="Mme de Girardin." HEIGHT="25" HPOS="188" ID="string_tl_22" VPOS="870" WIDTH="250"/>
</TextLine>
</TextBlock>
<TextBlock HEIGHT="39" HPOS="131" ID="r_2_9" VPOS="904" WIDTH="1162">
<Shape>
<Polygon POINTS="131 904 1293 904 1293 943 131 943"/>
</Shape>
<TextLine BASELINE="132 942 1292 942" HEIGHT="37" HPOS="132" ID="tl_23" VPOS="905" WIDTH="1160">
<String CONTENT="89 Glatigny (Albert), célèbre poète romantique. — L. a. s. à un" HEIGHT="37" HPOS="132" ID="string_tl_23" VPOS="905" WIDTH="1160"/>
</TextLine>
</TextBlock>
<TextBlock HEIGHT="38" HPOS="181" ID="r_2_10" VPOS="940" WIDTH="1112">
<Shape>
<Polygon POINTS="181 940 1293 940 1293 978 181 978"/>
</Shape>
<TextLine BASELINE="182 977 1292 977" HEIGHT="36" HPOS="182" ID="tl_24" VPOS="941" WIDTH="1110">
<String CONTENT="journaliste, 1871, 1 p. in-8. 5 »" HEIGHT="36" HPOS="182" ID="string_tl_24" VPOS="941" WIDTH="1110"/>
</TextLine>
</TextBlock>
<TextBlock HEIGHT="65" HPOS="185" ID="r_2_11" VPOS="976" WIDTH="1109">
<Shape>
<Polygon POINTS="185 976 1294 976 1294 1041 185 1041"/>
</Shape>
<TextLine BASELINE="219 1009 1293 1009" HEIGHT="32" HPOS="219" ID="tl_25" VPOS="977" WIDTH="1074">
<String CONTENT="Etabli à Lillebonne, après une maladie sérieuse, il se réjouit de se" HEIGHT="32" HPOS="219" ID="string_tl_25" VPOS="977" WIDTH="1074"/>
</TextLine>
<TextLine BASELINE="186 1040 1255 1040" HEIGHT="32" HPOS="186" ID="tl_26" VPOS="1008" WIDTH="1069">
<String CONTENT="trouver avec ses amis, lui qui a été si près de la Serpillière finale." HEIGHT="32" HPOS="186" ID="string_tl_26" VPOS="1008" WIDTH="1069"/>
</TextLine>
</TextBlock>
<TextBlock HEIGHT="38" HPOS="133" ID="r_2_12" VPOS="1042" WIDTH="1162">
<Shape>
<Polygon POINTS="133 1042 1295 1042 1295 1080 133 1080"/>
</Shape>
<TextLine BASELINE="134 1079 1294 1079" HEIGHT="36" HPOS="134" ID="tl_27" VPOS="1043" WIDTH="1160">
<String CONTENT="90 Gourdan (C.-C.-C.), conventionnel, membre du Conseil des" HEIGHT="36" HPOS="134" ID="string_tl_27" VPOS="1043" WIDTH="1160"/>
</TextLine>
</TextBlock>
<TextBlock HEIGHT="110" HPOS="186" ID="r_2_13" VPOS="1078" WIDTH="1108">
<Shape>
<Polygon POINTS="186 1078 1294 1078 1294 1188 186 1188"/>
</Shape>
<TextLine BASELINE="187 1116 1292 1116" HEIGHT="37" HPOS="187" ID="tl_28" VPOS="1079" WIDTH="1105">
<String CONTENT="Anciens où il se lit remarquer par sa vive opposition au" HEIGHT="37" HPOS="187" ID="string_tl_28" VPOS="1079" WIDTH="1105"/>
</TextLine>
<TextLine BASELINE="190 1151 1293 1151" HEIGHT="36" HPOS="190" ID="tl_29" VPOS="1115" WIDTH="1103">
<String CONTENT="18 brumaire. — Let. sig. aux administrateurs des domaines;" HEIGHT="36" HPOS="190" ID="string_tl_29" VPOS="1115" WIDTH="1103"/>
</TextLine>
<TextLine BASELINE="187 1187 1292 1187" HEIGHT="36" HPOS="187" ID="tl_30" VPOS="1151" WIDTH="1105">
<String CONTENT="5 fructidor an VI, 1 p. 1/2 in-4. 4 »" HEIGHT="36" HPOS="187" ID="string_tl_30" VPOS="1151" WIDTH="1105"/>
</TextLine>
</TextBlock>
<TextBlock HEIGHT="65" HPOS="187" ID="r_2_14" VPOS="1185" WIDTH="1107">
<Shape>
<Polygon POINTS="187 1185 1294 1185 1294 1250 187 1250"/>
</Shape>
<TextLine BASELINE="221 1217 1293 1217" HEIGHT="31" HPOS="221" ID="tl_31" VPOS="1186" WIDTH="1072">
<String CONTENT="Belle lettre écrite par Piguet et signée de Dubuisson, ses deux" HEIGHT="31" HPOS="221" ID="string_tl_31" VPOS="1186" WIDTH="1072"/>
</TextLine>
<TextLine BASELINE="188 1249 637 1249" HEIGHT="31" HPOS="188" ID="tl_32" VPOS="1218" WIDTH="449">
<String CONTENT="collègues de la Haute-Saône." HEIGHT="31" HPOS="188" ID="string_tl_32" VPOS="1218" WIDTH="449"/>
</TextLine>
</TextBlock>
<TextBlock HEIGHT="42" HPOS="133" ID="r_2_15" VPOS="1252" WIDTH="1157">
<Shape>
<Polygon POINTS="133 1252 1290 1252 1290 1294 133 1294"/>
</Shape>
<TextLine BASELINE="134 1293 1289 1293" HEIGHT="40" HPOS="134" ID="tl_33" VPOS="1253" WIDTH="1155">
<String CONTENT="91 Grévy (Jules), président de la République française. — L. a." HEIGHT="40" HPOS="134" ID="string_tl_33" VPOS="1253" WIDTH="1155"/>
</TextLine>
</TextBlock>
<TextBlock HEIGHT="44" HPOS="186" ID="r_2_16" VPOS="1282" WIDTH="1108">
<Shape>
<Polygon POINTS="186 1282 1294 1282 1294 1326 186 1326"/>
</Shape>
<TextLine BASELINE="187 1325 1293 1325" HEIGHT="42" HPOS="187" ID="tl_34" VPOS="1283" WIDTH="1106">
<String CONTENT="s., 1 p. in-18. 3 5 »" HEIGHT="42" HPOS="187" ID="string_tl_34" VPOS="1283" WIDTH="1106"/>
</TextLine>
</TextBlock>
<TextBlock HEIGHT="39" HPOS="133" ID="r_2_17" VPOS="1328" WIDTH="1162">
<Shape>
<Polygon POINTS="133 1328 1295 1328 1295 1367 133 1367"/>
</Shape>
<TextLine BASELINE="134 1366 1294 1366" HEIGHT="37" HPOS="134" ID="tl_35" VPOS="1329" WIDTH="1160">
<String CONTENT="92 Grisar (Albert), gracieux compositeur dramatique, auteur des" HEIGHT="37" HPOS="134" ID="string_tl_35" VPOS="1329" WIDTH="1160"/>
</TextLine>
</TextBlock>
<TextBlock HEIGHT="73" HPOS="187" ID="r_2_18" VPOS="1364" WIDTH="1109">
<Shape>
<Polygon POINTS="187 1364 1296 1364 1296 1437 187 1437"/>
</Shape>
<TextLine BASELINE="190 1409 1295 1409" HEIGHT="44" HPOS="190" ID="tl_36" VPOS="1365" WIDTH="1105">
<String CONTENT="romances populaires la Folle et Adieu, beau rivage de France, né à" HEIGHT="44" HPOS="190" ID="string_tl_36" VPOS="1365" WIDTH="1105"/>
</TextLine>
<TextLine BASELINE="188 1436 1292 1436" HEIGHT="36" HPOS="188" ID="tl_37" VPOS="1400" WIDTH="1104">
<String CONTENT="Anvers.— L. a. s. à Carmouche, 1835, 1 p. in-8. 3 »" HEIGHT="36" HPOS="188" ID="string_tl_37" VPOS="1400" WIDTH="1104"/>
</TextLine>
</TextBlock>
<TextBlock HEIGHT="34" HPOS="219" ID="r_2_19" VPOS="1435" WIDTH="683">
<Shape>
<Polygon POINTS="219 1435 902 1435 902 1469 219 1469"/>
</Shape>
<TextLine BASELINE="220 1468 901 1468" HEIGHT="32" HPOS="220" ID="tl_38" VPOS="1436" WIDTH="681">
<String CONTENT="Relative à la partition du Diable à Séville." HEIGHT="32" HPOS="220" ID="string_tl_38" VPOS="1436" WIDTH="681"/>
</TextLine>
</TextBlock>
<TextBlock HEIGHT="39" HPOS="134" ID="r_2_20" VPOS="1470" WIDTH="1160">
<Shape>
<Polygon POINTS="134 1470 1294 1470 1294 1509 134 1509"/>
</Shape>
<TextLine BASELINE="135 1508 1293 1508" HEIGHT="37" HPOS="135" ID="tl_39" VPOS="1471" WIDTH="1158">
<String CONTENT="93 Grozelier (Nic.), prêtre de l’Oratoire, poète et littérateur du" HEIGHT="37" HPOS="135" ID="string_tl_39" VPOS="1471" WIDTH="1158"/>
</TextLine>
</TextBlock>
<TextBlock HEIGHT="74" HPOS="187" ID="r_2_21" VPOS="1506" WIDTH="1108">
<Shape>
<Polygon POINTS="187 1506 1295 1506 1295 1580 187 1580"/>
</Shape>
<TextLine BASELINE="188 1543 1294 1543" HEIGHT="36" HPOS="188" ID="tl_40" VPOS="1507" WIDTH="1106">
<String CONTENT="XVIIIe siècle, né à Beaune.— L. a. s. à M. Macault, son neveu;" HEIGHT="36" HPOS="188" ID="string_tl_40" VPOS="1507" WIDTH="1106"/>
</TextLine>
<TextLine BASELINE="188 1579 1293 1579" HEIGHT="37" HPOS="188" ID="tl_41" VPOS="1542" WIDTH="1105">
<String CONTENT="Beaune, 26 septembre 1763, 1 p. in-8. 4 »" HEIGHT="37" HPOS="188" ID="string_tl_41" VPOS="1542" WIDTH="1105"/>
</TextLine>
</TextBlock>
<TextBlock HEIGHT="38" HPOS="134" ID="r_2_22" VPOS="1582" WIDTH="1161">
<Shape>
<Polygon POINTS="134 1582 1295 1582 1295 1620 134 1620"/>
</Shape>
<TextLine BASELINE="135 1619 1294 1619" HEIGHT="36" HPOS="135" ID="tl_42" VPOS="1583" WIDTH="1159">
<String CONTENT="94 Guérin (le baron Pierre-Narcisse), célèbre peintre d’histoire," HEIGHT="36" HPOS="135" ID="string_tl_42" VPOS="1583" WIDTH="1159"/>
</TextLine>
</TextBlock>
<TextBlock HEIGHT="74" HPOS="188" ID="r_2_23" VPOS="1618" WIDTH="1107">
<Shape>
<Polygon POINTS="188 1618 1295 1618 1295 1692 188 1692"/>
</Shape>
<TextLine BASELINE="190 1655 1294 1655" HEIGHT="36" HPOS="190" ID="tl_43" VPOS="1619" WIDTH="1104">
<String CONTENT="membre de l’Institut. — L. a. s. à Mme Népomucène Le mer¬" HEIGHT="36" HPOS="190" ID="string_tl_43" VPOS="1619" WIDTH="1104"/>
</TextLine>
<TextLine BASELINE="189 1691 1294 1691" HEIGHT="37" HPOS="189" ID="tl_44" VPOS="1654" WIDTH="1105">
<String CONTENT="cier, 1 p. in-8. 3 »" HEIGHT="37" HPOS="189" ID="string_tl_44" VPOS="1654" WIDTH="1105"/>
</TextLine>
</TextBlock>
<TextBlock HEIGHT="38" HPOS="132" ID="r_2_24" VPOS="1693" WIDTH="1163">
<Shape>
<Polygon POINTS="132 1693 1295 1693 1295 1731 132 1731"/>
</Shape>
<TextLine BASELINE="133 1730 1294 1730" HEIGHT="36" HPOS="133" ID="tl_45" VPOS="1694" WIDTH="1161">
<String CONTENT="95 Halévy (Fromental), illustre compositeur, l’auteur de la Juive." HEIGHT="36" HPOS="133" ID="string_tl_45" VPOS="1694" WIDTH="1161"/>
</TextLine>
</TextBlock>
<TextBlock HEIGHT="39" HPOS="189" ID="r_2_25" VPOS="1728" WIDTH="1106">
<Shape>
<Polygon POINTS="189 1728 1295 1728 1295 1767 189 1767"/>
</Shape>
<TextLine BASELINE="190 1766 1294 1766" HEIGHT="37" HPOS="190" ID="tl_46" VPOS="1729" WIDTH="1104">
<String CONTENT="— L. a. s. à Panofka, 1 p. in-18. Charmante épître. 3 »" HEIGHT="37" HPOS="190" ID="string_tl_46" VPOS="1729" WIDTH="1104"/>
</TextLine>
</TextBlock>
<TextBlock HEIGHT="38" HPOS="135" ID="r_2_26" VPOS="1769" WIDTH="1160">
<Shape>
<Polygon POINTS="135 1769 1295 1769 1295 1807 135 1807"/>
</Shape>
<TextLine BASELINE="136 1806 1294 1806" HEIGHT="36" HPOS="136" ID="tl_47" VPOS="1770" WIDTH="1158">
<String CONTENT="96 Hautpoul (la comtesse d’), célèbre poète et romancière. —" HEIGHT="36" HPOS="136" ID="string_tl_47" VPOS="1770" WIDTH="1158"/>
</TextLine>
</TextBlock>
<TextBlock HEIGHT="39" HPOS="188" ID="r_2_27" VPOS="1804" WIDTH="1106">
<Shape>
<Polygon POINTS="188 1804 1294 1804 1294 1843 188 1843"/>
</Shape>
<TextLine BASELINE="189 1842 1293 1842" HEIGHT="37" HPOS="189" ID="tl_48" VPOS="1805" WIDTH="1104">
<String CONTENT="Pièce sig., 1827, 1 p. in-4 oblong. 3 »" HEIGHT="37" HPOS="189" ID="string_tl_48" VPOS="1805" WIDTH="1104"/>
</TextLine>
</TextBlock>
<TextBlock HEIGHT="59" HPOS="191" ID="r_2_28" VPOS="1840" WIDTH="1106">
<Shape>
<Polygon POINTS="191 1840 1297 1840 1297 1899 191 1899"/>
</Shape>
<TextLine BASELINE="223 1872 1296 1872" HEIGHT="31" HPOS="223" ID="tl_49" VPOS="1841" WIDTH="1073">
<String CONTENT="Reçu de la somme de 200 francs comme secours à titre d’encourage¬" HEIGHT="31" HPOS="223" ID="string_tl_49" VPOS="1841" WIDTH="1073"/>
</TextLine>
<TextLine BASELINE="192 1898 426 1898" HEIGHT="25" HPOS="192" ID="tl_50" VPOS="1873" WIDTH="234">
<String CONTENT="ment littéraire." HEIGHT="25" HPOS="192" ID="string_tl_50" VPOS="1873" WIDTH="234"/>
</TextLine>
</TextBlock>
<TextBlock HEIGHT="40" HPOS="135" ID="r_2_29" VPOS="1906" WIDTH="1156">
<Shape>
<Polygon POINTS="135 1906 1291 1906 1291 1946 135 1946"/>
</Shape>
<TextLine BASELINE="136 1945 1290 1945" HEIGHT="38" HPOS="136" ID="tl_51" VPOS="1907" WIDTH="1154">
<String CONTENT="97 Henri IV, roi de France. — Pièce sig., sur vélin, 1600, 1 p." HEIGHT="38" HPOS="136" ID="string_tl_51" VPOS="1907" WIDTH="1154"/>
</TextLine>
</TextBlock>
<TextBlock HEIGHT="39" HPOS="189" ID="r_2_30" VPOS="1943" WIDTH="1103">
<Shape>
<Polygon POINTS="189 1943 1292 1943 1292 1982 189 1982"/>
</Shape>
<TextLine BASELINE="190 1981 1291 1981" HEIGHT="37" HPOS="190" ID="tl_52" VPOS="1944" WIDTH="1101">
<String CONTENT="in-4 oblong. 6 »" HEIGHT="37" HPOS="190" ID="string_tl_52" VPOS="1944" WIDTH="1101"/>
</TextLine>
</TextBlock>
<TextBlock HEIGHT="35" HPOS="223" ID="r_2_31" VPOS="1978" WIDTH="487">
<Shape>
<Polygon POINTS="223 1978 710 1978 710 2013 223 2013"/>
</Shape>
<TextLine BASELINE="224 2012 709 2012" HEIGHT="33" HPOS="224" ID="tl_53" VPOS="1979" WIDTH="485">
<String CONTENT="Curieuse permission de chasse." HEIGHT="33" HPOS="224" ID="string_tl_53" VPOS="1979" WIDTH="485"/>
</TextLine>
</TextBlock>
<TextBlock HEIGHT="39" HPOS="136" ID="r_2_32" VPOS="2014" WIDTH="1157">
<Shape>
<Polygon POINTS="136 2014 1293 2014 1293 2053 136 2053"/>
</Shape>
<TextLine BASELINE="137 2052 1292 2052" HEIGHT="37" HPOS="137" ID="tl_54" VPOS="2015" WIDTH="1155">
<String CONTENT="98 Hersent (Louis), célèbre peintre d’histoire, de l’Institut. — L." HEIGHT="37" HPOS="137" ID="string_tl_54" VPOS="2015" WIDTH="1155"/>
</TextLine>
</TextBlock>
<TextBlock HEIGHT="76" HPOS="190" ID="r_2_33" VPOS="2049" WIDTH="1106">
<Shape>
<Polygon POINTS="190 2049 1296 2049 1296 2125 190 2125"/>
</Shape>
<TextLine BASELINE="191 2087 1295 2087" HEIGHT="37" HPOS="191" ID="tl_55" VPOS="2050" WIDTH="1104">
<String CONTENT="a. s. à M. David, secrétaire général des Douanes, 1820, 1 p. 1/2" HEIGHT="37" HPOS="191" ID="string_tl_55" VPOS="2050" WIDTH="1104"/>
</TextLine>
<TextLine BASELINE="192 2124 1293 2124" HEIGHT="37" HPOS="192" ID="tl_56" VPOS="2087" WIDTH="1101">
<String CONTENT="pet. in-4. 4 »" HEIGHT="37" HPOS="192" ID="string_tl_56" VPOS="2087" WIDTH="1101"/>
</TextLine>
</TextBlock>
</PrintSpace>
</Page>
</Layout>
</alto>