1893 2924
762 150 190 38 - 17 -

127 242 1464 51 3975 Cormenin (le comte de), célèbre pamphlétaire, auteur du

239 287 1356 43 Livres des Orateurs. — L. a. s. à M. Corneille, avocat à Arras,

237 330 1352 47 27 fév. 1829, 3 p. pl. in-8. 4 »

285 376 1310 39 Curieuse lettre où il critique M. de Martignac a propos d'un projet de loi

247 414 1350 40 municipale. « Il faut maintenant et avant tout, dit-il, qu’on s'occupe à moraliser

246 453 1352 40 le peuple en l’instruisant; car sans l'instruction primaire, il n’y a pas de bonne

249 492 1348 40 loi municipale dans les campagnes. Les paysans, égoïstes, illétrés, opiniâtres,

246 532 1212 39 sont beaucoup plus préparés pour le despotisme que pour la liberté... »

126 562 1470 59 3976 Cousin (V.), illustre philosophe, de l’Académie française. —

239 607 1358 53 L. a. s. à M. Hase, 1833,1 p. in-8. 2 »

129 659 1468 45 3977 Crémieux (Ad.), célèbre avocat, membre du Gouvernement

242 703 1356 46 provisoire de 1848. — L. a s., 1 p. in-4. 1 50

129 746 1469 48 3978 Daguerre, inventeur de la daguerreotypie. — L. a. s. à

243 792 1352 46 M. Adolphe, 1829, 1/2 p. in-8. Rare. 7 »

131 835 1467 46 3979 Dandolo (Vincent), savant chimiste italien, de l’Institut de

243 880 1352 44 France, traducteur des oeuvres de Lavoisier. — L. a. s. en

244 924 1345 48 italien, au profess. Cristin ; Varèse, 1813, 1 p. in-4, cachet.

241 971 1347 34 Rare. 5 »

134 1012 1463 48 3980 Delacroix (Eugène), célèbre peintre d’histoire, chef de l’é¬

245 1058 1349 46 cole romantique. — L. a. s. à M. de Villiers; 24 février 1855,

248 1102 1348 45 1 p.in-8. 3 »

293 1147 1308 39 Il refuse une entrevue, ayant à terminer les tableaux qu'il destine à l’expo¬

251 1186 102 33 sition.

134 1225 1465 47 3981 Delavigne (Casimir), l’auteur des Messéniennes, de l’Acad. fr.

246 1270 1355 48 — L. a. s. à M. Leloup, 1 p. in-8. Légèrement fripée. 2 »

137 1314 1467 49 3982 Désaugiers, le plus gai de nos chansonniers. — L. a. s. à

245 1358 1356 48 Colson, 1827, 1 p. in-8. 1 50

140 1404 1453 47 3983 Dibdin (Th.-Frognall ), le plus savant bibliographe de l’An¬

251 1447 1351 49 gleterre.— L. a. s. en anglais, à Renouard, Kensington,

245 1492 1354 47 7 Janv. 1814, 2 p. pl. in-8, cachet. 6 »

293 1536 1310 43 Curieuse lettre dans laquelle il parle de la vente de la bibliothèque de Larcher,

255 1576 1348 42 du catalogue des livres imprimés sur vélin de la bibliothèque impériale, que lui a

258 1616 1338 41 promis M. Van Praët, de la prochaine publication de sa Bibliotheca spenceriana.

258 1647 1344 49 Il espère que les perspectives de paix vont se réaliser, et que les deux grandes

260 1693 1342 42 nations, si distinguées par leurs talents et leur bravoure, seront unies pour

259 1732 1346 42 longtemps. « De combien de douces jouissances, s’écrie-t-il, cette désastreuse

257 1773 766 40 guerre n’a-t-elle pas frustré la bibliomanie ! »

141 1811 1462 47 3984 Drouyn de Lhuys, célèbre ministre des affaires étrangères

251 1854 1353 48 de Napoléon III. — L. a. s., 1860, 1 p. in-8. 1 50

140 1900 1462 48 3985 Du Gayla (la comtesse Zoé), maîtresse de Louis XVIII. — L.

251 1946 1351 45 a. s., 1810, 1 p. 1/2 in-8. 2 50

148 1988 1455 49 3986 Dufrénoy (Mme Billet), poète élégiaque, célébré par Béranger.

252 2032 1354 48 — L. a. s. à M. de Montbel, 1812, 1 p. in-18. 1 50

143 2078 1462 46 3987 Eldir (Alina d’), sultane mogole, venue jeune à Paris et pré¬

252 2121 1354 46 sentée à la cour de Louis XVI, où sa beauté et ses talents

253 2165 1353 39 littéraires lui valurent de brillants succès.— L. a. s. à l’in¬

252 2210 1356 48 tendant de la liste civile ; Paris, 10 oct. 1838, 2 p. in-4 3 50

298 2255 1310 42 Curieuse épitre où elle demande l’approbation du roi Louis-Philippe pour un

261 2293 1197 41 Cercle asiatique de la morale universelle, dont elle est la fondatrice.

145 2334 1462 48 3988 Empecinado (don Juan Martin Diaz dit El), brave général es¬

254 2377 1355 48 pagnol de la guerre de l'indépendance, un des martyrs de la

255 2420 1352 49 liberté en 1823. — L. s. à son général en chef; Aranda de

253 2464 1353 50 Duero, 12 déc. 1812, 2 p. in-4, à mi-marge. Lettre militaire,

256 2503 1348 51 de toute rareté 6 »

147 2549 1459 57 3989 Espartero, duc de la Victoire, illustre général et patriote

258 2598 1351 50 espagnol. — L. s. au général Harispe; quart.-gén. de Las

262 2323 1348 54 Passas, 3 nov. 1839, 1 p. 1/2 in-4. Belle pièce politique. 8 »
