<?xml version="1.0" encoding="UTF-8"?>
<alto xmlns:xsi="http://www.w3.org/2001/XMLSchema-instance"
      xmlns="http://www.loc.gov/standards/alto/ns-v2#"
      xmlns:page="http://schema.primaresearch.org/PAGE/gts/pagecontent/2013-07-15"
      xsi:schemaLocation="http://www.loc.gov/standards/alto/ns-v2# http://www.loc.gov/standards/alto/alto.xsd">
   <Description>
      <MeasurementUnit>pixel</MeasurementUnit>
      <OCRProcessing ID="IdOcr">
         <ocrProcessingStep>
            <processingDateTime>2020-10-31T11:20:23.034+01:00</processingDateTime>
            <processingSoftware>
               <softwareCreator>READ COOP</softwareCreator>
               <softwareName>Transkribus</softwareName>
            </processingSoftware>
         </ocrProcessingStep>
      </OCRProcessing>
   </Description>
   <Layout>
      <Page ID="Page1" PHYSICAL_IMG_NR="1" HEIGHT="2972" WIDTH="1850">
         <TopMargin HEIGHT="174" WIDTH="1850" VPOS="0" HPOS="0"/>
         <LeftMargin HEIGHT="2511" WIDTH="265" VPOS="174" HPOS="0"/>
         <RightMargin HEIGHT="2511" WIDTH="92" VPOS="174" HPOS="1758"/>
         <BottomMargin HEIGHT="287" WIDTH="1850" VPOS="2685" HPOS="0"/>
         <PrintSpace HEIGHT="2511" WIDTH="1493" VPOS="174" HPOS="265">
            <TextBlock ID="region_1530638917947_17"
                       HEIGHT="67"
                       WIDTH="206"
                       VPOS="192"
                       HPOS="900">
               <Shape>
                  <Polygon POINTS="900,192 1106,192 1106,259 900,259"/>
               </Shape>
               <TextLine ID="line_1530638929566_18"
                         BASELINE="247"
                         HEIGHT="50"
                         WIDTH="176"
                         VPOS="197"
                         HPOS="913">
                  <String ID="string_line_1530638929566_18"
                          HEIGHT="50"
                          WIDTH="176"
                          VPOS="197"
                          HPOS="913"
                          CONTENT="- 6 -"/>
               </TextLine>
            </TextBlock>
            <TextBlock ID="r_1_1" HEIGHT="68" WIDTH="1108" VPOS="380" HPOS="452">
               <Shape>
                  <Polygon POINTS="452,380 1560,380 1560,448 452,448"/>
               </Shape>
               <TextLine ID="tl_1"
                         BASELINE="447"
                         HEIGHT="66"
                         WIDTH="1106"
                         VPOS="381"
                         HPOS="453">
                  <String ID="string_tl_1"
                          HEIGHT="66"
                          WIDTH="1106"
                          VPOS="381"
                          HPOS="453"
                          CONTENT="LETTRES AUTOGRAPHES"/>
               </TextLine>
            </TextBlock>
            <TextBlock ID="r_1_2" HEIGHT="39" WIDTH="524" VPOS="505" HPOS="740">
               <Shape>
                  <Polygon POINTS="740,505 1264,505 1264,544 740,544"/>
               </Shape>
               <TextLine ID="tl_2"
                         BASELINE="543"
                         HEIGHT="37"
                         WIDTH="522"
                         VPOS="506"
                         HPOS="741">
                  <String ID="string_tl_2"
                          HEIGHT="37"
                          WIDTH="522"
                          VPOS="506"
                          HPOS="741"
                          CONTENT="A PRIX MARQUÉS"/>
               </TextLine>
            </TextBlock>
            <TextBlock ID="r_1_3" HEIGHT="105" WIDTH="1193" VPOS="603" HPOS="407">
               <Shape>
                  <Polygon POINTS="407,603 1600,603 1600,708 407,708"/>
               </Shape>
               <TextLine ID="tl_3"
                         BASELINE="649"
                         HEIGHT="45"
                         WIDTH="1191"
                         VPOS="604"
                         HPOS="408">
                  <String ID="string_tl_3"
                          HEIGHT="45"
                          WIDTH="1191"
                          VPOS="604"
                          HPOS="408"
                          CONTENT="En vente chez Gabriel CHARAVAY, expert,"/>
               </TextLine>
               <TextLine ID="tl_4"
                         BASELINE="707"
                         HEIGHT="44"
                         WIDTH="663"
                         VPOS="663"
                         HPOS="673">
                  <String ID="string_tl_4"
                          HEIGHT="44"
                          WIDTH="663"
                          VPOS="663"
                          HPOS="673"
                          CONTENT="rue Saint-André-des-Arts, 50."/>
               </TextLine>
            </TextBlock>
            <TextBlock ID="r_1_4" HEIGHT="48" WIDTH="1460" VPOS="771" HPOS="274">
               <Shape>
                  <Polygon POINTS="274,771 1734,771 1734,819 274,819"/>
               </Shape>
               <TextLine ID="tl_5"
                         BASELINE="818"
                         HEIGHT="46"
                         WIDTH="1458"
                         VPOS="772"
                         HPOS="275">
                  <String ID="string_tl_5"
                          HEIGHT="46"
                          WIDTH="1458"
                          VPOS="772"
                          HPOS="275"
                          CONTENT="4305 Adélaïde (Marie), fille aîné de Louis XV, tante de Louis XVI,"/>
               </TextLine>
            </TextBlock>
            <TextBlock ID="r_1_5" HEIGHT="92" WIDTH="1348" VPOS="816" HPOS="386">
               <Shape>
                  <Polygon POINTS="386,816 1734,816 1734,908 386,908"/>
               </Shape>
               <TextLine ID="tl_6"
                         BASELINE="870"
                         HEIGHT="53"
                         WIDTH="1345"
                         VPOS="817"
                         HPOS="388">
                  <String ID="string_tl_6"
                          HEIGHT="53"
                          WIDTH="1345"
                          VPOS="817"
                          HPOS="388"
                          CONTENT="qui se Réfugia à Rome en 1791. — L. a. s. (au chancelier de"/>
               </TextLine>
               <TextLine ID="tl_7"
                         BASELINE="907"
                         HEIGHT="46"
                         WIDTH="1344"
                         VPOS="861"
                         HPOS="387">
                  <String ID="string_tl_7"
                          HEIGHT="46"
                          WIDTH="1344"
                          VPOS="861"
                          HPOS="387"
                          CONTENT="Miromenil) ; Versailles, 15 mars 1781, 1 p. in-4. 5 »"/>
               </TextLine>
            </TextBlock>
            <TextBlock ID="r_1_6" HEIGHT="73" WIDTH="1340" VPOS="905" HPOS="397">
               <Shape>
                  <Polygon POINTS="397,905 1737,905 1737,978 397,978"/>
               </Shape>
               <TextLine ID="tl_8"
                         BASELINE="949"
                         HEIGHT="43"
                         WIDTH="1303"
                         VPOS="906"
                         HPOS="433">
                  <String ID="string_tl_8"
                          HEIGHT="43"
                          WIDTH="1303"
                          VPOS="906"
                          HPOS="433"
                          CONTENT="Epître très-cavalière relative à l’expédition de lettres patentes qui l'intéressent,"/>
               </TextLine>
               <TextLine ID="tl_9"
                         BASELINE="977"
                         HEIGHT="31"
                         WIDTH="287"
                         VPOS="946"
                         HPOS="398">
                  <String ID="string_tl_9"
                          HEIGHT="31"
                          WIDTH="287"
                          VPOS="946"
                          HPOS="398"
                          CONTENT="elle et ses sœurs."/>
               </TextLine>
            </TextBlock>
            <TextBlock ID="r_1_7" HEIGHT="49" WIDTH="1458" VPOS="981" HPOS="277">
               <Shape>
                  <Polygon POINTS="277,981 1735,981 1735,1030 277,1030"/>
               </Shape>
               <TextLine ID="tl_10"
                         BASELINE="1029"
                         HEIGHT="47"
                         WIDTH="1456"
                         VPOS="982"
                         HPOS="278">
                  <String ID="string_tl_10"
                          HEIGHT="47"
                          WIDTH="1456"
                          VPOS="982"
                          HPOS="278"
                          CONTENT="4306 Adry (J.-Fél.), savant bibliographe, dernier bibliothécaire"/>
               </TextLine>
            </TextBlock>
            <TextBlock ID="r_1_8" HEIGHT="82" WIDTH="1346" VPOS="1027" HPOS="390">
               <Shape>
                  <Polygon POINTS="390,1027 1736,1027 1736,1109 390,1109"/>
               </Shape>
               <TextLine ID="tl_11"
                         BASELINE="1074"
                         HEIGHT="46"
                         WIDTH="1343"
                         VPOS="1028"
                         HPOS="391">
                  <String ID="string_tl_11"
                          HEIGHT="46"
                          WIDTH="1343"
                          VPOS="1028"
                          HPOS="391"
                          CONTENT="de l’Oratoire, né en Bourgogne. — Belle pièce autog., 4 p."/>
               </TextLine>
               <TextLine ID="tl_12"
                         BASELINE="1108"
                         HEIGHT="35"
                         WIDTH="1343"
                         VPOS="1073"
                         HPOS="392">
                  <String ID="string_tl_12"
                          HEIGHT="35"
                          WIDTH="1343"
                          VPOS="1073"
                          HPOS="392"
                          CONTENT="in-4. 2 »"/>
               </TextLine>
            </TextBlock>
            <TextBlock ID="r_1_9" HEIGHT="80" WIDTH="1341" VPOS="1115" HPOS="396">
               <Shape>
                  <Polygon POINTS="396,1115 1737,1115 1737,1195 396,1195"/>
               </Shape>
               <TextLine ID="tl_13"
                         BASELINE="1156"
                         HEIGHT="40"
                         WIDTH="1299"
                         VPOS="1116"
                         HPOS="437">
                  <String ID="string_tl_13"
                          HEIGHT="40"
                          WIDTH="1299"
                          VPOS="1116"
                          HPOS="437"
                          CONTENT="Chant funèbre de David sur la mort de Saül et de Jonathas, traduction"/>
               </TextLine>
               <TextLine ID="tl_14"
                         BASELINE="1194"
                         HEIGHT="39"
                         WIDTH="945"
                         VPOS="1155"
                         HPOS="397">
                  <String ID="string_tl_14"
                          HEIGHT="39"
                          WIDTH="945"
                          VPOS="1155"
                          HPOS="397"
                          CONTENT="française, avec le latin et l'hébreu, et des notes critiques."/>
               </TextLine>
            </TextBlock>
            <TextBlock ID="r_1_10" HEIGHT="47" WIDTH="1456" VPOS="1193" HPOS="282">
               <Shape>
                  <Polygon POINTS="282,1193 1738,1193 1738,1240 282,1240"/>
               </Shape>
               <TextLine ID="tl_15"
                         BASELINE="1239"
                         HEIGHT="45"
                         WIDTH="1454"
                         VPOS="1194"
                         HPOS="283">
                  <String ID="string_tl_15"
                          HEIGHT="45"
                          WIDTH="1454"
                          VPOS="1194"
                          HPOS="283"
                          CONTENT="4307 Albret (Henry II d’), roi de Navarre, fait prisonnier à la"/>
               </TextLine>
            </TextBlock>
            <TextBlock ID="r_1_11"
                       HEIGHT="136"
                       WIDTH="1345"
                       VPOS="1237"
                       HPOS="392">
               <Shape>
                  <Polygon POINTS="392,1237 1737,1237 1737,1373 392,1373"/>
               </Shape>
               <TextLine ID="tl_16"
                         BASELINE="1289"
                         HEIGHT="51"
                         WIDTH="1340"
                         VPOS="1238"
                         HPOS="395">
                  <String ID="string_tl_16"
                          HEIGHT="51"
                          WIDTH="1340"
                          VPOS="1238"
                          HPOS="395"
                          CONTENT="bataille de Pavie, époux de la Marguerite des Marguerites. — L."/>
               </TextLine>
               <TextLine ID="tl_17"
                         BASELINE="1328"
                         HEIGHT="45"
                         WIDTH="1343"
                         VPOS="1283"
                         HPOS="393">
                  <String ID="string_tl_17"
                          HEIGHT="45"
                          WIDTH="1343"
                          VPOS="1283"
                          HPOS="393"
                          CONTENT="s., avec la souscription aut., au comte du Ludde ; Mont-de-"/>
               </TextLine>
               <TextLine ID="tl_18"
                         BASELINE="1372"
                         HEIGHT="46"
                         WIDTH="1342"
                         VPOS="1326"
                         HPOS="394">
                  <String ID="string_tl_18"
                          HEIGHT="46"
                          WIDTH="1342"
                          VPOS="1326"
                          HPOS="394"
                          CONTENT="Marsan, 21 janv. 1554, 1 p. in-f. Très-belle pièce. 8 »"/>
               </TextLine>
            </TextBlock>
            <TextBlock ID="r_1_12" HEIGHT="73" WIDTH="1337" VPOS="1371" HPOS="404">
               <Shape>
                  <Polygon POINTS="404,1371 1741,1371 1741,1444 404,1444"/>
               </Shape>
               <TextLine ID="tl_19"
                         BASELINE="1411"
                         HEIGHT="39"
                         WIDTH="1296"
                         VPOS="1372"
                         HPOS="444">
                  <String ID="string_tl_19"
                          HEIGHT="39"
                          WIDTH="1296"
                          VPOS="1372"
                          HPOS="444"
                          CONTENT="Il lui demande un rapport sur ce qu’il aura vu à Bayonne, pays de Labour et"/>
               </TextLine>
               <TextLine ID="tl_20"
                         BASELINE="1443"
                         HEIGHT="31"
                         WIDTH="160"
                         VPOS="1412"
                         HPOS="405">
                  <String ID="string_tl_20"
                          HEIGHT="31"
                          WIDTH="160"
                          VPOS="1412"
                          HPOS="405"
                          CONTENT="Bordelais."/>
               </TextLine>
            </TextBlock>
            <TextBlock ID="r_1_13" HEIGHT="48" WIDTH="1455" VPOS="1448" HPOS="284">
               <Shape>
                  <Polygon POINTS="284,1448 1739,1448 1739,1496 284,1496"/>
               </Shape>
               <TextLine ID="tl_21"
                         BASELINE="1495"
                         HEIGHT="46"
                         WIDTH="1453"
                         VPOS="1449"
                         HPOS="285">
                  <String ID="string_tl_21"
                          HEIGHT="46"
                          WIDTH="1453"
                          VPOS="1449"
                          HPOS="285"
                          CONTENT="4308 Alembert (d’), illustre géomètre et philosophe du XVIIIe siècle,"/>
               </TextLine>
            </TextBlock>
            <TextBlock ID="r_1_14" HEIGHT="84" WIDTH="1345" VPOS="1491" HPOS="396">
               <Shape>
                  <Polygon POINTS="396,1491 1741,1491 1741,1575 396,1575"/>
               </Shape>
               <TextLine ID="tl_22"
                         BASELINE="1540"
                         HEIGHT="48"
                         WIDTH="1342"
                         VPOS="1492"
                         HPOS="397">
                  <String ID="string_tl_22"
                          HEIGHT="48"
                          WIDTH="1342"
                          VPOS="1492"
                          HPOS="397"
                          CONTENT="de l’Acad. franç. — L. aut. à Mme Necker, (vers 1776), 2 p."/>
               </TextLine>
               <TextLine ID="tl_23"
                         BASELINE="1574"
                         HEIGHT="44"
                         WIDTH="1342"
                         VPOS="1530"
                         HPOS="398">
                  <String ID="string_tl_23"
                          HEIGHT="44"
                          WIDTH="1342"
                          VPOS="1530"
                          HPOS="398"
                          CONTENT="in-8. 3 6 »"/>
               </TextLine>
            </TextBlock>
            <TextBlock ID="r_1_15"
                       HEIGHT="159"
                       WIDTH="1337"
                       VPOS="1581"
                       HPOS="406">
               <Shape>
                  <Polygon POINTS="406,1581 1743,1581 1743,1740 406,1740"/>
               </Shape>
               <TextLine ID="tl_24"
                         BASELINE="1623"
                         HEIGHT="41"
                         WIDTH="1295"
                         VPOS="1582"
                         HPOS="447">
                  <String ID="string_tl_24"
                          HEIGHT="41"
                          WIDTH="1295"
                          VPOS="1582"
                          HPOS="447"
                          CONTENT="Intéressante épître, dans laquelle il donne des nouvelles de Mlle de l’Espinasse"/>
               </TextLine>
               <TextLine ID="tl_25"
                         BASELINE="1666"
                         HEIGHT="44"
                         WIDTH="1333"
                         VPOS="1622"
                         HPOS="408">
                  <String ID="string_tl_25"
                          HEIGHT="44"
                          WIDTH="1333"
                          VPOS="1622"
                          HPOS="408"
                          CONTENT="(sa maîtresse), qui est malade. « Mlle de l’Espinasse, dit-il, profitera comme moi"/>
               </TextLine>
               <TextLine ID="tl_26"
                         BASELINE="1699"
                         HEIGHT="38"
                         WIDTH="1335"
                         VPOS="1661"
                         HPOS="407">
                  <String ID="string_tl_26"
                          HEIGHT="38"
                          WIDTH="1335"
                          VPOS="1661"
                          HPOS="407"
                          CONTENT="des belles poires que M. et Mme Necker veulent bien m’envoyer; car son médecin"/>
               </TextLine>
               <TextLine ID="tl_27"
                         BASELINE="1739"
                         HEIGHT="39"
                         WIDTH="1253"
                         VPOS="1700"
                         HPOS="408">
                  <String ID="string_tl_27"
                          HEIGHT="39"
                          WIDTH="1253"
                          VPOS="1700"
                          HPOS="408"
                          CONTENT="lui a permis d’en manger, au lieu de bouillon, qui l’incommode beaucoup. »"/>
               </TextLine>
            </TextBlock>
            <TextBlock ID="r_1_16"
                       HEIGHT="182"
                       WIDTH="1463"
                       VPOS="1737"
                       HPOS="288">
               <Shape>
                  <Polygon POINTS="288,1737 1751,1737 1751,1919 288,1919"/>
               </Shape>
               <TextLine ID="tl_28"
                         BASELINE="1785"
                         HEIGHT="47"
                         WIDTH="1453"
                         VPOS="1738"
                         HPOS="289">
                  <String ID="string_tl_28"
                          HEIGHT="47"
                          WIDTH="1453"
                          VPOS="1738"
                          HPOS="289"
                          CONTENT="4309 Ancre (Concini, maréchal d’), qui gouverna la France pen¬"/>
               </TextLine>
               <TextLine ID="tl_29"
                         BASELINE="1829"
                         HEIGHT="46"
                         WIDTH="1341"
                         VPOS="1783"
                         HPOS="402">
                  <String ID="string_tl_29"
                          HEIGHT="46"
                          WIDTH="1341"
                          VPOS="1783"
                          HPOS="402"
                          CONTENT="dant les premières années du règne de Louis XIII, assassiné"/>
               </TextLine>
               <TextLine ID="tl_30"
                         BASELINE="1879"
                         HEIGHT="52"
                         WIDTH="1350"
                         VPOS="1827"
                         HPOS="400">
                  <String ID="string_tl_30"
                          HEIGHT="52"
                          WIDTH="1350"
                          VPOS="1827"
                          HPOS="400"
                          CONTENT="par Vitry en 1617.— L. s., avec un post-script, ds 4 lignes aut.."/>
               </TextLine>
               <TextLine ID="tl_31"
                         BASELINE="1918"
                         HEIGHT="47"
                         WIDTH="1340"
                         VPOS="1871"
                         HPOS="403">
                  <String ID="string_tl_31"
                          HEIGHT="47"
                          WIDTH="1340"
                          VPOS="1871"
                          HPOS="403"
                          CONTENT="a M. de Nerestang; Amiens, 15 sept. 1615, 1 p. pl. in-f. 22 »"/>
               </TextLine>
            </TextBlock>
            <TextBlock ID="r_1_17"
                       HEIGHT="119"
                       WIDTH="1338"
                       VPOS="1916"
                       HPOS="409">
               <Shape>
                  <Polygon POINTS="409,1916 1747,1916 1747,2035 409,2035"/>
               </Shape>
               <TextLine ID="tl_32"
                         BASELINE="1956"
                         HEIGHT="39"
                         WIDTH="1295"
                         VPOS="1917"
                         HPOS="451">
                  <String ID="string_tl_32"
                          HEIGHT="39"
                          WIDTH="1295"
                          VPOS="1917"
                          HPOS="451"
                          CONTENT="Belle pièce, relative à la guerre en Picardie. Il apprend que les ennemis ont"/>
               </TextLine>
               <TextLine ID="tl_33"
                         BASELINE="1996"
                         HEIGHT="42"
                         WIDTH="1334"
                         VPOS="1954"
                         HPOS="410">
                  <String ID="string_tl_33"
                          HEIGHT="42"
                          WIDTH="1334"
                          VPOS="1954"
                          HPOS="410"
                          CONTENT="l’intention de s’approcher de la rivière de Somme. « Nous n’avons pas de quoy"/>
               </TextLine>
               <TextLine ID="tl_34"
                         BASELINE="2034"
                         HEIGHT="45"
                         WIDTH="1334"
                         VPOS="1989"
                         HPOS="411">
                  <String ID="string_tl_34"
                          HEIGHT="45"
                          WIDTH="1334"
                          VPOS="1989"
                          HPOS="411"
                          CONTENT="les craindre icy, dit-il, pour ce qu’ils disent d’Ancre : s’ils y viennent, ils n'y"/>
               </TextLine>
            </TextBlock>
            <TextBlock ID="r_1_18" HEIGHT="42" WIDTH="1337" VPOS="2033" HPOS="411">
               <Shape>
                  <Polygon POINTS="411,2033 1748,2033 1748,2075 411,2075"/>
               </Shape>
               <TextLine ID="tl_35"
                         BASELINE="2074"
                         HEIGHT="40"
                         WIDTH="1335"
                         VPOS="2034"
                         HPOS="412">
                  <String ID="string_tl_35"
                          HEIGHT="40"
                          WIDTH="1335"
                          VPOS="2034"
                          HPOS="412"
                          CONTENT="auront point d’honneur et peu de proufficts.» (Ancre, menacé par les"/>
               </TextLine>
            </TextBlock>
            <TextBlock ID="r_1_19" HEIGHT="40" WIDTH="626" VPOS="2072" HPOS="409">
               <Shape>
                  <Polygon POINTS="409,2072 1035,2072 1035,2112 409,2112"/>
               </Shape>
               <TextLine ID="tl_36"
                         BASELINE="2111"
                         HEIGHT="38"
                         WIDTH="624"
                         VPOS="2073"
                         HPOS="410">
                  <String ID="string_tl_36"
                          HEIGHT="38"
                          WIDTH="624"
                          VPOS="2073"
                          HPOS="410"
                          CONTENT="ennemis, était son propre marquisat.)"/>
               </TextLine>
            </TextBlock>
            <TextBlock ID="r_1_20" HEIGHT="47" WIDTH="1458" VPOS="2110" HPOS="291">
               <Shape>
                  <Polygon POINTS="291,2110 1749,2110 1749,2157 291,2157"/>
               </Shape>
               <TextLine ID="tl_37"
                         BASELINE="2156"
                         HEIGHT="45"
                         WIDTH="1456"
                         VPOS="2111"
                         HPOS="292">
                  <String ID="string_tl_37"
                          HEIGHT="45"
                          WIDTH="1456"
                          VPOS="2111"
                          HPOS="292"
                          CONTENT="4310 Anquetil (L.-P.), célèbre historien, auteur de l'Histoire de"/>
               </TextLine>
            </TextBlock>
            <TextBlock ID="r_1_21" HEIGHT="48" WIDTH="1347" VPOS="2155" HPOS="402">
               <Shape>
                  <Polygon POINTS="402,2155 1749,2155 1749,2203 402,2203"/>
               </Shape>
               <TextLine ID="tl_38"
                         BASELINE="2202"
                         HEIGHT="46"
                         WIDTH="1345"
                         VPOS="2156"
                         HPOS="403">
                  <String ID="string_tl_38"
                          HEIGHT="46"
                          WIDTH="1345"
                          VPOS="2156"
                          HPOS="403"
                          CONTENT="France. — L. a. s. à Mme Nyon, libraire, 1 p. in-18. 2 50"/>
               </TextLine>
            </TextBlock>
            <TextBlock ID="r_1_22" HEIGHT="48" WIDTH="1454" VPOS="2199" HPOS="293">
               <Shape>
                  <Polygon POINTS="293,2199 1747,2199 1747,2247 293,2247"/>
               </Shape>
               <TextLine ID="tl_39"
                         BASELINE="2246"
                         HEIGHT="46"
                         WIDTH="1452"
                         VPOS="2200"
                         HPOS="294">
                  <String ID="string_tl_39"
                          HEIGHT="46"
                          WIDTH="1452"
                          VPOS="2200"
                          HPOS="294"
                          CONTENT="4311 Augustin (J.-B.), peintre sur émail et en miniature, le"/>
               </TextLine>
            </TextBlock>
            <TextBlock ID="r_1_23" HEIGHT="93" WIDTH="1345" VPOS="2243" HPOS="404">
               <Shape>
                  <Polygon POINTS="404,2243 1749,2243 1749,2336 404,2336"/>
               </Shape>
               <TextLine ID="tl_40"
                         BASELINE="2289"
                         HEIGHT="45"
                         WIDTH="1343"
                         VPOS="2244"
                         HPOS="405">
                  <String ID="string_tl_40"
                          HEIGHT="45"
                          WIDTH="1343"
                          VPOS="2244"
                          HPOS="405"
                          CONTENT="restaurateur de l’art de Petitot, maître de Mme Mirbel, né à"/>
               </TextLine>
               <TextLine ID="tl_41"
                         BASELINE="2335"
                         HEIGHT="47"
                         WIDTH="1339"
                         VPOS="2288"
                         HPOS="406">
                  <String ID="string_tl_41"
                          HEIGHT="47"
                          WIDTH="1339"
                          VPOS="2288"
                          HPOS="406"
                          CONTENT="Saint-Dié. — L. a. s.; 12 juillet 1816, 1 p. in-4. 3 »"/>
               </TextLine>
            </TextBlock>
            <TextBlock ID="r_1_24" HEIGHT="72" WIDTH="1339" VPOS="2333" HPOS="409">
               <Shape>
                  <Polygon POINTS="409,2333 1748,2333 1748,2405 409,2405"/>
               </Shape>
               <TextLine ID="tl_42"
                         BASELINE="2373"
                         HEIGHT="39"
                         WIDTH="1295"
                         VPOS="2334"
                         HPOS="452">
                  <String ID="string_tl_42"
                          HEIGHT="39"
                          WIDTH="1295"
                          VPOS="2334"
                          HPOS="452"
                          CONTENT="Relative à son beau portrait de Louis XVIII, exécuté comme peintre du"/>
               </TextLine>
               <TextLine ID="tl_43"
                         BASELINE="2404"
                         HEIGHT="32"
                         WIDTH="242"
                         VPOS="2372"
                         HPOS="410">
                  <String ID="string_tl_43"
                          HEIGHT="32"
                          WIDTH="242"
                          VPOS="2372"
                          HPOS="410"
                          CONTENT="cabinet du roi."/>
               </TextLine>
            </TextBlock>
            <TextBlock ID="r_1_25" HEIGHT="93" WIDTH="1459" VPOS="2409" HPOS="292">
               <Shape>
                  <Polygon POINTS="292,2409 1751,2409 1751,2502 292,2502"/>
               </Shape>
               <TextLine ID="tl_44"
                         BASELINE="2457"
                         HEIGHT="47"
                         WIDTH="1457"
                         VPOS="2410"
                         HPOS="293">
                  <String ID="string_tl_44"
                          HEIGHT="47"
                          WIDTH="1457"
                          VPOS="2410"
                          HPOS="293"
                          CONTENT="4312 Babinet (Jacq.), célèbre physicien et astronome, né à"/>
               </TextLine>
               <TextLine ID="tl_45"
                         BASELINE="2501"
                         HEIGHT="46"
                         WIDTH="1344"
                         VPOS="2455"
                         HPOS="404">
                  <String ID="string_tl_45"
                          HEIGHT="46"
                          WIDTH="1344"
                          VPOS="2455"
                          HPOS="404"
                          CONTENT="Lusignan (Vienne). — L. a. s. à Ach. Comte, 1 p. in-8. 2 »"/>
               </TextLine>
            </TextBlock>
            <TextBlock ID="r_1_26" HEIGHT="51" WIDTH="1459" VPOS="2498" HPOS="291">
               <Shape>
                  <Polygon POINTS="291,2498 1750,2498 1750,2549 291,2549"/>
               </Shape>
               <TextLine ID="tl_46"
                         BASELINE="2548"
                         HEIGHT="49"
                         WIDTH="1457"
                         VPOS="2499"
                         HPOS="292">
                  <String ID="string_tl_46"
                          HEIGHT="49"
                          WIDTH="1457"
                          VPOS="2499"
                          HPOS="292"
                          CONTENT="4313 Bacon (François), baron de Vérulam, un des plus grands génies"/>
               </TextLine>
            </TextBlock>
            <TextBlock ID="r_1_27"
                       HEIGHT="137"
                       WIDTH="1347"
                       VPOS="2542"
                       HPOS="404">
               <Shape>
                  <Polygon POINTS="404,2542 1751,2542 1751,2679 404,2679"/>
               </Shape>
               <TextLine ID="tl_47"
                         BASELINE="2590"
                         HEIGHT="47"
                         WIDTH="1345"
                         VPOS="2543"
                         HPOS="405">
                  <String ID="string_tl_47"
                          HEIGHT="47"
                          WIDTH="1345"
                          VPOS="2543"
                          HPOS="405"
                          CONTENT="du XVIIe siècle, le créateur de la philosophie moderne.—Pièce"/>
               </TextLine>
               <TextLine ID="tl_48"
                         BASELINE="2634"
                         HEIGHT="46"
                         WIDTH="1342"
                         VPOS="2588"
                         HPOS="405">
                  <String ID="string_tl_48"
                          HEIGHT="46"
                          WIDTH="1342"
                          VPOS="2588"
                          HPOS="405"
                          CONTENT="sig. Fr. Verulam Canc. (Fr. Verulam, chancelier); 20 nov. 1618,"/>
               </TextLine>
               <TextLine ID="tl_49"
                         BASELINE="2678"
                         HEIGHT="46"
                         WIDTH="1340"
                         VPOS="2632"
                         HPOS="406">
                  <String ID="string_tl_49"
                          HEIGHT="46"
                          WIDTH="1340"
                          VPOS="2632"
                          HPOS="406"
                          CONTENT="1 p. in-f. 100 »"/>
               </TextLine>
            </TextBlock>
         </PrintSpace>
      </Page>
   </Layout>
</alto>
