1793 3007
133 179 229 51 n°23

1131 195 335 35 Octobre 1869.

559 353 463 73 REVUE

760 474 70 32 DES

79 556 1441 187 AUTOGRAPHES

264 813 1083 56 DES CURIOSITÉS DE L'HISTOIRE & DE LA BIOGRAPHIE

104 924 1398 40 PARAISSANT CHAQUE MOIS, SOUS LA DIRECTION DE

520 1017 572 35 GABRIEL CHARAVAY

192 1156 477 38 ABONNEMENTS:

114 1223 643 41 France, un an(12 Numéros) 5 fr.

111 1270 578 45 ÉTRANGER .................. 4

1026 1161 317 28 BUREAUX:

849 1227 652 34 60, rue Saint-André-des-Arts,

969 1278 434 32 Précédemment n° 50, à Paris.

467 1352 679 42 UN NUMÉRO : 25 CENTIMES

121 1436 1374 41 Depuis le commencement du mois, les bureaux ont été transférés du n° 50 au n° 60.

83 1559 1450 45 Sommaire : 1. Dénouement de l’affaire Chasles.— 2. Nécrologie.— 3. Auto¬

173 1611 856 44 graphes à prix marqués. — 3. Prime.

335 1748 945 47 DÉNOUEMENT DE L’AFFAIRE CHASLES.

133 1850 1400 51 Ce dénouement a eu lieu de la manière la plus inattendue, dans la

82 1900 1445 53 séance de l’Académie des Sciences du 13 septembre. Sans doute.

82 1951 1450 54 M. Chasles se trouvait dans un grand embarras, vivement pressé par

83 2002 1448 52 M. Leverrier, qui portait à ses autographes un coup terrible à l’Aca¬

82 2052 1449 46 démie, et menacé d’une déclaration très nette de la commission

82 2103 1449 52 d’expertise de Florence; mais, à l’ardeur qu’il mettait à la défense de

83 2153 1447 52 sa cause, personne ne pouvait prévoir une solution si prochaine. Nous

84 2203 1444 55 allons résumer les dernières péripéties de cette étrange affaire, qui

86 2254 841 52 intéresse au plus haut point nos lecteurs.

134 2302 1391 54 On se rappelle l’article de notre n° 19, paru en décembre dernier.

86 2355 1444 54 Nous disions franchement à M. Chasles, au risque de lui déplaire, que

84 2406 1446 52 sa prétendue collection d’autographes était composée, tout entière, de

86 2456 1443 56 pièces fabriquées, et nous l’adjurions de consentir à, une expertise

86 2507 1444 51 sérieuse. Un des faits que nous rapportions semblait être favorable à sa

87 2557 1442 51 thèse. En parcourant, à la Bibliothèque nationale de Florence, le

87 2609 1441 50 recueil des lettres autographes de Galilée, nous en avions trouvé une

88 2658 1438 54 datée du 5 novembre 1639. Or, les adversaires de M. Chasles préton¬
