1793 3007
794 166 193 38 — 21 -

162 259 1454 51 4266 Napoléon Ier, empereur des Français. — L. sig. Napoléon,

273 301 1342 55 (écrite sous sa dictée par le baron Fain), au comte de Cessac;

271 347 1340 50 Paris, 18 février 1811, 1/2 p. in-4. 8 »

320 393 1296 45 Ordres d'organiser un service d'équipages le plus propre pour faire la

278 433 1340 44 guerre en Pologne. » Il faut que cela soit fait avec discrétion et le plus secrète¬

282 471 268 38 ment possible. »

164 521 1452 50 4267 Napoléon (Louis), prince impérial, fils de Napoléon III. —

272 564 1346 52 Dessin au crayon, de la main au prince, avec sa signature et

271 608 1344 51 la date à la plume; 11 février 1864, in-4, oblong. 25 »

317 654 980 42 Ce dessin, très-curieux, représente l'attaque d’une redoute.

159 703 1456 51 4268 Orléans (Ph., duc d’), régent. — Pièce sig., 1718, 1/2 p.

272 747 1343 41 in-f. 1 25

158 798 1460 46 4269 Parthenay (Catherine de), dame de Rohan, ardente calvi¬

268 840 1346 47 niste, célèbre par son héroïsme dans la défense de la Ro¬

271 885 1344 50 chelle contre les troupes de Louis XIII. — Belle pièce sig. ;

270 930 1343 48 Fresney, 1603, 1 p. in-f. Relative à sa terre de Fresney. 10 »

159 980 1458 48 4270 Payen (Anselme), célèbre chimiste. — L. a. s., 1 p. in-8. 1 25

159 1035 1456 45 4271 Périer (Casimir), illustre homme d’Etat. — L. a. s. à M. J.

270 1078 1342 48 David, à Londres; Bordeaux, 1813,1 p. in-4. 3 »

158 1131 1458 49 4272 Perrault (Ch.), l’auteur des Contes. Billet aut. sig., 9 août

274 1175 1338 45 1/2 p. in-8. 6 »

159 1225 1458 48 4273 Petit (le général baron), immortalisé par les adieux de Fon¬

270 1268 1344 49 tainebleau. — L. a. s., 1842, 2 p. in-8. 2 »

158 1324 1456 49 4274 Pie VI (Jean-Ange Braschi), pape célèbre, mort prisonnier à

267 1369 1346 48 Valence en 1799. — Bref sig., en latin; couvent des Chartreux,

271 1414 1341 47 près de Florence, 10 juin 1798, 1 p. in-f. Belle pièce. 8 »

315 1460 1300 40 Nomination d’un évêque in partibus. Le lieu d’où ce bref est daté est le

277 1498 1338 40 dernier qu’habita Pie VI après son expulsion de Rome par les Français et avant

277 1538 444 32 son internement à Valence.

158 1586 1455 51 4275 Potemkin (Grég.-Alex., prince), le grand favori de Cathe¬

268 1630 1344 51 rine II — L. a sig. le prince Potemkin Taurica, en français, au

267 1670 1344 51 prince... 3 p. in-4. Belle pièce. Très-rare. 45 »

313 1720 1299 39 Epître très-hautaine, écrite probablement à un ministre qui s’est avisé de lui

274 1759 1337 40 faire des observations. « On parle beaucoup de moi, dit-il, mais je laisse dire.

273 1798 1340 42 La distribution des épées, c'est mon affaire, et je sçais le tems et les moyens

272 1838 452 32 comment les distribuer... »

154 1886 1460 45 4276 Pouillet (F.-M.), célèbre chimiste, de l’Inst. — L. a. s. à Che¬

266 1930 1348 46 vreul, 1848, 1 p. in-8. 1 25

155 1985 1454 45 4277 Pradier (J.-J.), célèbre statuaire, de l’Institut. — L. a. s.,

270 2030 1343 45 1 p. in-12. 1 50

154 2084 1456 46 4278 Prusse (Charles, prince de), frère du roi Guillaume 1er. — L.

266 2128 1343 49 a. s., en français, à Alex. Vattemare ; Berlin, 4 février 1834,

264 2173 1346 46 2 p. in-8, cachet à ses armes. 3 50

314 2217 1298 40 Bel éloge du talent de Vattemare. Il lui promet de le recommander à sa sœur

271 2256 1340 40 l'impératrice de Russie, et ne doute pas qu’il n’obtienne a Pétersbourg le même

271 2296 301 39 succès qu'à Berlin.

153 2344 1455 46 4279 Pujol (Abel de), célèbre peintre d’histoire, de l’Institut. — L.

264 2388 1346 46 a. s. au directeur de l’Artiste, 1843, 1 p. in-8. 1 50

154 2442 1457 48 4280 Quetelet (L.-A.-J.), célèbre astronome belge, créateur de l’ob¬

265 2486 1345 47 servatoire de Bruxelles. — L. a. s., Bruxelles, 2 p. in-8. 1 50

153 2542 1457 47 4281 Rancé (Arm.-J. Lebouthiller, abbé de), le célèbre réformateur

264 2586 1344 47 de la Trappe, dont Chateaubriand a écrit la vie. — L. s., avec

264 2629 1345 48 la date autog., à M, Finette, à l’institution de l’Oratoire, à
