<?xml version="1.0" encoding="UTF-8"?>
<alto xmlns:xsi="http://www.w3.org/2001/XMLSchema-instance"
      xmlns="http://www.loc.gov/standards/alto/ns-v2#"
      xmlns:page="http://schema.primaresearch.org/PAGE/gts/pagecontent/2013-07-15"
      xsi:schemaLocation="http://www.loc.gov/standards/alto/ns-v2# http://www.loc.gov/standards/alto/alto.xsd">
   <Description>
      <MeasurementUnit>pixel</MeasurementUnit>
      <OCRProcessing ID="IdOcr">
         <ocrProcessingStep>
            <processingDateTime>2020-10-31T11:20:31.317+01:00</processingDateTime>
            <processingSoftware>
               <softwareCreator>READ COOP</softwareCreator>
               <softwareName>Transkribus</softwareName>
            </processingSoftware>
         </ocrProcessingStep>
      </OCRProcessing>
   </Description>
   <Layout>
      <Page ID="Page1" PHYSICAL_IMG_NR="1" HEIGHT="3007" WIDTH="1793">
         <TopMargin HEIGHT="132" WIDTH="1793" VPOS="0" HPOS="0"/>
         <LeftMargin HEIGHT="2493" WIDTH="80" VPOS="132" HPOS="0"/>
         <RightMargin HEIGHT="2493" WIDTH="207" VPOS="132" HPOS="1586"/>
         <BottomMargin HEIGHT="382" WIDTH="1793" VPOS="2625" HPOS="0"/>
         <PrintSpace HEIGHT="2493" WIDTH="1506" VPOS="132" HPOS="80">
            <TextBlock ID="region_1533026822169_13"
                       HEIGHT="56"
                       WIDTH="206"
                       VPOS="142"
                       HPOS="722">
               <Shape>
                  <Polygon POINTS="722,142 928,142 928,198 722,198"/>
               </Shape>
               <TextLine ID="line_1533026828919_14"
                         BASELINE="193"
                         HEIGHT="52"
                         WIDTH="187"
                         VPOS="141"
                         HPOS="729">
                  <String ID="string_line_1533026828919_14"
                          HEIGHT="52"
                          WIDTH="187"
                          VPOS="141"
                          HPOS="729"
                          CONTENT="- 21 -"/>
               </TextLine>
            </TextBlock>
            <TextBlock ID="r_1_1" HEIGHT="151" WIDTH="1349" VPOS="243" HPOS="211">
               <Shape>
                  <Polygon POINTS="211,243 1560,243 1560,394 211,394"/>
               </Shape>
               <TextLine ID="tl_1"
                         BASELINE="284"
                         HEIGHT="40"
                         WIDTH="1341"
                         VPOS="244"
                         HPOS="215">
                  <String ID="string_tl_1"
                          HEIGHT="40"
                          WIDTH="1341"
                          VPOS="244"
                          HPOS="215"
                          CONTENT="chances de faire sortir votre département de la routine et de l'ornière où il est"/>
               </TextLine>
               <TextLine ID="tl_2"
                         BASELINE="325"
                         HEIGHT="42"
                         WIDTH="1341"
                         VPOS="283"
                         HPOS="215">
                  <String ID="string_tl_2"
                          HEIGHT="42"
                          WIDTH="1341"
                          VPOS="283"
                          HPOS="215"
                          CONTENT="tombé depuis dix-sept ans. Le premier point gagné et l’habitude servile une fois"/>
               </TextLine>
               <TextLine ID="tl_3"
                         BASELINE="364"
                         HEIGHT="41"
                         WIDTH="1347"
                         VPOS="323"
                         HPOS="212">
                  <String ID="string_tl_3"
                          HEIGHT="41"
                          WIDTH="1347"
                          VPOS="323"
                          HPOS="212"
                          CONTENT="brisée, tout deviendra facile... Après tout, le plus urgent est de renverser les"/>
               </TextLine>
               <TextLine ID="tl_4"
                         BASELINE="393"
                         HEIGHT="32"
                         WIDTH="204"
                         VPOS="361"
                         HPOS="219">
                  <String ID="string_tl_4"
                          HEIGHT="32"
                          WIDTH="204"
                          VPOS="361"
                          HPOS="219"
                          CONTENT="officiels... »"/>
               </TextLine>
            </TextBlock>
            <TextBlock ID="r_1_2" HEIGHT="50" WIDTH="1458" VPOS="409" HPOS="98">
               <Shape>
                  <Polygon POINTS="98,409 1556,409 1556,459 98,459"/>
               </Shape>
               <TextLine ID="tl_5"
                         BASELINE="458"
                         HEIGHT="48"
                         WIDTH="1456"
                         VPOS="410"
                         HPOS="99">
                  <String ID="string_tl_5"
                          HEIGHT="48"
                          WIDTH="1456"
                          VPOS="410"
                          HPOS="99"
                          CONTENT="4475 Rachel (Mlle), la grande tragédienne.—L. a. s. M. Desnoyers,"/>
               </TextLine>
            </TextBlock>
            <TextBlock ID="r_1_3" HEIGHT="48" WIDTH="1343" VPOS="454" HPOS="215">
               <Shape>
                  <Polygon POINTS="215,454 1558,454 1558,502 215,502"/>
               </Shape>
               <TextLine ID="tl_6"
                         BASELINE="501"
                         HEIGHT="46"
                         WIDTH="1341"
                         VPOS="455"
                         HPOS="216">
                  <String ID="string_tl_6"
                          HEIGHT="46"
                          WIDTH="1341"
                          VPOS="455"
                          HPOS="216"
                          CONTENT="1 p. in-8. 4 »"/>
               </TextLine>
            </TextBlock>
            <TextBlock ID="r_1_4" HEIGHT="120" WIDTH="1347" VPOS="499" HPOS="213">
               <Shape>
                  <Polygon POINTS="213,499 1560,499 1560,619 213,619"/>
               </Shape>
               <TextLine ID="tl_7"
                         BASELINE="537"
                         HEIGHT="37"
                         WIDTH="1304"
                         VPOS="500"
                         HPOS="255">
                  <String ID="string_tl_7"
                          HEIGHT="37"
                          WIDTH="1304"
                          VPOS="500"
                          HPOS="255"
                          CONTENT="On lui annonce la visite d’un médecin. M. Buloz est venu la voir, mais sa"/>
               </TextLine>
               <TextLine ID="tl_8"
                         BASELINE="579"
                         HEIGHT="40"
                         WIDTH="1341"
                         VPOS="539"
                         HPOS="217">
                  <String ID="string_tl_8"
                          HEIGHT="40"
                          WIDTH="1341"
                          VPOS="539"
                          HPOS="217"
                          CONTENT="santé ne lui permettra pas d’assister à la répétition. « Je ne vois pas, dit-elle,"/>
               </TextLine>
               <TextLine ID="tl_9"
                         BASELINE="618"
                         HEIGHT="41"
                         WIDTH="1067"
                         VPOS="577"
                         HPOS="214">
                  <String ID="string_tl_9"
                          HEIGHT="41"
                          WIDTH="1067"
                          VPOS="577"
                          HPOS="214"
                          CONTENT="l’intérêt de la Comédie à me demander plus que je ne puis faire."/>
               </TextLine>
            </TextBlock>
            <TextBlock ID="r_1_5" HEIGHT="48" WIDTH="1461" VPOS="631" HPOS="98">
               <Shape>
                  <Polygon POINTS="98,631 1559,631 1559,679 98,679"/>
               </Shape>
               <TextLine ID="tl_10"
                         BASELINE="678"
                         HEIGHT="46"
                         WIDTH="1459"
                         VPOS="632"
                         HPOS="99">
                  <String ID="string_tl_10"
                          HEIGHT="46"
                          WIDTH="1459"
                          VPOS="632"
                          HPOS="99"
                          CONTENT="4476 Racine (Louis), célèbre poète, auteur du poème de la Religion,"/>
               </TextLine>
            </TextBlock>
            <TextBlock ID="r_1_6" HEIGHT="49" WIDTH="1351" VPOS="675" HPOS="209">
               <Shape>
                  <Polygon POINTS="209,675 1560,675 1560,724 209,724"/>
               </Shape>
               <TextLine ID="tl_11"
                         BASELINE="723"
                         HEIGHT="47"
                         WIDTH="1349"
                         VPOS="676"
                         HPOS="210">
                  <String ID="string_tl_11"
                          HEIGHT="47"
                          WIDTH="1349"
                          VPOS="676"
                          HPOS="210"
                          CONTENT="— Pièce sig. ; Soissons, 17 oct. 1735, 2 p. 1/2 in-f. 12 »"/>
               </TextLine>
            </TextBlock>
            <TextBlock ID="r_1_7" HEIGHT="48" WIDTH="1463" VPOS="730" HPOS="98">
               <Shape>
                  <Polygon POINTS="98,730 1561,730 1561,778 98,778"/>
               </Shape>
               <TextLine ID="tl_12"
                         BASELINE="777"
                         HEIGHT="46"
                         WIDTH="1461"
                         VPOS="731"
                         HPOS="99">
                  <String ID="string_tl_12"
                          HEIGHT="46"
                          WIDTH="1461"
                          VPOS="731"
                          HPOS="99"
                          CONTENT="4477 Ramey (Etienne), habile statuaire, de l’Institut. — L. a. s."/>
               </TextLine>
            </TextBlock>
            <TextBlock ID="r_1_8" HEIGHT="48" WIDTH="1347" VPOS="775" HPOS="213">
               <Shape>
                  <Polygon POINTS="213,775 1560,775 1560,823 213,823"/>
               </Shape>
               <TextLine ID="tl_13"
                         BASELINE="822"
                         HEIGHT="46"
                         WIDTH="1345"
                         VPOS="776"
                         HPOS="214">
                  <String ID="string_tl_13"
                          HEIGHT="46"
                          WIDTH="1345"
                          VPOS="776"
                          HPOS="214"
                          CONTENT="(à Ach. Comte). 1846, 1 p. in-8. 2 »"/>
               </TextLine>
            </TextBlock>
            <TextBlock ID="r_1_9" HEIGHT="49" WIDTH="1465" VPOS="835" HPOS="99">
               <Shape>
                  <Polygon POINTS="99,835 1564,835 1564,884 99,884"/>
               </Shape>
               <TextLine ID="tl_14"
                         BASELINE="883"
                         HEIGHT="47"
                         WIDTH="1463"
                         VPOS="836"
                         HPOS="100">
                  <String ID="string_tl_14"
                          HEIGHT="47"
                          WIDTH="1463"
                          VPOS="836"
                          HPOS="100"
                          CONTENT="4478 Réaumur (R.-A. de), un des plus grands naturalistes et phy¬"/>
               </TextLine>
            </TextBlock>
            <TextBlock ID="r_1_10" HEIGHT="136" WIDTH="1351" VPOS="880" HPOS="211">
               <Shape>
                  <Polygon POINTS="211,880 1562,880 1562,1016 211,1016"/>
               </Shape>
               <TextLine ID="tl_15"
                         BASELINE="924"
                         HEIGHT="43"
                         WIDTH="1349"
                         VPOS="881"
                         HPOS="212">
                  <String ID="string_tl_15"
                          HEIGHT="43"
                          WIDTH="1349"
                          VPOS="881"
                          HPOS="212"
                          CONTENT="siciens du XVIIIe siècle, né à La Rochelle. — L. a. s. à Bois-"/>
               </TextLine>
               <TextLine ID="tl_16"
                         BASELINE="972"
                         HEIGHT="46"
                         WIDTH="1346"
                         VPOS="926"
                         HPOS="213">
                  <String ID="string_tl_16"
                          HEIGHT="46"
                          WIDTH="1346"
                          VPOS="926"
                          HPOS="213"
                          CONTENT="sier de Sauvages, à Montpellier; Réaumur, Bas-Poitou,"/>
               </TextLine>
               <TextLine ID="tl_17"
                         BASELINE="1015"
                         HEIGHT="45"
                         WIDTH="1347"
                         VPOS="970"
                         HPOS="213">
                  <String ID="string_tl_17"
                          HEIGHT="45"
                          WIDTH="1347"
                          VPOS="970"
                          HPOS="213"
                          CONTENT="27 octoc. 1755, 1 p. 1/2 in-4, cacheta ses armes. 18 »"/>
               </TextLine>
            </TextBlock>
            <TextBlock ID="r_1_11" HEIGHT="41" WIDTH="1188" VPOS="1014" HPOS="259">
               <Shape>
                  <Polygon POINTS="259,1014 1447,1014 1447,1055 259,1055"/>
               </Shape>
               <TextLine ID="tl_18"
                         BASELINE="1054"
                         HEIGHT="39"
                         WIDTH="1186"
                         VPOS="1015"
                         HPOS="260">
                  <String ID="string_tl_18"
                          HEIGHT="39"
                          WIDTH="1186"
                          VPOS="1015"
                          HPOS="260"
                          CONTENT="Relative à une faveur que Sauvages désire obtenir du ministre Trudaine."/>
               </TextLine>
            </TextBlock>
            <TextBlock ID="r_1_12" HEIGHT="48" WIDTH="1459" VPOS="1068" HPOS="104">
               <Shape>
                  <Polygon POINTS="104,1068 1563,1068 1563,1116 104,1116"/>
               </Shape>
               <TextLine ID="tl_19"
                         BASELINE="1115"
                         HEIGHT="46"
                         WIDTH="1457"
                         VPOS="1069"
                         HPOS="105">
                  <String ID="string_tl_19"
                          HEIGHT="46"
                          WIDTH="1457"
                          VPOS="1069"
                          HPOS="105"
                          CONTENT="4479 René d’Anjou, dit le bon roi Réné. — Pièce sig.; château de"/>
               </TextLine>
            </TextBlock>
            <TextBlock ID="r_1_13" HEIGHT="92" WIDTH="1352" VPOS="1113" HPOS="214">
               <Shape>
                  <Polygon POINTS="214,1113 1566,1113 1566,1205 214,1205"/>
               </Shape>
               <TextLine ID="tl_20"
                         BASELINE="1160"
                         HEIGHT="46"
                         WIDTH="1350"
                         VPOS="1114"
                         HPOS="215">
                  <String ID="string_tl_20"
                          HEIGHT="46"
                          WIDTH="1350"
                          VPOS="1114"
                          HPOS="215"
                          CONTENT="Baugé, 28 av. 1469, 1/2 p. in-4. Un grattage et une petite cou¬"/>
               </TextLine>
               <TextLine ID="tl_21"
                         BASELINE="1204"
                         HEIGHT="47"
                         WIDTH="1347"
                         VPOS="1157"
                         HPOS="215">
                  <String ID="string_tl_21"
                          HEIGHT="47"
                          WIDTH="1347"
                          VPOS="1157"
                          HPOS="215"
                          CONTENT="pure dans le blanc. 12 »"/>
               </TextLine>
            </TextBlock>
            <TextBlock ID="r_1_14" HEIGHT="73" WIDTH="1345" VPOS="1202" HPOS="220">
               <Shape>
                  <Polygon POINTS="220,1202 1565,1202 1565,1275 220,1275"/>
               </Shape>
               <TextLine ID="tl_22"
                         BASELINE="1242"
                         HEIGHT="39"
                         WIDTH="1303"
                         VPOS="1203"
                         HPOS="261">
                  <String ID="string_tl_22"
                          HEIGHT="39"
                          WIDTH="1303"
                          VPOS="1203"
                          HPOS="261"
                          CONTENT="Il accorde à Jehan Le Goy, sergent de sa forêt de Belle-Poulie, une place dans"/>
               </TextLine>
               <TextLine ID="tl_23"
                         BASELINE="1274"
                         HEIGHT="32"
                         WIDTH="360"
                         VPOS="1242"
                         HPOS="221">
                  <String ID="string_tl_23"
                          HEIGHT="32"
                          WIDTH="360"
                          VPOS="1242"
                          HPOS="221"
                          CONTENT="l'île des Ponts-de-Scé."/>
               </TextLine>
            </TextBlock>
            <TextBlock ID="r_1_15"
                       HEIGHT="182"
                       WIDTH="1464"
                       VPOS="1295"
                       HPOS="103">
               <Shape>
                  <Polygon POINTS="103,1295 1567,1295 1567,1477 103,1477"/>
               </Shape>
               <TextLine ID="tl_24"
                         BASELINE="1341"
                         HEIGHT="45"
                         WIDTH="1460"
                         VPOS="1296"
                         HPOS="104">
                  <String ID="string_tl_24"
                          HEIGHT="45"
                          WIDTH="1460"
                          VPOS="1296"
                          HPOS="104"
                          CONTENT="4480 Richelieu (le cardinal de), l’illustre ministre de Louis XIII."/>
               </TextLine>
               <TextLine ID="tl_25"
                         BASELINE="1387"
                         HEIGHT="46"
                         WIDTH="1351"
                         VPOS="1341"
                         HPOS="215">
                  <String ID="string_tl_25"
                          HEIGHT="46"
                          WIDTH="1351"
                          VPOS="1341"
                          HPOS="215"
                          CONTENT="— L. s. de Louis XIII, et contresignée par Richelieu, qui n’était"/>
               </TextLine>
               <TextLine ID="tl_26"
                         BASELINE="1432"
                         HEIGHT="47"
                         WIDTH="1350"
                         VPOS="1385"
                         HPOS="216">
                  <String ID="string_tl_26"
                          HEIGHT="47"
                          WIDTH="1350"
                          VPOS="1385"
                          HPOS="216"
                          CONTENT="pas encore cardinal, à M. de Blérancourt, gouverneur de Pé¬"/>
               </TextLine>
               <TextLine ID="tl_27"
                         BASELINE="1476"
                         HEIGHT="46"
                         WIDTH="1348"
                         VPOS="1430"
                         HPOS="215">
                  <String ID="string_tl_27"
                          HEIGHT="46"
                          WIDTH="1348"
                          VPOS="1430"
                          HPOS="215"
                          CONTENT="ronne et Montdidier ; Paris, 13 fév. 1617, 1/2 p. in-f. 25 »"/>
               </TextLine>
            </TextBlock>
            <TextBlock ID="r_1_16"
                       HEIGHT="119"
                       WIDTH="1346"
                       VPOS="1485"
                       HPOS="222">
               <Shape>
                  <Polygon POINTS="222,1485 1568,1485 1568,1604 222,1604"/>
               </Shape>
               <TextLine ID="tl_28"
                         BASELINE="1525"
                         HEIGHT="39"
                         WIDTH="1309"
                         VPOS="1486"
                         HPOS="258">
                  <String ID="string_tl_28"
                          HEIGHT="39"
                          WIDTH="1309"
                          VPOS="1486"
                          HPOS="258"
                          CONTENT="Ordre de faire monter les quelques pièces de canon qui sont au château de"/>
               </TextLine>
               <TextLine ID="tl_29"
                         BASELINE="1564"
                         HEIGHT="39"
                         WIDTH="1342"
                         VPOS="1525"
                         HPOS="225">
                  <String ID="string_tl_29"
                          HEIGHT="39"
                          WIDTH="1342"
                          VPOS="1525"
                          HPOS="225"
                          CONTENT="Péronne, le plus promptement possible. (C’est deux mois après que le maréchal"/>
               </TextLine>
               <TextLine ID="tl_30"
                         BASELINE="1603"
                         HEIGHT="39"
                         WIDTH="755"
                         VPOS="1564"
                         HPOS="223">
                  <String ID="string_tl_30"
                          HEIGHT="39"
                          WIDTH="755"
                          VPOS="1564"
                          HPOS="223"
                          CONTENT="d’Ancre, gouverneur d’Amiens, fut assassiné.)"/>
               </TextLine>
            </TextBlock>
            <TextBlock ID="r_1_17" HEIGHT="93" WIDTH="1461" VPOS="1611" HPOS="106">
               <Shape>
                  <Polygon POINTS="106,1611 1567,1611 1567,1704 106,1704"/>
               </Shape>
               <TextLine ID="tl_31"
                         BASELINE="1658"
                         HEIGHT="46"
                         WIDTH="1459"
                         VPOS="1612"
                         HPOS="107">
                  <String ID="string_tl_31"
                          HEIGHT="46"
                          WIDTH="1459"
                          VPOS="1612"
                          HPOS="107"
                          CONTENT="4481 Richelieu (le duc de), célèbre ministre de Louis XVIII,"/>
               </TextLine>
               <TextLine ID="tl_32"
                         BASELINE="1703"
                         HEIGHT="46"
                         WIDTH="1350"
                         VPOS="1657"
                         HPOS="216">
                  <String ID="string_tl_32"
                          HEIGHT="46"
                          WIDTH="1350"
                          VPOS="1657"
                          HPOS="216"
                          CONTENT="membre de l’Acad. franc.— L. a. s., l/2p. in-4. Jolie pièce. 3 »"/>
               </TextLine>
            </TextBlock>
            <TextBlock ID="r_1_18" HEIGHT="48" WIDTH="1463" VPOS="1711" HPOS="105">
               <Shape>
                  <Polygon POINTS="105,1711 1568,1711 1568,1759 105,1759"/>
               </Shape>
               <TextLine ID="tl_33"
                         BASELINE="1758"
                         HEIGHT="46"
                         WIDTH="1461"
                         VPOS="1712"
                         HPOS="106">
                  <String ID="string_tl_33"
                          HEIGHT="46"
                          WIDTH="1461"
                          VPOS="1712"
                          HPOS="106"
                          CONTENT="4482 Robespierre (Maximilien). — Pièce sig. de lui et de Carnot;"/>
               </TextLine>
            </TextBlock>
            <TextBlock ID="r_1_19" HEIGHT="48" WIDTH="1350" VPOS="1756" HPOS="218">
               <Shape>
                  <Polygon POINTS="218,1756 1568,1756 1568,1804 218,1804"/>
               </Shape>
               <TextLine ID="tl_34"
                         BASELINE="1803"
                         HEIGHT="46"
                         WIDTH="1348"
                         VPOS="1757"
                         HPOS="219">
                  <String ID="string_tl_34"
                          HEIGHT="46"
                          WIDTH="1348"
                          VPOS="1757"
                          HPOS="219"
                          CONTENT="4 niv. an II, 1 p. in-f. 40 »"/>
               </TextLine>
            </TextBlock>
            <TextBlock ID="r_1_20"
                       HEIGHT="161"
                       WIDTH="1349"
                       VPOS="1811"
                       HPOS="223">
               <Shape>
                  <Polygon POINTS="223,1811 1572,1811 1572,1972 223,1972"/>
               </Shape>
               <TextLine ID="tl_35"
                         BASELINE="1851"
                         HEIGHT="39"
                         WIDTH="1305"
                         VPOS="1812"
                         HPOS="264">
                  <String ID="string_tl_35"
                          HEIGHT="39"
                          WIDTH="1305"
                          VPOS="1812"
                          HPOS="264"
                          CONTENT="Arrêté du Comité de salut public portant que la réponse de la Convention aux"/>
               </TextLine>
               <TextLine ID="tl_36"
                         BASELINE="1891"
                         HEIGHT="40"
                         WIDTH="1346"
                         VPOS="1851"
                         HPOS="224">
                  <String ID="string_tl_36"
                          HEIGHT="40"
                          WIDTH="1346"
                          VPOS="1851"
                          HPOS="224"
                          CONTENT="rois coalisés et le rapport du Comité (par Robespierre), sur la situation poli¬"/>
               </TextLine>
               <TextLine ID="tl_37"
                         BASELINE="1932"
                         HEIGHT="41"
                         WIDTH="1347"
                         VPOS="1891"
                         HPOS="224">
                  <String ID="string_tl_37"
                          HEIGHT="41"
                          WIDTH="1347"
                          VPOS="1891"
                          HPOS="224"
                          CONTENT="tique de la République seront envoyés aux représentants aux armées, pour être"/>
               </TextLine>
               <TextLine ID="tl_38"
                         BASELINE="1971"
                         HEIGHT="40"
                         WIDTH="477"
                         VPOS="1931"
                         HPOS="225">
                  <String ID="string_tl_38"
                          HEIGHT="40"
                          WIDTH="477"
                          VPOS="1931"
                          HPOS="225"
                          CONTENT="réimprimés par leurs ordres."/>
               </TextLine>
            </TextBlock>
            <TextBlock ID="r_1_21" HEIGHT="50" WIDTH="1466" VPOS="1976" HPOS="107">
               <Shape>
                  <Polygon POINTS="107,1976 1573,1976 1573,2026 107,2026"/>
               </Shape>
               <TextLine ID="tl_39"
                         BASELINE="2025"
                         HEIGHT="48"
                         WIDTH="1464"
                         VPOS="1977"
                         HPOS="108">
                  <String ID="string_tl_39"
                          HEIGHT="48"
                          WIDTH="1464"
                          VPOS="1977"
                          HPOS="108"
                          CONTENT="4483 Rossini (G.), le grand compositeur. L. a. s., en français, à M. Mar¬"/>
               </TextLine>
            </TextBlock>
            <TextBlock ID="r_1_22" HEIGHT="95" WIDTH="1354" VPOS="2021" HPOS="219">
               <Shape>
                  <Polygon POINTS="219,2021 1573,2021 1573,2116 219,2116"/>
               </Shape>
               <TextLine ID="tl_40"
                         BASELINE="2070"
                         HEIGHT="48"
                         WIDTH="1351"
                         VPOS="2022"
                         HPOS="221">
                  <String ID="string_tl_40"
                          HEIGHT="48"
                          WIDTH="1351"
                          VPOS="2022"
                          HPOS="221"
                          CONTENT="tini ; Bologne, 13 sept. 1846, 1/2 p. in-4. Légère déchirure par"/>
               </TextLine>
               <TextLine ID="tl_41"
                         BASELINE="2115"
                         HEIGHT="47"
                         WIDTH="1350"
                         VPOS="2068"
                         HPOS="220">
                  <String ID="string_tl_41"
                          HEIGHT="47"
                          WIDTH="1350"
                          VPOS="2068"
                          HPOS="220"
                          CONTENT="la rupture du cachet. 14 »"/>
               </TextLine>
            </TextBlock>
            <TextBlock ID="r_1_23" HEIGHT="51" WIDTH="1465" VPOS="2125" HPOS="107">
               <Shape>
                  <Polygon POINTS="107,2125 1572,2125 1572,2176 107,2176"/>
               </Shape>
               <TextLine ID="tl_42"
                         BASELINE="2175"
                         HEIGHT="49"
                         WIDTH="1463"
                         VPOS="2126"
                         HPOS="108">
                  <String ID="string_tl_42"
                          HEIGHT="49"
                          WIDTH="1463"
                          VPOS="2126"
                          HPOS="108"
                          CONTENT="4484 Royer-Collard (P.-Paul), célèbre philosophe et homme"/>
               </TextLine>
            </TextBlock>
            <TextBlock ID="r_1_24"
                       HEIGHT="131"
                       WIDTH="1354"
                       VPOS="2169"
                       HPOS="219">
               <Shape>
                  <Polygon POINTS="219,2169 1573,2169 1573,2300 219,2300"/>
               </Shape>
               <TextLine ID="tl_43"
                         BASELINE="2217"
                         HEIGHT="47"
                         WIDTH="1351"
                         VPOS="2170"
                         HPOS="220">
                  <String ID="string_tl_43"
                          HEIGHT="47"
                          WIDTH="1351"
                          VPOS="2170"
                          HPOS="220"
                          CONTENT="d’Etat, chef des éclectiques et des doctrinaires, né dans la Marne."/>
               </TextLine>
               <TextLine ID="tl_44"
                         BASELINE="2262"
                         HEIGHT="48"
                         WIDTH="1351"
                         VPOS="2214"
                         HPOS="221">
                  <String ID="string_tl_44"
                          HEIGHT="48"
                          WIDTH="1351"
                          VPOS="2214"
                          HPOS="221"
                          CONTENT="— L. a. s. aux inspecteurs gén. de l’Université, 1818, 2 p."/>
               </TextLine>
               <TextLine ID="tl_45"
                         BASELINE="2299"
                         HEIGHT="38"
                         WIDTH="1347"
                         VPOS="2261"
                         HPOS="223">
                  <String ID="string_tl_45"
                          HEIGHT="38"
                          WIDTH="1347"
                          VPOS="2261"
                          HPOS="223"
                          CONTENT="in-4. 4 »"/>
               </TextLine>
            </TextBlock>
            <TextBlock ID="r_1_25" HEIGHT="41" WIDTH="1118" VPOS="2308" HPOS="265">
               <Shape>
                  <Polygon POINTS="265,2308 1383,2308 1383,2349 265,2349"/>
               </Shape>
               <TextLine ID="tl_46"
                         BASELINE="2348"
                         HEIGHT="39"
                         WIDTH="1116"
                         VPOS="2309"
                         HPOS="266">
                  <String ID="string_tl_46"
                          HEIGHT="39"
                          WIDTH="1116"
                          VPOS="2309"
                          HPOS="266"
                          CONTENT="Relative à l’Académie de Limoges et à l’Ecole de droit de Grenoble."/>
               </TextLine>
            </TextBlock>
            <TextBlock ID="r_1_26" HEIGHT="52" WIDTH="1466" VPOS="2366" HPOS="109">
               <Shape>
                  <Polygon POINTS="109,2366 1575,2366 1575,2418 109,2418"/>
               </Shape>
               <TextLine ID="tl_47"
                         BASELINE="2417"
                         HEIGHT="50"
                         WIDTH="1464"
                         VPOS="2367"
                         HPOS="110">
                  <String ID="string_tl_47"
                          HEIGHT="50"
                          WIDTH="1464"
                          VPOS="2367"
                          HPOS="110"
                          CONTENT="4485 Scott (Walter), le grand romancier écossais. — L. a. s. à"/>
               </TextLine>
            </TextBlock>
            <TextBlock ID="r_1_27"
                       HEIGHT="142"
                       WIDTH="1355"
                       VPOS="2410"
                       HPOS="220">
               <Shape>
                  <Polygon POINTS="220,2410 1575,2410 1575,2552 220,2552"/>
               </Shape>
               <TextLine ID="tl_48"
                         BASELINE="2459"
                         HEIGHT="48"
                         WIDTH="1350"
                         VPOS="2411"
                         HPOS="222">
                  <String ID="string_tl_48"
                          HEIGHT="48"
                          WIDTH="1350"
                          VPOS="2411"
                          HPOS="222"
                          CONTENT="M. Landlau, Edimbourg, 23 fév. 1820, 1/2 p. in-4. Très-belle"/>
               </TextLine>
               <TextLine ID="tl_49"
                         BASELINE="2503"
                         HEIGHT="48"
                         WIDTH="1352"
                         VPOS="2455"
                         HPOS="222">
                  <String ID="string_tl_49"
                          HEIGHT="48"
                          WIDTH="1352"
                          VPOS="2455"
                          HPOS="222"
                          CONTENT="lettre avec son cachet symbolique représentant le soleil, au¬"/>
               </TextLine>
               <TextLine ID="tl_50"
                         BASELINE="2551"
                         HEIGHT="50"
                         WIDTH="1350"
                         VPOS="2501"
                         HPOS="221">
                  <String ID="string_tl_50"
                          HEIGHT="50"
                          WIDTH="1350"
                          VPOS="2501"
                          HPOS="221"
                          CONTENT="tour duquel est une devise en italien. 20 »"/>
               </TextLine>
            </TextBlock>
            <TextBlock ID="r_1_28" HEIGHT="53" WIDTH="1462" VPOS="2564" HPOS="112">
               <Shape>
                  <Polygon POINTS="112,2564 1574,2564 1574,2617 112,2617"/>
               </Shape>
               <TextLine ID="tl_51"
                         BASELINE="2616"
                         HEIGHT="51"
                         WIDTH="1460"
                         VPOS="2565"
                         HPOS="113">
                  <String ID="string_tl_51"
                          HEIGHT="51"
                          WIDTH="1460"
                          VPOS="2565"
                          HPOS="113"
                          CONTENT="4486 Scudéry (Madeleine de), célèbre romancière du XVIIe siècle,"/>
               </TextLine>
            </TextBlock>
         </PrintSpace>
      </Page>
   </Layout>
</alto>
