1802 3007
760 132 194 38 - 21 -

131 218 1450 46 4031 Maistre (le comte Jos. de), célèbre publiciste ultramontain,

244 262 1339 48 auteur du livre du Pape. — L. a. s. au colonel de Rothiers;

244 306 1343 47 (Pétersbourg, où il était ambassadeur du Piémont), 23 nov.-

242 351 1343 47 5 déc. (1816), 1 p. in-8. Jolie pièce. Rare. 20 »

132 396 1454 49 4032 Marie-Louise, impératrice des Français, seconde femme de

244 439 1344 47 Napoléon Ier. Belle pièce sig., comme protectrice de la so¬

244 482 1342 49 ciété de la Charité maternelle ; Saint-Cloud, 21 juil. 1813,

247 528 1338 44 1 p. in-f. 12 »

133 572 1457 47 4033 Mars (Mlle), la grande tragédienne. — L. a. s. à une musi¬

245 616 1343 47 cienne, 1/2 p. in-8. Jolie pièce 4 »

134 661 1457 46 4034 Mazzini (Joseph), le célèbre agitateur italien. — Petit billet

245 706 1346 51 aut. sig. à C. Rudio; Londres, 1863, 1 p. in-32, enveloppe. 4 50

133 749 1456 48 4035 Meyerbeer (G.), illustre compositeur. — L. a. s., 1 p.

245 793 1344 37 in-8. 4 »

288 839 1303 40 Recommandation pour disposer son piano. « Je joue toujours, dit-il, le cou¬

251 879 251 30 vercle fermé. »

134 916 1457 43 4036 Michaud, l'historien des Croisades, membre de l’Académie

246 960 1344 49 française. — L. a. s. à la rédaction de la Quotidienne; 21 sept.

250 998 1341 53 1824,3 3 p. in-18. Curieuse épître sur la rédaction de ce

240 1048 1351 46 journal. 2 »

131 1093 1455 47 4037 Mirabeau, le grand orateur. — L. a. s. à son ami Lieutaud,

250 1138 1341 45 à Marseille; Pais, 11 mars 1790, 1 p. in-4. 25 »

291 1183 1301 40 Relative à sa défense de la municipalité de Marseille contre l'abbé Maury,

253 1222 1339 40 dans l’affaire du prévôt de cette ville. Il termine ainsi : « Mes tendres amitiés à

251 1261 1343 39 Granet, mes honneurs à ceux de vos estimables décrétés dont j'ai l'honneur

258 1301 263 31 d'être connus. »

135 1338 1456 49 4038 Molé (le comte M.-L.), célèbre ministre de Louis-Philippe, de

247 1383 1343 49 l’Académie française. — L. a. s., 1834, 1/2 p. in-8. 1 50

136 1422 1455 57 4039 Monge, illustré mathématicien, créateur de la géométrie

247 1472 1344 47 descriptive, né à Beaune. — L. a. s. ; Paris, 19 janv. 1812,

249 1518 1339 44 1 p.in-4. Belle pièce. 14 »

135 1560 1456 47 4040 Monnier (Henry), spirituel artiste et écrivain, créateur du

246 1605 1345 47 type de M. Prudhomme. — L. a. s. à M. Campan, 1833, 1 p. in-4,

248 1650 1340 45 avec un dessin-charge à la plume. 2 »

138 1693 1454 46 4041 Montijo (la comtesse de), mère de l’impératrice Eugénie. —

247 1738 1345 48 — L. a. s., en français; (Biarritz), 19 nov. (1854), 3 p. 1/4 in-8,

248 1783 1343 51 enveloppe et cachet. Portrait-carte. 6 »

297 1827 1297 41 Relie et intéressante épître. Les Russes de Sébastopol, ont été repoussées avec

256 1866 1322 39 une perte de huit mille hommes. L’empereur de Russie veut entrer en confé¬

329 1451 1335 40 rence avec l'Autriche sur les 4 articles. « Moi, je voudrais bien, dit-elle, qu'à

255 1944 1339 40 la fin il se persuadât que la lutte contre la France et l’Angleterre unies lui est

256 1983 786 41 impossible. » Nouvelles de sa fille l'Impératrice.

140 2021 1455 48 4042 Moreau (V.), illustre général de la République. — L. a. s. à

250 2066 1342 46 M. Jackson. Morisville, 2 janv. 1812, 1 p.in-4. Belle pièce. 6 »

140 2110 1453 49 4043 Musset (Alf. de), le célèbre poète, de l’Académie française.

250 2155 1342 47 — L. a. s. à S. A. Royale (le duc d’Orléans). Paris, 16 octobre,

255 2200 1337 46 1 p. in-f. Belle pièce. 15 »

298 2244 1297 40 Il demande une audience pour remercier S. Altesse des bontés qu'elle a daigné

260 2285 232 38 avoir pour lui.

143 2321 1451 49 4044 Napoléon III, empereur des Français. — Pièce sig., avec le

253 2359 1341 53 mot approuvé, autog., 25 déc. 1850, 3°/4 de p. in-4. Nomination

254 2411 1339 46 dans la Légion d’honneur. 15 »

143 2454 1453 50 4045 Nesmond (Henri de), évêque d’Alby, puis archev. de Tou¬

254 2499 1340 47 louse, prélat célèbre par sa modération envers les Protes¬

254 2543 1342 45 tants, dont il sut se faire aimer, successeur de Fléchier à

255 2587 1339 47 l’Acad. franc., originaire de l’Angoumois. — L. a. s. à l’évêque

255 2631 1338 47 d’Alet ; Albi, 19 août, 3 p. in-4. Belle pièce. 12 »
