<?xml version="1.0" encoding="UTF-8"?>
<alto xmlns:xsi="http://www.w3.org/2001/XMLSchema-instance"
      xmlns="http://www.loc.gov/standards/alto/ns-v2#"
      xmlns:page="http://schema.primaresearch.org/PAGE/gts/pagecontent/2013-07-15"
      xsi:schemaLocation="http://www.loc.gov/standards/alto/ns-v2# http://www.loc.gov/standards/alto/alto.xsd">
   <Description>
      <MeasurementUnit>pixel</MeasurementUnit>
      <OCRProcessing ID="IdOcr">
         <ocrProcessingStep>
            <processingDateTime>2020-10-31T11:20:20.241+01:00</processingDateTime>
            <processingSoftware>
               <softwareCreator>READ COOP</softwareCreator>
               <softwareName>Transkribus</softwareName>
            </processingSoftware>
         </ocrProcessingStep>
      </OCRProcessing>
   </Description>
   <Layout>
      <Page ID="Page1" PHYSICAL_IMG_NR="1" HEIGHT="2972" WIDTH="1841">
         <TopMargin HEIGHT="182" WIDTH="1841" VPOS="0" HPOS="0"/>
         <LeftMargin HEIGHT="2544" WIDTH="234" VPOS="182" HPOS="0"/>
         <RightMargin HEIGHT="2544" WIDTH="113" VPOS="182" HPOS="1728"/>
         <BottomMargin HEIGHT="246" WIDTH="1841" VPOS="2726" HPOS="0"/>
         <PrintSpace HEIGHT="2544" WIDTH="1494" VPOS="182" HPOS="234">
            <TextBlock ID="r_1_1" HEIGHT="51" WIDTH="329" VPOS="190" HPOS="809">
               <Shape>
                  <Polygon POINTS="809,190 1138,190 1138,241 809,241"/>
               </Shape>
               <TextLine ID="tl_1"
                         BASELINE="240"
                         HEIGHT="49"
                         WIDTH="327"
                         VPOS="191"
                         HPOS="810">
                  <String ID="string_tl_1"
                          HEIGHT="49"
                          WIDTH="327"
                          VPOS="191"
                          HPOS="810"
                          CONTENT="PRIME"/>
               </TextLine>
            </TextBlock>
            <TextBlock ID="r_1_2" HEIGHT="115" WIDTH="1396" VPOS="286" HPOS="277">
               <Shape>
                  <Polygon POINTS="277,286 1673,286 1673,401 277,401"/>
               </Shape>
               <TextLine ID="tl_2"
                         BASELINE="331"
                         HEIGHT="44"
                         WIDTH="1394"
                         VPOS="287"
                         HPOS="278">
                  <String ID="string_tl_2"
                          HEIGHT="44"
                          WIDTH="1394"
                          VPOS="287"
                          HPOS="278"
                          CONTENT="exclusivement réservée aux Abonnés de la REVUE"/>
               </TextLine>
               <TextLine ID="tl_3"
                         BASELINE="400"
                         HEIGHT="38"
                         WIDTH="559"
                         VPOS="362"
                         HPOS="695">
                  <String ID="string_tl_3"
                          HEIGHT="38"
                          WIDTH="559"
                          VPOS="362"
                          HPOS="695"
                          CONTENT="DES AUTOGRAPHES"/>
               </TextLine>
            </TextBlock>
            <TextBlock ID="r_2_1" HEIGHT="74" WIDTH="828" VPOS="572" HPOS="564">
               <Shape>
                  <Polygon POINTS="564,572 1392,572 1392,646 564,646"/>
               </Shape>
               <TextLine ID="tl_4"
                         BASELINE="645"
                         HEIGHT="72"
                         WIDTH="826"
                         VPOS="573"
                         HPOS="565">
                  <String ID="string_tl_4"
                          HEIGHT="72"
                          WIDTH="826"
                          VPOS="573"
                          HPOS="565"
                          CONTENT="CORRESPONDANCE"/>
               </TextLine>
            </TextBlock>
            <TextBlock ID="r_2_2" HEIGHT="25" WIDTH="99" VPOS="736" HPOS="927">
               <Shape>
                  <Polygon POINTS="927,736 1026,736 1026,761 927,761"/>
               </Shape>
               <TextLine ID="tl_5"
                         BASELINE="760"
                         HEIGHT="23"
                         WIDTH="97"
                         VPOS="737"
                         HPOS="928">
                  <String ID="string_tl_5"
                          HEIGHT="23"
                          WIDTH="97"
                          VPOS="737"
                          HPOS="928"
                          CONTENT="ENTRE"/>
               </TextLine>
            </TextBlock>
            <TextBlock ID="r_2_3" HEIGHT="100" WIDTH="1424" VPOS="852" HPOS="266">
               <Shape>
                  <Polygon POINTS="266,852 1690,852 1690,952 266,952"/>
               </Shape>
               <TextLine ID="tl_6"
                         BASELINE="951"
                         HEIGHT="98"
                         WIDTH="1422"
                         VPOS="853"
                         HPOS="267">
                  <String ID="string_tl_6"
                          HEIGHT="98"
                          WIDTH="1422"
                          VPOS="853"
                          HPOS="267"
                          CONTENT="BOILEAU ET BROSSETTE"/>
               </TextLine>
            </TextBlock>
            <TextBlock ID="r_2_4" HEIGHT="32" WIDTH="125" VPOS="1037" HPOS="915">
               <Shape>
                  <Polygon POINTS="915,1037 1040,1037 1040,1069 915,1069"/>
               </Shape>
               <TextLine ID="tl_7"
                         BASELINE="1068"
                         HEIGHT="30"
                         WIDTH="123"
                         VPOS="1038"
                         HPOS="916">
                  <String ID="string_tl_7"
                          HEIGHT="30"
                          WIDTH="123"
                          VPOS="1038"
                          HPOS="916"
                          CONTENT="PUBLIÉE"/>
               </TextLine>
            </TextBlock>
            <TextBlock ID="r_2_5" HEIGHT="48" WIDTH="957" VPOS="1133" HPOS="504">
               <Shape>
                  <Polygon POINTS="504,1133 1461,1133 1461,1181 504,1181"/>
               </Shape>
               <TextLine ID="tl_8"
                         BASELINE="1180"
                         HEIGHT="46"
                         WIDTH="955"
                         VPOS="1134"
                         HPOS="505">
                  <String ID="string_tl_8"
                          HEIGHT="46"
                          WIDTH="955"
                          VPOS="1134"
                          HPOS="505"
                          CONTENT="SUR LES MANUSCRITS ORIGINAUX EN PARTIE INÉDITS"/>
               </TextLine>
            </TextBlock>
            <TextBlock ID="r_2_6" HEIGHT="24" WIDTH="55" VPOS="1278" HPOS="945">
               <Shape>
                  <Polygon POINTS="945,1278 1000,1278 1000,1302 945,1302"/>
               </Shape>
               <TextLine ID="tl_9"
                         BASELINE="1301"
                         HEIGHT="22"
                         WIDTH="53"
                         VPOS="1279"
                         HPOS="946">
                  <String ID="string_tl_9"
                          HEIGHT="22"
                          WIDTH="53"
                          VPOS="1279"
                          HPOS="946"
                          CONTENT="PAR"/>
               </TextLine>
            </TextBlock>
            <TextBlock ID="r_2_7" HEIGHT="40" WIDTH="482" VPOS="1376" HPOS="739">
               <Shape>
                  <Polygon POINTS="739,1376 1221,1376 1221,1416 739,1416"/>
               </Shape>
               <TextLine ID="tl_10"
                         BASELINE="1415"
                         HEIGHT="38"
                         WIDTH="480"
                         VPOS="1377"
                         HPOS="740">
                  <String ID="string_tl_10"
                          HEIGHT="38"
                          WIDTH="480"
                          VPOS="1377"
                          HPOS="740"
                          CONTENT="Auguste LAVERDET"/>
               </TextLine>
            </TextBlock>
            <TextBlock ID="r_2_8" HEIGHT="25" WIDTH="155" VPOS="1506" HPOS="902">
               <Shape>
                  <Polygon POINTS="902,1506 1057,1506 1057,1531 902,1531"/>
               </Shape>
               <TextLine ID="tl_11"
                         BASELINE="1530"
                         HEIGHT="23"
                         WIDTH="153"
                         VPOS="1507"
                         HPOS="903">
                  <String ID="string_tl_11"
                          HEIGHT="23"
                          WIDTH="153"
                          VPOS="1507"
                          HPOS="903"
                          CONTENT="AVEC UNE"/>
               </TextLine>
            </TextBlock>
            <TextBlock ID="r_2_9" HEIGHT="49" WIDTH="810" VPOS="1608" HPOS="570">
               <Shape>
                  <Polygon POINTS="570,1608 1380,1608 1380,1657 570,1657"/>
               </Shape>
               <TextLine ID="tl_12"
                         BASELINE="1656"
                         HEIGHT="47"
                         WIDTH="808"
                         VPOS="1609"
                         HPOS="571">
                  <String ID="string_tl_12"
                          HEIGHT="47"
                          WIDTH="808"
                          VPOS="1609"
                          HPOS="571"
                          CONTENT="INTRODUCTION DE JULES JANIN"/>
               </TextLine>
            </TextBlock>
            <TextBlock ID="r_3_1" HEIGHT="181" WIDTH="1461" VPOS="1867" HPOS="250">
               <Shape>
                  <Polygon POINTS="250,1867 1711,1867 1711,2048 250,2048"/>
               </Shape>
               <TextLine ID="tl_13"
                         BASELINE="1915"
                         HEIGHT="47"
                         WIDTH="1369"
                         VPOS="1868"
                         HPOS="340">
                  <String ID="string_tl_13"
                          HEIGHT="47"
                          WIDTH="1369"
                          VPOS="1868"
                          HPOS="340"
                          CONTENT="Un volume in-8° de 640 pages, imprimé en 1858 par M. Claye,"/>
               </TextLine>
               <TextLine ID="tl_14"
                         BASELINE="1981"
                         HEIGHT="47"
                         WIDTH="1459"
                         VPOS="1934"
                         HPOS="251">
                  <String ID="string_tl_14"
                          HEIGHT="47"
                          WIDTH="1459"
                          VPOS="1934"
                          HPOS="251"
                          CONTENT="sur papier carré vélin, choisi par l’éditeur lui-même, avec 6 fac-"/>
               </TextLine>
               <TextLine ID="tl_15"
                         BASELINE="2047"
                         HEIGHT="46"
                         WIDTH="1205"
                         VPOS="2001"
                         HPOS="251">
                  <String ID="string_tl_15"
                          HEIGHT="46"
                          WIDTH="1205"
                          VPOS="2001"
                          HPOS="251"
                          CONTENT="similé exécutés avec soin, et la généalogie de Boileau."/>
               </TextLine>
            </TextBlock>
            <TextBlock ID="r_4_1" HEIGHT="237" WIDTH="1464" VPOS="2082" HPOS="248">
               <Shape>
                  <Polygon POINTS="248,2082 1712,2082 1712,2319 248,2319"/>
               </Shape>
               <TextLine ID="tl_16"
                         BASELINE="2130"
                         HEIGHT="47"
                         WIDTH="1372"
                         VPOS="2083"
                         HPOS="339">
                  <String ID="string_tl_16"
                          HEIGHT="47"
                          WIDTH="1372"
                          VPOS="2083"
                          HPOS="339"
                          CONTENT="Ce magnifique volume de bibliothèque est le complément in¬"/>
               </TextLine>
               <TextLine ID="tl_17"
                         BASELINE="2196"
                         HEIGHT="47"
                         WIDTH="1460"
                         VPOS="2149"
                         HPOS="249">
                  <String ID="string_tl_17"
                          HEIGHT="47"
                          WIDTH="1460"
                          VPOS="2149"
                          HPOS="249"
                          CONTENT="dispensable de toutes les éditions de Boileau, même de celles qui"/>
               </TextLine>
               <TextLine ID="tl_18"
                         BASELINE="2262"
                         HEIGHT="47"
                         WIDTH="1456"
                         VPOS="2215"
                         HPOS="253">
                  <String ID="string_tl_18"
                          HEIGHT="47"
                          WIDTH="1456"
                          VPOS="2215"
                          HPOS="253"
                          CONTENT="se publieront à l’avenir, tous droits étant réserves pour la partie iné¬"/>
               </TextLine>
               <TextLine ID="tl_19"
                         BASELINE="2318"
                         HEIGHT="36"
                         WIDTH="96"
                         VPOS="2282"
                         HPOS="250">
                  <String ID="string_tl_19"
                          HEIGHT="36"
                          WIDTH="96"
                          VPOS="2282"
                          HPOS="250"
                          CONTENT="dite."/>
               </TextLine>
            </TextBlock>
            <TextBlock ID="r_5_1" HEIGHT="39" WIDTH="807" VPOS="2347" HPOS="576">
               <Shape>
                  <Polygon POINTS="576,2347 1383,2347 1383,2386 576,2386"/>
               </Shape>
               <TextLine ID="tl_20"
                         BASELINE="2385"
                         HEIGHT="37"
                         WIDTH="805"
                         VPOS="2348"
                         HPOS="577">
                  <String ID="string_tl_20"
                          HEIGHT="37"
                          WIDTH="805"
                          VPOS="2348"
                          HPOS="577"
                          CONTENT="Au lieu de 10 fr........ UN franc."/>
               </TextLine>
            </TextBlock>
            <TextBlock ID="r_7_1" HEIGHT="46" WIDTH="1226" VPOS="2430" HPOS="371">
               <Shape>
                  <Polygon POINTS="371,2430 1597,2430 1597,2476 371,2476"/>
               </Shape>
               <TextLine ID="tl_21"
                         BASELINE="2475"
                         HEIGHT="44"
                         WIDTH="1224"
                         VPOS="2431"
                         HPOS="372">
                  <String ID="string_tl_21"
                          HEIGHT="44"
                          WIDTH="1224"
                          VPOS="2431"
                          HPOS="372"
                          CONTENT="Franco, par la Poste : France, 1 fr. 80; Etranger 2 fr. 50."/>
               </TextLine>
            </TextBlock>
            <TextBlock ID="r_8_1" HEIGHT="36" WIDTH="954" VPOS="2643" HPOS="507">
               <Shape>
                  <Polygon POINTS="507,2643 1461,2643 1461,2679 507,2679"/>
               </Shape>
               <TextLine ID="tl_22"
                         BASELINE="2678"
                         HEIGHT="34"
                         WIDTH="952"
                         VPOS="2644"
                         HPOS="508">
                  <String ID="string_tl_22"
                          HEIGHT="34"
                          WIDTH="952"
                          VPOS="2644"
                          HPOS="508"
                          CONTENT="Rouen, J. Lecerf, imprimeur de la Cour Impériale et de la Mairie."/>
               </TextLine>
            </TextBlock>
            <GraphicalElement ID="r_9" HEIGHT="14" WIDTH="1434" VPOS="470" HPOS="269"/>
            <GraphicalElement ID="r_10" HEIGHT="7" WIDTH="470" VPOS="2616" HPOS="249"/>
            <GraphicalElement ID="r_11" HEIGHT="7" WIDTH="734" VPOS="2616" HPOS="756"/>
            <GraphicalElement ID="r_12" HEIGHT="5" WIDTH="198" VPOS="2617" HPOS="1510"/>
            <GraphicalElement ID="r_13" HEIGHT="11" WIDTH="83" VPOS="2374" HPOS="981"/>
         </PrintSpace>
      </Page>
   </Layout>
</alto>
