1841 2972
890 129 165 62 - 2 -

238 237 1464 54 d’Helvétius ; Restif de la Bretone, le romancier graveleux, se fai¬

237 289 1465 51 sant moraliste auprès d’un débauché ; Lamennais, une lettre d'une

238 338 1465 54 actualité telle qu’on la dirait écrite d’hier ; Béranger, une épître de

237 391 1466 57 1804, la plus ancienne et la plus piquante que nous ayons vue; une

238 441 1040 51 lettre de Balzac écrite en pleines journées de juin.

289 496 1414 58 Parmi les autographes les plus rares et les plus précieux des mem¬

236 546 1467 52 bres de l’Académie française, si recherchés aujourd’hui, nous citerons

235 596 1464 62 ceux de Montesquieu, du président Hénault et de l’abbé de Louvois.

235 646 1468 52 Le catalogue fournit aussi des pièces rares d’artistes, telles que celles

233 695 1475 53 de Philibert Delorme, le grand architecte ; J.-J. de Boissieu, le chef

233 746 1471 53 des acqua-fortistes français ; Borromini et les deux Gennari, célèbres

235 798 923 51 peintres italiens ; Prud’hon, Meissonier, etc.

285 853 1413 51 La collection est particulièrement riche eu compositeurs de musique.

233 904 1468 49 Citons dans cette série de lettres intéressantes, celles de Gluck, pièce

237 953 1460 53 magnifique et d’une rareté extrême ; de Gossec et Grétry, de Nicolo,

237 1004 1461 51 Bellini, Donizetti, Paisiello, Zingarelli et Rossini ; d’Hérold, de Meyer¬

237 1054 1463 51 beer, Stabinger et Richard Wagner; de Mattei, Mattioli, Pintus,

235 1104 1467 52 Schulterius, Sabbatini, etc. Nous ne mentionnerons que quelques

235 1154 1471 50 noms de femmes célèbres la maréchale d’Ancre, Mme de Krudner et

236 1204 1469 62 Mlle Mars. Une curiosité autographique sur laquelle nous appelons l’at¬

236 1244 1464 63 tention, ce sont les trois lettres des ancêtres de la famille Bonaparte,

236 1305 1203 52 des XVIe et XVIIe siècles, portés sous le n° 51 du catalogue.

291 1361 1413 50 La collection, formée par un amateur italien, contient naturellement

239 1412 1466 51 beaucoup de personnages illustres de son pays. Parmi les autographes

240 1461 1466 52 remarquables de cette série, nous nous contenterons de signaler la

242 1512 1464 51 lettre de Laurent-le-Magnifique. cataloguée sous le n° 226. Celle-là

241 1562 1464 53 est d’une authenticité incontestable, ce qui veut dire qu’il y en a qui

241 1613 537 50 ne sont point dans ce cas.

293 1667 1416 53 En effet, dans la seconde moitié du XVe siècle, les princes italiens

245 1718 1464 52 faisaient souvent écrire et signer leurs lettres, en leur nom , par leurs

244 1768 1468 52 secrétaires. Les amateurs d’autographes ont longtemps ignoré cette

246 1818 1467 52 particularité, et beaucoup de lettres des vieux Médicis et autres, écrites

247 1868 1465 42 de la sorte, se trouvent dans les collections. On a reconnu le fait en

248 1918 1465 52 comparant ces prétendus autographes à des lettres seulement signées

249 1968 1466 53 des mêmes personnages, dont la signature différait complètement. Ce

252 2019 1463 52 ne sont point là des pièces fausses, mais de vrais originaux, en portant

251 2069 1467 51 tous les caractères, ayant des cachets, etc., et écrites vraisemblable¬

256 2119 1461 53 ment sous la dictée et dans le cabinet du prince. Il y avait donc alors

254 2169 1462 54 des secrétaires de la main pour la lettre entière, comme il y en a eu

255 2219 1128 53 sous Louis XV et Louis XVI pour la simple signature.

308 2275 1412 58 Cet usage s’était si bien répandu parmi les princes d’Italie, que

257 2325 1464 58 dans certaines pièces officielles ou actes authentiques, ils ajoutaient

261 2376 1078 51 souvent à leur signature, ces mots : Manu propria.

311 2431 1413 52 On est à peu près sûr, croyons-nous, d'avoir affaire à une écriture

261 2482 1462 53 de secrétaire, quand il se trouve une accolade dans la signature. C’est

262 2532 1459 52 ce qui à lieu, par exemple, dans la lettre de Pierre Ier de Médicis,

261 2582 1465 54 cataloguée sous le n° 225, dont la signature est ainsi disposée : Peints
