1841 2972
867 147 170 62 - 6 -

223 261 1456 52 sa détention, par la jeune fille, sa compagne de lit à Orléans, qui

224 306 1458 37 était admise à la visiter. Comment le même individu aurait-il

224 351 1460 46 composé, indépendamment de toutes les pièces scientifiques et

224 394 1458 49 autres que l’Académie connaît, toutes les lettres et poésies

226 441 1458 48 françaises de Dante et de Pétrarque particulièrement? On ne peut

228 486 1456 47 dire qu’il les a empruntées des ouvrages imprimés, qui ne enfer¬

226 531 1458 46 ment que des pièces en italien. Si l’on en croit certaines lettres, les

227 575 1456 47 pièces de Pétrarque, de Laure et de Clémence Isaure auraient été

226 619 1458 49 envoyées à Rabelais par son ami Nostradamus, qui les avait re¬

226 656 440 56 cueillies à Avignon.

267 721 1418 47 La collection s’étend aux premiers temps de l’ère chrétienne, et

226 766 1460 47 meme au delà; car il s’y trouve quelques lettres et de nombreuses

226 812 1459 46 notes de Jules César et des empereurs romains; des apôtres, prin¬

226 857 1460 45 cipalement de saint Jérôme; de Boèce, de Cassiodore, de Grégoire

228 901 1457 47 de Tours, de saint Augustin, de plusieurs rois mérovingiens; un

229 947 1130 46 grand nombre de Charlemagne, ainsi que d’Alcuin.

270 997 1414 46 Voici, à en croire ces documents, l’origine de ce trésor. L’abbaye

227 1042 1459 47 de Tours était très-riche en documents anciens. Alcuin, qui en fut

229 1087 1458 44 abbé, l’enrichit encore, en faisant rechercher en Italie et dans les

234 1132 1102 47 pays étrangers tout ce qui pouvait s’y rencontrer.

273 1182 1415 48 Rabelais, qui était grand amateur de pièces de ce genre, et qui

231 1228 1460 49 était môme stimulé dans ses recherches par François Ier et Mar¬

231 1272 1458 48 guerite d’Angoulême, connaissait ces archives de l’abbaye de Tours,

231 1318 1458 47 et en fit faire des copies et des traductions en nombre considérable.

231 1363 1462 46 Tout cela se trouvait à son ermitage de Langey, dépendant de la

233 1407 1460 47 propriété des Du Belley, et aurait passé dans la collection de l’in¬

234 1452 1456 47 tendant Foucault, mort dans les premiers temps du siècle dernier,

235 1498 881 46 membre de l’Académie des Inscriptions.

279 1548 1414 49 Je ne me porte point garant de ces pièces. Quelles qu’elles

236 1594 1457 46 soient, il est certain que leur composition, si elles ne sont pas

235 1638 1457 53 originales, a dû exiger un long travail, de nombreux matériaux;

235 1683 1459 48 et si l'on considère qu’elles s’ajoutent à tant d’autres, de tous les

237 1721 1458 61 temps jusqu’au siècle dernier, et traitant de tant de matières

238 1773 1455 48 différentes, on ne peut croire qu’elles soient l’œuvre d’un seul

237 1819 1456 46 individu, d’un seul fabricateur, qui du reste ne sait ni le latin, ni

238 1864 1457 53 l’italien, ni aucune partie des mathématiques ou des autres scien¬

239 1909 1410 47 ces sur lesquelles roule une partie considérable des documents.

281 1960 1417 46 Il y a donc un mystère à pénétrer, et jusque-là il n’y a rien à

240 1996 533 45 conclure avec certitude.

289 2073 1408 51 La dernière phase de cette communication a fortement indisposé

241 2123 1455 52 l’Académie, qui, au lieu de tous ces détails, eût préféré une déclara¬

242 2174 1452 52 tion pure et simple, mais catégorique. Dès le lendemain, M. Dumas,

244 2224 1452 52 secrétaire perpétuel, en pria M. Chasles, par lettre, l’avertissant qu’il

241 2275 1457 51 y aurait une protestation s’il ne se conformait pas à ce désir. M. Chasles

242 2326 1455 52 insista pour l’insertion intégrale de sa note au Comtep-rendu, et la

245 2378 1053 49 protestation eut lieu dans la séance suivante, le 20.

292 2428 1406 51 M. Dumas, dans un discours énergique, a voulu dégager la respon¬

241 2479 1455 51 sabilité de l’Académie, qui, par déférence pour le caractère de M. Chasles,

243 2528 1456 53 a laissé se prolonger devant elle pendant plus de deux ans, « une

242 2580 1457 52 discussion qu’elle ne supportait qu’avec impatience et douleur. » Il a

243 2631 1455 51 réparé, au nom de ce corps savant, l’outrage fait à deux grands hommes
