1850 2972
843 178 194 38 - 20 -

327 276 1352 46 pièce, mais à laquelle se trouve une petite coupure dans la

328 322 1349 45 marge. 18 »

373 365 1302 40 Pièce historique. — Il vient d'apprendre que le Directoire l’a compris parmi

334 403 1346 41 les généraux de l’armée d’Angleterre (armée d’Egypte). Les périls que doit

334 443 1344 39 affronter cette armée, la gloire qui l’attend, le rendent sensible à cette marque

332 483 1347 37 de confiance. Encore cette fois, il tâchera de laisser derrière lui quelques traces

335 522 1263 38 honorables, en donnant de nouvelles preuves de son amour pour la patrie.

215 565 1463 46 4020 La Chaise (le Père de), jésuite, fameux confesseur de

325 610 1353 45 Louis XIV, né dans le Forez. — L. a. s. ; Paris, 24 sept. 1706,

328 655 1350 45 3 p. in-4. 33 »

215 698 1462 49 4021 Landais (Napoléon), l’auteur du Dictionnaire français. — L.

327 736 1354 53 a. s. au libraire Renouard, 1842, 1 p. in-4. J 2 50

372 789 664 39 Relative à son ouvrage sur le Mariage.

215 832 1463 46 4022 Laprade (Victor de), poète, de l’Acad. fr. — L. a. s. ; Lyon,

331 877 1350 46 14 mai, 1 p. 1/2 in-8. 3 50

376 921 1304 39 Il y fait la critique d’une tragédie, dont Jean Reboul venait de lire des frag

335 963 105 29 ments.

218 999 1461 46 4023 La Rochejacquelein (H., le marquis de), célèbre homme

328 1043 1351 47 d’Etat légitimiste. — L. a. s. ; Paris, 15 fév. 1844, 1 p. in-4,

329 1088 1348 36 cachet. 2 »

217 1131 1463 47 4024 Lavater (Gaspard), le créateur de la physiognomonie. Trois

329 1176 1352 47 vers, en allemand, aut. sig.; Zurich, 1791. Jolie pièce d’al¬

329 1221 1352 36 bum. 2 50

220 1265 1458 46 4025 Laya (Léon), l’auteur du Dite Job. — L. a. s. à un critique;

334 1310 1345 47 16 fév. 1840, 2 p. in-8. 1 75

376 1354 812 34 Curieuse lettre relative à sa comédie la Lionne.

219 1399 1462 47 4026 Lebon (Jos.), le fameux proconsul d’Arras. — L. s. à son col¬

332 1444 1349 47 lègue Laurent, à Maubeuge; Arras, 13 vent, an 2, 3/4 de p.

332 1490 1347 43 in-4, cachet. 7 »

380 1531 1303 42 Il lui donne avis de nouvelles machinations pour affaiblir nos armées: on ré¬

341 1573 1345 38 forme d’anciens canonniers de bonne taille; une multitude de soldats courent les

339 1611 1346 41 routes avec de faux billets d'hôpital, et l’on craint, ajoute-il, qu’ils n'aient ordre

338 1650 1346 41 de se rassembler dans l’intérieur ou aux environs, pour nous distraire du grand

340 1693 438 39 coup que l’on va porter.

220 1734 1463 48 4027 Leibnitz (God.-Guillaume), un des plus grands génies du

334 1780 1349 46 XVIIe siècle. — L. a. s. à Mme de Brinon; Hanovre, 7-17 déc.

337 1825 1345 46 1691, 1 p. pl. in-4. Belle pièce. 55 »

383 1870 1304 39 Relative aux négociations entre Bossuet et Pellisson, d’une pari, et Leibnitz et

342 1909 1343 40 le théologien honovrien Molanus, de l’autre, pour la fusion des communions pro¬

340 1948 1347 40 testante et catholique. Mme de Brinon, première, supérieure de Saint-Cyr, amie

342 1987 1346 39 de Madame de Maintenon et pénitente de Bossuet, était l’intermédiaire. —

342 2027 1346 38 Leibnitz lui adresse un écrit de l’abbé Molanus, en la priant de le faire tenir à

343 2066 1344 39 l'évêque de Meaux, avec ses propres réflexions, de lui Leibnitz. Il supplie aussi

342 2106 1345 39 cette dame de remettre une lettre à M. de Laroque, connu de Bossuet et de

342 2144 153 32 Pellisson.

227 2189 1460 45 4028 Le Laboureur (Cl.), auteur des Mazures de l’Ile-Barbe. — Quit.

338 2233 1350 46 sig. de la pension que lui font les oratoriens de N.-D. de

339 2277 1347 47 Grâce en Forez; Lyon, 1677, 1/2 p. in-8. Jolie pièce. 6 »

226 2327 1461 45 4029 Loriquet (le Père), auteur d’une histoire de France restée

340 2371 1349 47 fameuse. — Certificat aut. sig.; St-Acheul, 1825, in-8. Jolie

339 2416 1351 45 pièce, avec le timbre de Saint-Acheul. 4 50

227 2466 1463 45 4030 Louvet (J.-B.), conventionnel, non moins célèbre comme au¬

339 2510 1352 47 tour de Faublas que par ses persistantes accusations contre

340 2554 1350 46 Robespierre. Arrêté du Comité de Salut public sig. de lui,

341 2599 1353 47 de Doulcet et de J. Debry ; an III, 1 p. in-4, vignette et cachet

342 2643 1347 36 du Comité. 5 »
