1802 3007
779 179 191 38 - 15 -

140 275 1459 47 4403 Goethe (J.-Wolf.), le plus grand génie littéraire de l’Alle¬

253 319 1347 47 magne. — 4 lignes autog. sig. au dos d’une lettre de Kirm,

256 365 1345 44 1800, 1 p. 1/4 pet. in-4. Jolie pièce. 15 »

140 408 1461 47 44Q4 Granvelle (le card. Ant. de), évêque d’Arras, ministre de

251 452 1349 54 Charles-Quint et de Philippe II, un des plus grands hommes

252 496 1349 45 d’Etat du XVIe siècle, né a Ornans. — L. a. s., en français;

252 540 1348 48 Madrid, 11 janv. 1583, 2 p. pl. in-f. Belle pièce. 45 »

143 585 1458 46 4405 Grassini (Joséphine), célèbre cantatrice italienne. — L. a. s.,

252 629 1349 47 en français, à Mme Ducrest, musicienne; Milan, 1843, 1/2 p.

252 669 1345 42 in-8. 2 »

142 718 1459 46 4406 Gresset (J.-B.-L.), célèbre poète du XVIIIe siècle, auteur de

258 762 1343 45 Vert-Vert, membre de l’Acad. franç., né à Amiens. — Pièce

254 801 1344 51 aut., 1 p. in-4. 15 »

297 852 1303 39 Fragment du scénario de la comédie du Méchant, son chef-d’œuvre dramatique.

140 890 1460 47 4406 Grignan (L.-Jos. de), évêque d’Evreux, puis de Carcassonne,

254 934 1346 48 beau-frère de la célèbre Mme de Grignan, appelé par Mme de

252 978 1347 48 Sévigné le bon abbé. — L. s. (à l'évêque d’Alet), Pennautier,

251 1023 1351 46 7 juillet 1707, 6 p. in-4. Belle pièce. 4 50

299 1069 1302 39 Très-curieuse lettre sur les taxes des fabriques. Il a résolu de résister au

260 1107 1342 39 traitant, s'il tente de lever ces taxes dans les villages, où elles absorberaient le

260 1147 1338 39 revenu. Il regarde comme une entreprise impie de toucher au produit des quêtes.

259 1186 1343 39 Depuis quelque temps, les édits burseaux ne servent qu’à enrichir les maltotiers

261 1225 1342 39 aux dépens du peuple, et c’est ce qui doit engager les prélats à prendre de

259 1264 1344 40 vigoureuses dispositions. Il se propose d’écrire à M. de Basville et à M. de Cha¬

260 1305 783 40 millart en faveur de son diocèse (Carcassonne).

140 1341 1461 48 4407 Guise (Henri II, duc de), célèbre par son expédition de Naples

252 1386 1349 45 pour seconder le soulèvement de Mazaniello contre les Espa¬

253 1430 1347 46 gnols. — L. a. s. au ministre de Brienne; Paris, 3 juin 1658,

257 1476 1343 45 1 p. in-4, cachets. Belle pièce. 35 »

300 1520 1302 41 Il le prie de protéger ces pauvres Provençaux, qui s'en vont à la cour pour

262 1560 1340 39 faire connaître les mauvais traitements qu’ils reçoivent des Espagnols. « Comme

259 1599 1344 40 je suis cause, dit-il, de la souffrance d’une partie de ces malheureux, je prends

258 1638 1345 39 un particulier intérest à leurs souffrances. » (Ces Provençaux maltraités par les

260 1677 1341 39 Espagnols sont sans doute ceux qui l’avaient aidé dans son expédition de Naples.)

139 1715 1462 44 4408 Guizot, illustre historien et homme d’Etat, de l’Acad. franç.,

251 1754 1349 52 né à Nîmes. — L. a. s. (à M. Gromier, de l’Ain); Paris,

251 1805 1346 46 20 avril 1868, 2 p. 1/4 in-8. 6 »

298 1848 1304 39 Curieuse lettre relative aux élections de 1869. Hors de l’arène politique et bien

259 1887 1343 40 décidé à n’y pas rentrer, il se borne à désirer que « les choix de la France,

258 1927 1346 39 quand elle aura des élections à faire, se portent sur des hommes bien convaincus

258 1966 1347 40 de la nécessité des libertés politiques, pour la sécurité, comme pour la dignité de

257 2004 1345 41 l’avenir, comme du présent, et bien résolus à assurer l’influence effective du

260 2045 521 38 pays dans son gouvernement. »

135 2081 1466 47 4409 Haller (Albert), illustre savant du XVIIIe siècle, né à Berne.

248 2126 1357 50 — L. a. s., en français; Berne, 8 sept. 1772, 1 p. in-4. Belle

248 2166 1350 50 pièce. 5 »

139 2213 1462 47 4410 Hardouin de Périfixe, le meilleur historien de Henry IV,

249 2258 1356 48 archevêque de Paris, membre de l’Acad. fr. — L. a. s. à la

248 2303 1354 45 sœur Marie de Sainte-Madeleine, abbesse de Port-Royal des

250 2347 1352 47 Champs; Paris, 3 août 1669, 1 p. pl in-4, enveloppe avec trois

253 2393 1347 42 beaux cachets à ses armes. 18 »

136 2435 1465 47 4411 Harispe (J.-Jos., comte), maréchal de France. — L. a. s.;

250 2482 1349 45 Bayonne, 1831, 1 p. in-4. - 3 »

136 2522 1466 49 4412 Haüy (l’abbé Réné-Just.), savant minéralogiste, créateur de

250 2567 1354 47 la cristallographie, mémo, de l’Inst., né à Saint-Just (Oise).—

248 2612 1353 45 L. a. s. à M. Nass; Paris, 8 sept. 1807, 2 p. in-4. 6 »
