<?xml version="1.0" encoding="UTF-8"?>
<alto xmlns:xsi="http://www.w3.org/2001/XMLSchema-instance"
      xmlns="http://www.loc.gov/standards/alto/ns-v2#"
      xmlns:page="http://schema.primaresearch.org/PAGE/gts/pagecontent/2013-07-15"
      xsi:schemaLocation="http://www.loc.gov/standards/alto/ns-v2# http://www.loc.gov/standards/alto/alto.xsd">
   <Description>
      <MeasurementUnit>pixel</MeasurementUnit>
      <OCRProcessing ID="IdOcr">
         <ocrProcessingStep>
            <processingDateTime>2020-10-31T11:20:35.871+01:00</processingDateTime>
            <processingSoftware>
               <softwareCreator>READ COOP</softwareCreator>
               <softwareName>Transkribus</softwareName>
            </processingSoftware>
         </ocrProcessingStep>
      </OCRProcessing>
   </Description>
   <Layout>
      <Page ID="Page1" PHYSICAL_IMG_NR="1" HEIGHT="3007" WIDTH="1793">
         <TopMargin HEIGHT="177" WIDTH="1793" VPOS="0" HPOS="0"/>
         <LeftMargin HEIGHT="2528" WIDTH="90" VPOS="177" HPOS="0"/>
         <RightMargin HEIGHT="2528" WIDTH="208" VPOS="177" HPOS="1585"/>
         <BottomMargin HEIGHT="302" WIDTH="1793" VPOS="2705" HPOS="0"/>
         <PrintSpace HEIGHT="2528" WIDTH="1495" VPOS="177" HPOS="90">
            <TextBlock ID="r_1_1" HEIGHT="41" WIDTH="166" VPOS="184" HPOS="740">
               <Shape>
                  <Polygon POINTS="740,184 906,184 906,225 740,225"/>
               </Shape>
               <TextLine ID="tl_1"
                         BASELINE="224"
                         HEIGHT="39"
                         WIDTH="164"
                         VPOS="185"
                         HPOS="741">
                  <String ID="string_tl_1"
                          HEIGHT="39"
                          WIDTH="164"
                          VPOS="185"
                          HPOS="741"
                          CONTENT="- 7 -"/>
               </TextLine>
            </TextBlock>
            <TextBlock ID="r_1_2" HEIGHT="54" WIDTH="1444" VPOS="281" HPOS="102">
               <Shape>
                  <Polygon POINTS="102,281 1546,281 1546,335 102,335"/>
               </Shape>
               <TextLine ID="tl_2"
                         BASELINE="334"
                         HEIGHT="52"
                         WIDTH="1442"
                         VPOS="282"
                         HPOS="103">
                  <String ID="string_tl_2"
                          HEIGHT="52"
                          WIDTH="1442"
                          VPOS="282"
                          HPOS="103"
                          CONTENT="par un faussaire : à Huyghens, « l’honneur de sa patrie, » à Newton."/>
               </TextLine>
            </TextBlock>
            <TextBlock ID="r_1_3" HEIGHT="42" WIDTH="571" VPOS="332" HPOS="101">
               <Shape>
                  <Polygon POINTS="101,332 672,332 672,374 101,374"/>
               </Shape>
               <TextLine ID="tl_3"
                         BASELINE="373"
                         HEIGHT="40"
                         WIDTH="569"
                         VPOS="333"
                         HPOS="102">
                  <String ID="string_tl_3"
                          HEIGHT="40"
                          WIDTH="569"
                          VPOS="333"
                          HPOS="102"
                          CONTENT="« l’honneur de l’humanité. »"/>
               </TextLine>
            </TextBlock>
            <TextBlock ID="r_1_4" HEIGHT="206" WIDTH="1457" VPOS="388" HPOS="97">
               <Shape>
                  <Polygon POINTS="97,388 1554,388 1554,594 97,594"/>
               </Shape>
               <TextLine ID="tl_4"
                         BASELINE="440"
                         HEIGHT="51"
                         WIDTH="1400"
                         VPOS="389"
                         HPOS="148">
                  <String ID="string_tl_4"
                          HEIGHT="51"
                          WIDTH="1400"
                          VPOS="389"
                          HPOS="148"
                          CONTENT="Le président, M. Chevreul, dans un discours tout plein d’émotion,"/>
               </TextLine>
               <TextLine ID="tl_5"
                         BASELINE="491"
                         HEIGHT="51"
                         WIDTH="1454"
                         VPOS="440"
                         HPOS="98">
                  <String ID="string_tl_5"
                          HEIGHT="51"
                          WIDTH="1454"
                          VPOS="440"
                          HPOS="98"
                          CONTENT="s’est écrié que si l’Académie, après l’arrestation du faussaire, pouvait"/>
               </TextLine>
               <TextLine ID="tl_6"
                         BASELINE="542"
                         HEIGHT="52"
                         WIDTH="1454"
                         VPOS="490"
                         HPOS="99">
                  <String ID="string_tl_6"
                          HEIGHT="52"
                          WIDTH="1454"
                          VPOS="490"
                          HPOS="99"
                          CONTENT="rester incertaine, elle abdiquerait son autorité scientifique devant le"/>
               </TextLine>
               <TextLine ID="tl_7"
                         BASELINE="593"
                         HEIGHT="52"
                         WIDTH="1386"
                         VPOS="541"
                         HPOS="102">
                  <String ID="string_tl_7"
                          HEIGHT="52"
                          WIDTH="1386"
                          VPOS="541"
                          HPOS="102"
                          CONTENT="pays et devant tous les corps savants du monde civilisé. Il a ajouté :"/>
               </TextLine>
            </TextBlock>
            <TextBlock ID="r_1_5" HEIGHT="138" WIDTH="1452" VPOS="612" HPOS="102">
               <Shape>
                  <Polygon POINTS="102,612 1554,612 1554,750 102,750"/>
               </Shape>
               <TextLine ID="tl_8"
                         BASELINE="659"
                         HEIGHT="46"
                         WIDTH="1408"
                         VPOS="613"
                         HPOS="144">
                  <String ID="string_tl_8"
                          HEIGHT="46"
                          WIDTH="1408"
                          VPOS="613"
                          HPOS="144"
                          CONTENT="L’authenticité de ces documents a été attaquée, dans cette"/>
               </TextLine>
               <TextLine ID="tl_9"
                         BASELINE="704"
                         HEIGHT="47"
                         WIDTH="1450"
                         VPOS="657"
                         HPOS="103">
                  <String ID="string_tl_9"
                          HEIGHT="47"
                          WIDTH="1450"
                          VPOS="657"
                          HPOS="103"
                          CONTENT="Académie et au dehors, sous le double rapport de la forme"/>
               </TextLine>
               <TextLine ID="tl_10"
                         BASELINE="749"
                         HEIGHT="45"
                         WIDTH="728"
                         VPOS="704"
                         HPOS="106">
                  <String ID="string_tl_10"
                          HEIGHT="45"
                          WIDTH="728"
                          VPOS="704"
                          HPOS="106"
                          CONTENT="littéraire et du fond scientifique."/>
               </TextLine>
            </TextBlock>
            <TextBlock ID="r_1_6" HEIGHT="264" WIDTH="1462" VPOS="746" HPOS="98">
               <Shape>
                  <Polygon POINTS="98,746 1560,746 1560,1010 98,1010"/>
               </Shape>
               <TextLine ID="tl_11"
                         BASELINE="795"
                         HEIGHT="48"
                         WIDTH="1409"
                         VPOS="747"
                         HPOS="147">
                  <String ID="string_tl_11"
                          HEIGHT="48"
                          WIDTH="1409"
                          VPOS="747"
                          HPOS="147"
                          CONTENT="Et comment se fait-il qu’après vous être refusé à reconnaître la"/>
               </TextLine>
               <TextLine ID="tl_12"
                         BASELINE="848"
                         HEIGHT="56"
                         WIDTH="1456"
                         VPOS="792"
                         HPOS="99">
                  <String ID="string_tl_12"
                          HEIGHT="56"
                          WIDTH="1456"
                          VPOS="792"
                          HPOS="99"
                          CONTENT="justesse de ces critiques, vous veniez, cher confrère, annoncer que"/>
               </TextLine>
               <TextLine ID="tl_13"
                         BASELINE="889"
                         HEIGHT="60"
                         WIDTH="1458"
                         VPOS="829"
                         HPOS="99">
                  <String ID="string_tl_13"
                          HEIGHT="60"
                          WIDTH="1458"
                          VPOS="829"
                          HPOS="99"
                          CONTENT="Vous avez été trompe par le vendeur de ces prétendus autographes,"/>
               </TextLine>
               <TextLine ID="tl_14"
                         BASELINE="930"
                         HEIGHT="47"
                         WIDTH="1452"
                         VPOS="883"
                         HPOS="104">
                  <String ID="string_tl_14"
                          HEIGHT="47"
                          WIDTH="1452"
                          VPOS="883"
                          HPOS="104"
                          CONTENT="et ajouter qu’en définitive il n’y a rien à conclure avec certitude! De"/>
               </TextLine>
               <TextLine ID="tl_15"
                         BASELINE="983"
                         HEIGHT="56"
                         WIDTH="1455"
                         VPOS="927"
                         HPOS="104">
                  <String ID="string_tl_15"
                          HEIGHT="56"
                          WIDTH="1455"
                          VPOS="927"
                          HPOS="104"
                          CONTENT="sorte que les choses seraient ce qu’elles étaient au commencement"/>
               </TextLine>
               <TextLine ID="tl_16"
                         BASELINE="1009"
                         HEIGHT="36"
                         WIDTH="245"
                         VPOS="973"
                         HPOS="108">
                  <String ID="string_tl_16"
                          HEIGHT="36"
                          WIDTH="245"
                          VPOS="973"
                          HPOS="108"
                          CONTENT="des débats !"/>
               </TextLine>
            </TextBlock>
            <TextBlock ID="r_1_7" HEIGHT="228" WIDTH="1456" VPOS="1016" HPOS="106">
               <Shape>
                  <Polygon POINTS="106,1016 1562,1016 1562,1244 106,1244"/>
               </Shape>
               <TextLine ID="tl_17"
                         BASELINE="1064"
                         HEIGHT="47"
                         WIDTH="1408"
                         VPOS="1017"
                         HPOS="150">
                  <String ID="string_tl_17"
                          HEIGHT="47"
                          WIDTH="1408"
                          VPOS="1017"
                          HPOS="150"
                          CONTENT="Eh bien ! cher confrère, permettez-moi de le dire, c’est là ce que"/>
               </TextLine>
               <TextLine ID="tl_18"
                         BASELINE="1108"
                         HEIGHT="46"
                         WIDTH="1453"
                         VPOS="1062"
                         HPOS="108">
                  <String ID="string_tl_18"
                          HEIGHT="46"
                          WIDTH="1453"
                          VPOS="1062"
                          HPOS="108"
                          CONTENT="nous ne pouvons admettre, et les voix toutes amies qui s’élèvent"/>
               </TextLine>
               <TextLine ID="tl_19"
                         BASELINE="1154"
                         HEIGHT="47"
                         WIDTH="1453"
                         VPOS="1107"
                         HPOS="107">
                  <String ID="string_tl_19"
                          HEIGHT="47"
                          WIDTH="1453"
                          VPOS="1107"
                          HPOS="107"
                          CONTENT="aujourd’hui dans l’Académie vous prient de vous joindre à elles"/>
               </TextLine>
               <TextLine ID="tl_20"
                         BASELINE="1200"
                         HEIGHT="46"
                         WIDTH="1453"
                         VPOS="1154"
                         HPOS="108">
                  <String ID="string_tl_20"
                          HEIGHT="46"
                          WIDTH="1453"
                          VPOS="1154"
                          HPOS="108"
                          CONTENT="pour proclamer qu’il y a certitude acquise que les documents allégués pour"/>
               </TextLine>
               <TextLine ID="tl_21"
                         BASELINE="1243"
                         HEIGHT="43"
                         WIDTH="1047"
                         VPOS="1200"
                         HPOS="108">
                  <String ID="string_tl_21"
                          HEIGHT="43"
                          WIDTH="1047"
                          VPOS="1200"
                          HPOS="108"
                          CONTENT="abaisser la gloire de Newton et de Huyghens sont faux !"/>
               </TextLine>
            </TextBlock>
            <TextBlock ID="r_1_8" HEIGHT="308" WIDTH="1459" VPOS="1275" HPOS="107">
               <Shape>
                  <Polygon POINTS="107,1275 1566,1275 1566,1583 107,1583"/>
               </Shape>
               <TextLine ID="tl_22"
                         BASELINE="1328"
                         HEIGHT="52"
                         WIDTH="1402"
                         VPOS="1276"
                         HPOS="161">
                  <String ID="string_tl_22"
                          HEIGHT="52"
                          WIDTH="1402"
                          VPOS="1276"
                          HPOS="161"
                          CONTENT="M. Chasles explique que par le mystère à pénétrer, il a entendu la"/>
               </TextLine>
               <TextLine ID="tl_23"
                         BASELINE="1379"
                         HEIGHT="52"
                         WIDTH="1455"
                         VPOS="1327"
                         HPOS="108">
                  <String ID="string_tl_23"
                          HEIGHT="52"
                          WIDTH="1455"
                          VPOS="1327"
                          HPOS="108"
                          CONTENT="découverte et des fabricateurs, qui devaient être plusieurs, vu la multi¬"/>
               </TextLine>
               <TextLine ID="tl_24"
                         BASELINE="1430"
                         HEIGHT="51"
                         WIDTH="1453"
                         VPOS="1379"
                         HPOS="112">
                  <String ID="string_tl_24"
                          HEIGHT="51"
                          WIDTH="1453"
                          VPOS="1379"
                          HPOS="112"
                          CONTENT="plicité des pièces, et des matériaux dont ils se sont servi. Il justifie"/>
               </TextLine>
               <TextLine ID="tl_25"
                         BASELINE="1481"
                         HEIGHT="52"
                         WIDTH="1450"
                         VPOS="1429"
                         HPOS="112">
                  <String ID="string_tl_25"
                          HEIGHT="52"
                          WIDTH="1450"
                          VPOS="1429"
                          HPOS="112"
                          CONTENT="Newton et Huyghens, mais non sans quelque réticence. M. Dumas s’en"/>
               </TextLine>
               <TextLine ID="tl_26"
                         BASELINE="1533"
                         HEIGHT="53"
                         WIDTH="1453"
                         VPOS="1480"
                         HPOS="111">
                  <String ID="string_tl_26"
                          HEIGHT="53"
                          WIDTH="1453"
                          VPOS="1480"
                          HPOS="111"
                          CONTENT="plaint, et termine par ses mots : « Pour tout le monde, le débat scien¬"/>
               </TextLine>
               <TextLine ID="tl_27"
                         BASELINE="1582"
                         HEIGHT="50"
                         WIDTH="656"
                         VPOS="1532"
                         HPOS="113">
                  <String ID="string_tl_27"
                          HEIGHT="50"
                          WIDTH="656"
                          VPOS="1532"
                          HPOS="113"
                          CONTENT="tifique est définitivement clos. »"/>
               </TextLine>
            </TextBlock>
            <TextBlock ID="r_1_9" HEIGHT="306" WIDTH="1457" VPOS="1581" HPOS="109">
               <Shape>
                  <Polygon POINTS="109,1581 1566,1581 1566,1887 109,1887"/>
               </Shape>
               <TextLine ID="tl_28"
                         BASELINE="1633"
                         HEIGHT="51"
                         WIDTH="1403"
                         VPOS="1582"
                         HPOS="161">
                  <String ID="string_tl_28"
                          HEIGHT="51"
                          WIDTH="1403"
                          VPOS="1582"
                          HPOS="161"
                          CONTENT="Si l'on peut s’étonner de voir M. Chasles conserver encore quelques"/>
               </TextLine>
               <TextLine ID="tl_29"
                         BASELINE="1683"
                         HEIGHT="51"
                         WIDTH="1455"
                         VPOS="1632"
                         HPOS="110">
                  <String ID="string_tl_29"
                          HEIGHT="51"
                          WIDTH="1455"
                          VPOS="1632"
                          HPOS="110"
                          CONTENT="doutes sur l’entière fausseté de ses documents, on doit lui savoir gré"/>
               </TextLine>
               <TextLine ID="tl_30"
                         BASELINE="1735"
                         HEIGHT="51"
                         WIDTH="1448"
                         VPOS="1684"
                         HPOS="113">
                  <String ID="string_tl_30"
                          HEIGHT="51"
                          WIDTH="1448"
                          VPOS="1684"
                          HPOS="113"
                          CONTENT="des amples détails qu’il donne dans sa communication. A cette lecture,"/>
               </TextLine>
               <TextLine ID="tl_31"
                         BASELINE="1786"
                         HEIGHT="52"
                         WIDTH="1447"
                         VPOS="1734"
                         HPOS="116">
                  <String ID="string_tl_31"
                          HEIGHT="52"
                          WIDTH="1447"
                          VPOS="1734"
                          HPOS="116"
                          CONTENT="les réflexions se présentent en foule. Nous nous bornerons aujourd’hui"/>
               </TextLine>
               <TextLine ID="tl_32"
                         BASELINE="1837"
                         HEIGHT="52"
                         WIDTH="1449"
                         VPOS="1785"
                         HPOS="114">
                  <String ID="string_tl_32"
                          HEIGHT="52"
                          WIDTH="1449"
                          VPOS="1785"
                          HPOS="114"
                          CONTENT="à quelques remarques, attendant que les débats de la police correc¬"/>
               </TextLine>
               <TextLine ID="tl_33"
                         BASELINE="1886"
                         HEIGHT="51"
                         WIDTH="993"
                         VPOS="1835"
                         HPOS="116">
                  <String ID="string_tl_33"
                          HEIGHT="51"
                          WIDTH="993"
                          VPOS="1835"
                          HPOS="116"
                          CONTENT="tionnelle ait mis cette affaire dans tout son jour."/>
               </TextLine>
            </TextBlock>
            <TextBlock ID="r_1_10"
                       HEIGHT="459"
                       WIDTH="1460"
                       VPOS="1885"
                       HPOS="115">
               <Shape>
                  <Polygon POINTS="115,1885 1575,1885 1575,2344 115,2344"/>
               </Shape>
               <TextLine ID="tl_34"
                         BASELINE="1938"
                         HEIGHT="52"
                         WIDTH="1403"
                         VPOS="1886"
                         HPOS="165">
                  <String ID="string_tl_34"
                          HEIGHT="52"
                          WIDTH="1403"
                          VPOS="1886"
                          HPOS="165"
                          CONTENT="On se demande tout d’abord comment un membre de l’Institut a pu"/>
               </TextLine>
               <TextLine ID="tl_35"
                         BASELINE="1989"
                         HEIGHT="52"
                         WIDTH="1455"
                         VPOS="1937"
                         HPOS="116">
                  <String ID="string_tl_35"
                          HEIGHT="52"
                          WIDTH="1455"
                          VPOS="1937"
                          HPOS="116"
                          CONTENT="sérieusement accepter des autographes de Gutenberg, de Dante, de"/>
               </TextLine>
               <TextLine ID="tl_36"
                         BASELINE="2040"
                         HEIGHT="53"
                         WIDTH="1456"
                         VPOS="1987"
                         HPOS="116">
                  <String ID="string_tl_36"
                          HEIGHT="53"
                          WIDTH="1456"
                          VPOS="1987"
                          HPOS="116"
                          CONTENT="Grégoire de Tours, de saint Augustin, des rois mérovingiens, et de"/>
               </TextLine>
               <TextLine ID="tl_37"
                         BASELINE="2089"
                         HEIGHT="50"
                         WIDTH="1451"
                         VPOS="2039"
                         HPOS="117">
                  <String ID="string_tl_37"
                          HEIGHT="50"
                          WIDTH="1451"
                          VPOS="2039"
                          HPOS="117"
                          CONTENT="Jules César. De César! Sur quel papier? Ce serait curieux à voir il"/>
               </TextLine>
               <TextLine ID="tl_38"
                         BASELINE="2140"
                         HEIGHT="51"
                         WIDTH="1450"
                         VPOS="2089"
                         HPOS="120">
                  <String ID="string_tl_38"
                          HEIGHT="51"
                          WIDTH="1450"
                          VPOS="2089"
                          HPOS="120"
                          CONTENT="fallait que la crédulité de l’acheteur égalât l’audace du vendeur. Com¬"/>
               </TextLine>
               <TextLine ID="tl_39"
                         BASELINE="2191"
                         HEIGHT="52"
                         WIDTH="1453"
                         VPOS="2139"
                         HPOS="121">
                  <String ID="string_tl_39"
                          HEIGHT="52"
                          WIDTH="1453"
                          VPOS="2139"
                          HPOS="121"
                          CONTENT="ment se fait-il que l’existence de ces autographes mirifiques n’ait été"/>
               </TextLine>
               <TextLine ID="tl_40"
                         BASELINE="2242"
                         HEIGHT="52"
                         WIDTH="1451"
                         VPOS="2190"
                         HPOS="120">
                  <String ID="string_tl_40"
                          HEIGHT="52"
                          WIDTH="1451"
                          VPOS="2190"
                          HPOS="120"
                          CONTENT="révélée qu’au dernier moment? Si le public les eût connus plus tôt, un"/>
               </TextLine>
               <TextLine ID="tl_41"
                         BASELINE="2293"
                         HEIGHT="52"
                         WIDTH="1452"
                         VPOS="2241"
                         HPOS="119">
                  <String ID="string_tl_41"
                          HEIGHT="52"
                          WIDTH="1452"
                          VPOS="2241"
                          HPOS="119"
                          CONTENT="éclat de rire général eût réveillé M. Chasles, et la comédie n’eût pas"/>
               </TextLine>
               <TextLine ID="tl_42"
                         BASELINE="2343"
                         HEIGHT="50"
                         WIDTH="375"
                         VPOS="2293"
                         HPOS="121">
                  <String ID="string_tl_42"
                          HEIGHT="50"
                          WIDTH="375"
                          VPOS="2293"
                          HPOS="121"
                          CONTENT="duré si longtemps."/>
               </TextLine>
            </TextBlock>
            <TextBlock ID="r_1_11"
                       HEIGHT="357"
                       WIDTH="1457"
                       VPOS="2340"
                       HPOS="121">
               <Shape>
                  <Polygon POINTS="121,2340 1578,2340 1578,2697 121,2697"/>
               </Shape>
               <TextLine ID="tl_43"
                         BASELINE="2393"
                         HEIGHT="52"
                         WIDTH="1400"
                         VPOS="2341"
                         HPOS="171">
                  <String ID="string_tl_43"
                          HEIGHT="52"
                          WIDTH="1400"
                          VPOS="2341"
                          HPOS="171"
                          CONTENT="Comme nous l’avions dit dans notre article du mois de décembre,"/>
               </TextLine>
               <TextLine ID="tl_44"
                         BASELINE="2445"
                         HEIGHT="52"
                         WIDTH="1451"
                         VPOS="2393"
                         HPOS="123">
                  <String ID="string_tl_44"
                          HEIGHT="52"
                          WIDTH="1451"
                          VPOS="2393"
                          HPOS="123"
                          CONTENT="nous avons vu une partie de cette collection ; nous avons parcouru ces"/>
               </TextLine>
               <TextLine ID="tl_45"
                         BASELINE="2496"
                         HEIGHT="52"
                         WIDTH="1449"
                         VPOS="2444"
                         HPOS="122">
                  <String ID="string_tl_45"
                          HEIGHT="52"
                          WIDTH="1449"
                          VPOS="2444"
                          HPOS="122"
                          CONTENT="autographes des XVIe et XVIIe siècles, écrits sur du papier du XVIIIe,"/>
               </TextLine>
               <TextLine ID="tl_46"
                         BASELINE="2546"
                         HEIGHT="52"
                         WIDTH="1455"
                         VPOS="2494"
                         HPOS="122">
                  <String ID="string_tl_46"
                          HEIGHT="52"
                          WIDTH="1455"
                          VPOS="2494"
                          HPOS="122"
                          CONTENT="gardes de livres et feuilles de registres, portant la trace de la tranche"/>
               </TextLine>
               <TextLine ID="tl_47"
                         BASELINE="2597"
                         HEIGHT="52"
                         WIDTH="1452"
                         VPOS="2545"
                         HPOS="124">
                  <String ID="string_tl_47"
                          HEIGHT="52"
                          WIDTH="1452"
                          VPOS="2545"
                          HPOS="124"
                          CONTENT="de couleur, autographes d’une écriture toujours la même, malgré la"/>
               </TextLine>
               <TextLine ID="tl_48"
                         BASELINE="2648"
                         HEIGHT="52"
                         WIDTH="1452"
                         VPOS="2596"
                         HPOS="125">
                  <String ID="string_tl_48"
                          HEIGHT="52"
                          WIDTH="1452"
                          VPOS="2596"
                          HPOS="125"
                          CONTENT="diversité des personnages, et enfumés grossièrement pour leur donner"/>
               </TextLine>
               <TextLine ID="tl_49"
                         BASELINE="2696"
                         HEIGHT="49"
                         WIDTH="1448"
                         VPOS="2647"
                         HPOS="126">
                  <String ID="string_tl_49"
                          HEIGHT="49"
                          WIDTH="1448"
                          VPOS="2647"
                          HPOS="126"
                          CONTENT="un air de vétusté. La croyance de M. Chasles était si robuste, et il"/>
               </TextLine>
            </TextBlock>
         </PrintSpace>
      </Page>
   </Layout>
</alto>
