1841 2972
878 177 192 38 - 10 -

244 274 1462 46 4349 Castiglione (Balthazar), un des plus grands hommes dont

355 318 1351 47 s’honore l’Italie, guerrier, négociateur, poète et artiste, ami

355 362 1351 51 de Léon X, de Charles-Quint et de François Ier, inspirateur de

355 402 1353 53 Raphaël et de Jules Romain, auteur du Courtisan, appelé par

355 453 1351 46 les Italiens le Livre d’or. — L. a. s. au marquis de Mantoue ;

354 496 1352 48 Rome, 12 janv. 1521, 1 p. pi. in-f., cachet. Superbe pièce.

352 543 1351 35 Rare. 70 »

398 585 1308 40 Relative aux affaires du marquis de Mantoue à la cour de Rome; à l’arrivée à

358 625 1348 41 Rome de Lucrèce, marquise de Massa, qui va présenter au pape sa fille, femme

359 665 347 32 de Laurent Cibo. etc.

241 703 1464 42 4350 Catherine de Médicis, reine de France. — L. s., avec la

352 747 1354 44 sousc. aut., à son cousin M. de Béziers; Saint-Germain-en-

330 787 1373 52 Laye, 14 nov. (vers 1561), 1/2 p. in-f°., trace de cachet. 15 »

399 837 1306 39 Relative à un voyage à la Cour auquel l'évêque de Béziers est autorisé par le

359 875 1346 42 roi. (Laurent de Médicis, évêque de Béziers et d’Albi, archevêque d'Aix, et abbé

358 915 497 39 de Saint-Victor-lès-Marseille.)

237 958 1465 48 4351 Catherine d’Autriche, fille de Philippe II, duchesse de

351 1003 1352 45 Savoie, femme de Charles-Emmanuel, dit le Grand. — L. a. s.,

354 1048 1348 52 en espagnol, au roi de France Henri III ; Turin, 30 oct. 1586,

353 1093 1349 48 1 p. in-f., cachet. Très-belle pièce. 12 »

238 1141 1465 46 4352 Catherine II, impératrice de Russie, dite la Grande. — L. s.,

350 1186 1355 49 en français, à l’archiduc Maximilien d’Autriche ; Saint Péters¬

352 1225 1349 53 bourg, 2 déc. 1781, 2 p. in-4. Très-belle pièce. Rare. 30 »

395 1276 1307 40 Pièce historique relative à la paix de Teschen, par laquelle Catherine se flatte

355 1315 1348 45 d’avoir garanti la paix. Elle s’intéresse vivement au maintien de la Constitution

356 1355 1346 39 du Corps germanique, et, pour en donner une preuve permanente, elle a pigé à

353 1394 1349 42 propos d’entretenir auprès de ce Corps un envoyé extraordinaire accrédité près

356 1433 1348 39 les Cercles de Franconie, Souabe, haut et bas Rhin. Elle a choisi pour cet effet

354 1473 774 33 le comte Nic. de Roumainzoff, son chambellan.

236 1515 1465 53 4353 Caulaincourt (A.-J.-Gab. de), brave général de cavalerie des

349 1560 1352 55 guerres de la République et de l’Empire, tué à la bataille de

349 1605 1351 46 la Moscowa. — L.a. s. à un maréchal ; Torrico (Espagne), 13 oct.

350 1649 1348 46 1809, 1 p. in-4. Belle pièce. Rare. 7 »

393 1694 1309 40 Il lui exprime sa gratitude de lui avoir confié le commandement provisoire de

355 1734 1347 38 la 5e division de dragons, et termine ainsi : « La Russie est décidément un allié

353 1773 1012 39 fidèle, et l’Autriche sera forcée, par elle de signer la paix. »

238 1815 1462 47 1354 Cesari (l’abbé Ant.), savant et élégant écrivain italien, com¬

348 1859 1351 47 mentateur du Dante, auteur des Novelle. — L. a. s. ; Vérone,

351 1905 1345 45 1801, 1 p. in-4. 3 »

395 1949 866 36 Relative à ses Vite de’ Santi Padri, en 4 volumes.

232 1993 1466 45 4355 Champagny (J.-B.), duc de Cadore, constituant, ministre de

346 2037 1352 48 Napoléon Ier, né à Roanne. — L. a. s. (au général Vial), 1808,

351 2083 1345 46 1/2 p. in-4. 2 »

233 2131 1465 46 4356 Chapelain (Jean), célèbre poète, auteur de la Pucelle, de

344 2176 1352 47 l’Acad. franc. — L. a. s. (à Colbert?); 17 mai 1665, 4p. pl. in-8.

344 2214 1352 52 Jolie pièce. 35 »

390 2265 1307 41 Il lui envoie l’extrait d’une lettre écrite d’Espagne par un savant allemand,

348 2304 1351 40 qui proclame hautement dans ce pays les libéralités du roi (Louis XIV) envers les

348 2343 1350 40 gens de lettres français et étrangers. « j’ay, dit-il, considéré cela, Monsieur,

347 2382 1350 39 comme un bonheur d'avoir rencontré un sçavant homme désintéressé et non sus¬

350 2422 1348 40 pect de partialité, qui, d’office, voulust estre, en des pays où nous ne sommes

350 2462 1345 38 pas aimés, la trompette de la gloire de Sa Majesté et de vos si justes louanges... »

349 2500 1348 39 (Nul mieux que Colbert ne s’entendit à faire exalter à l’étranger la gloire de son

349 2539 1349 39 maître. Le bonhomme Chapelain, plus habile qu’on ne le suppose généralement,

349 2578 1349 39 était l'intermédiaire dont se servait le grand ministre pour gagner les gens de

349 2617 751 40 lettres par des pensions et autres avantages).
