1802 3007
725 161 193 38 - 17 -

92 256 1457 48 4222 Kent (Edouard, duc de), père de la reine Victoria. — Jolie

202 299 1348 54 l. s. à M. de Gruillermy; Kensington, 1813, 2 p. 1/4 in-4. Plus

204 345 1344 48 un petit billet aut. sig. de la duchesse de Kent, sa femme.

207 380 1342 52 1822. 2 50

93 445 1458 46 4223 Kotzebue (A.-F.-Fréd. de), célèbre publiciste et romancier

202 488 1347 47 allemand, assassiné par Sand en 1819. — L. a. s., en allemand,

203 532 1346 47 au libraire Kummersch ; Kœnigsberg, 10 janv. 1806, 2 p. in-4,

205 578 1345 46 cachet. Belle pièce. 4 »

93 633 1457 52 4224 La Chapelle (Jean de), secrétaire des commandements du

204 677 1350 46 prince de Conti, poète et diplomate, membre de l’Acad. fran¬

204 721 1348 51 çaise, né à Bourges. — Belle pièce sig. par le prince de Conti,

203 766 1349 46 et contresig. par Monseigneur La Chappelle; Paris, 31 sept. 1686,

205 810 1347 45 3 p. in-f. Rare. 8 »

94 865 1460 46 4225 Lamarque (Max.), célèbre général et orateur, né dans les

206 909 1347 46 Landes. — L. a. s. au général Beurman; Figuières, 17 mars 1814,

210 954 1345 45 1/2 p. in-4, cachet. 2 50

93 1005 1459 47 4226 Lamartine (Alph. de), illustre écrivain et homme d’Etat, de

207 1050 1348 46 l’Acad. fr. — L. a. s. à M. Grün, 1 p. in-8. 3 50

250 1100 1305 39 Curieuse lettre relative à M. Guizot, qu'il promet rie ne pas attaquer à la tri¬

213 1139 1027 38 bune. « Je suis résolu à me taire et à ne dire que des mots. »

95 1189 1459 44 4227 La Porte du Theil (de), savant helléniste, conservateur de

206 1232 1346 48 la Bibliothèque nationale. — L. a. s.; Paris, 1771, 1 p.

207 1276 1350 37 in-4. 2 50

95 1331 1460 48 4228 La Rue (le P. Ch. de), jésuite, célèbre prédicateur et poète

208 1376 1346 47 latin du XVIIe siècle, ami de Corneille, qui a traduit son

206 1422 1348 79 poème sur les Conquêtes de Louis XIV. — L. a. s. au card.

235 1465 1319 47 de Bouillon; Paris, 19 août 1709, 4 p. in-4. .Rare. 15 »

96 1521 1459 54 4229 Lavallette (le comte de), direct.-gén. des postes de l’Empire,

207 1566 1349 45 condamné à mort en 1815, sauve par le dévoûment de sa

208 1611 1349 45 femme. — Belle l. a. s., 1 p. in-f. 2 50

98 1665 1457 46 4230 Lelewel (Joach.), illustre savant et patriote polonais. — L. a. s.

210 1709 1345 47 à M. Norblin, 1845, 1/2 p. in-8. Recommandation d’un numis¬

210 1755 1347 45 mate polonais. 1 50

97 1809 1461 46 4231 Léopold Ier, empereur d’Allemagne, qui eut à lutter tout à

208 1853 1347 46 la fois contre Louis XIV et les Turcs. — L. a. s., en espagnol;

209 1897 1347 47 del Campo, 2 mai 1669, 1/2 p. in-4. Adresse enlevée. Tache

208 1942 1347 36 de rousseur. 2 »

97 1996 1458 47 4232 Ligne (Ch.-Jos., prince de), célèbre général et bel esprit du

206 2041 1352 46 XVIIIe siècle. — L. sig., 22 mai 1780, relative à ses Préjugés et

206 2086 1349 45 fantaisies militaires, 1/2 p. in-4. Rare. 5 »

95 2140 1463 46 4233 Linné (Ch.), le grand botaniste. — L. a. s., en suédois, à

206 2184 1348 47 J.-J. Ferber, à Carlcrona; Upsal, 11 mai 1771, 1 p. pet. in-4,

207 2230 1347 36 cachet à ses armes. 25 »

95 2283 1461 46 4234 Longuerue (l’abbé de), célèbre érudit, auteur de savantes

206 2328 1350 41 dissertations sur l’histoire de France, et dont on a réuni les

206 2372 1350 45 bons mots sous le nom de Longueruana, né à Charleville. —

207 2417 1347 46 L. a. s. à l’abbé Alary, à Nancy; Paris, 12 fév. 1717, 2 p.

205 2460 1349 47 pl. in-8. Légèrement rognée dans le bas. 10 »

253 2513 1304 38 Epître littéraire très-intéressante, où il est question de l'abbé Dangeau et de

212 2551 1343 39 son frère le marquis, qui a failli mourir; de l’abbé de Louvois, Mme de Lambert,

213 2589 1342 42 etc. Il a fait diverses additions à son ouvrage sur la France, mais il attend

212 2629 901 41 l’abbé Alary, qui a l’habitude d’écrire sous sa dictée
