1793 3007
822 165 175 52 - 9 -

284 269 1352 47 Quatrain aut. sig. à Baculard d’Arnaud, (sur ses Epreuves du

286 314 1352 47 Sentiment), mars 1768, 1 p. in-8. Jolie pièce avec encadrement

286 365 1352 33 rose. 2 50

175 402 1461 50 4337 Bréa (le général de), assassiné pendant les journées de juin

292 447 1342 53 1848. — L. a. s. à M. Bacqua (à Nantes), 1847, 2p. in-8. 3 »

176 492 1462 54 4338 Breschet (Gilbert), savant anatomiste et physiologiste, de

287 534 1350 48 l’Institut, né à Clermont-Ferrand. — L. a. s. à Ach. Comte,

291 578 1347 48 19 juil. 1832, 4 p. in-8. 2 50

333 625 1306 41 Epître très-intéressante relative à son Mémoire sur l'Œuf, et aux services

295 664 1158 39 qu’il a rendus, lui et ses collègues de l'Hôtel-Dieu, pendant le choléra.

178 703 1458 45 4339 Brial (Dom), savant bénédictin, de l’Acad. des insc., un des

288 746 1345 48 éditeurs du Recueil des Historiens des Gaules, né à Perpignan. —

291 790 1345 47 L. a. s., 1825, 1/2 p. in-4. 2 »

180 835 1457 47 4340 Brissot (Jacq.-Pierre ), célèbre publiciste et conventionnel,

292 878 1345 49 chef du parti de la Gironde, né près de Chartres, décapité en

294 923 1344 48 1793. — L. a. s. à miss Cappet, (américaine) ; Paris, 3 nov.

295 969 1344 46 1786,3 p. in-4. Légère déchirure par la rupture du cachet. 25 »

339 1013 1303 41 Curieuse épitre en français et en anglais, dans laquelle il prend la qualité de

299 1052 1341 43 Secrétaire général de la Chancellerie d’Orléans, et toute relative à son pam¬

301 1090 1340 42 phlet sur les Quakers. Il aime les Quakers, et il espère faire un voyage en Amé¬

300 1130 1344 41 rique pour les visiter. S’ils se montraient moins complaisants pour la tyrannie, il

300 1169 1343 41 n'hésiterait pas à se faire recevoir parmi eux ; mais, pour cela, Dieu a mis dans

301 1210 1340 39 son âme une trop forte aversion pour le despotisme. Détails intéressants sur sa

299 1248 355 32 femme et ses enfants.

185 1287 1457 45 4341 Burr (Aaron ), vice-président des Etats-Unis. — L. a. s. au

296 1330 1347 48 colonel S. Ogden; New-York, 14 av. 1801, 1 p. in-4. 6 »

185 1377 1460 45 4342 Canova (Ant.), illustre statuaire italien. — L. a. s. à Dom.

299 1420 1347 47 Selva; Rome, 11 déc. 1816, 1 p. in-4. 4 »

187 1465 1461 55 4343 Capiton (Wolfgang), un des plus éminents disciples de

298 1509 1354 46 Luther, ami de Bucer et d’Œcolampade, dont il épousa la

298 1554 1353 42 veuve, né en Alsace. — Let. en allemand, écrite en caractères

301 1598 1351 45 romains, sig. de Wolfgang Capiton, de Martin Bucer et de Gaspard

301 1643 1350 44 Hédio, (vers 1535), 3 p. 1/2 in-f. Magnifique pièce. 65 »

190 1691 1465 49 4344 Capoul (Victor), célèbre chanteur de l’Opéra. — L. a. s. à

302 1736 1353 46 M. d’Hormoy, 1/2 p. in-8. 1 50

191 1785 1465 46 4345 Caraccioli (L.-Ant.), fécond écrivain du XVIIIe siècle, auteur

303 1830 1352 45 des fameuses Lettres du pape Gaganelli, Clément XIV. — L. a. s.

304 1874 1355 46 au libraire Maradan ; Paris, 7 sept. 1790 , 3 p. in-4, cachet à

303 1921 1350 34 ses armes. 3 »

350 1963 1308 39 Il lui propose une Vie de Franklin, qu’il regarde comme un des auteurs de la

310 2004 347 37 Révolution française.

195 2044 1466 47 4346 Cassini de Thury (César-Fr.), célèbre astronome, directeur

305 2089 1353 46 de l’Observatoire, auteur de la grande carte de France. —

308 2135 1348 46 Mémoire aut. ; 4 p. in-4. 5 »

353 2178 1306 41 Ce mémoire a pour titre : Sur le degré de précision que l'on doit attendre

314 2218 1343 38 des Instruments de l'Observatoire de Paris. — On a joint à cette pièce un

313 2258 446 38 reçu de dix lignes aut. sig.

196 2300 1463 46 4347 Cassini (J.-Dom.), Gis du précédent, astronome, directeur de

308 2344 1349 44 l’Observatoire, continuateur de la carte de France. — L. a. s.

311 2389 1346 47 à son père, 12 juin 1777, 1 p. in-4. Curieuse. 3 »

198 2437 1461 48 4348 Casti (J.-B.), célèbre poète héroïque et satirique italien,

311 2481 1349 52 auteur des Animaux parlants. — L. a. s. à un ami; (Paris),

314 2528 1345 44 17 fructidor, 1 p. pl. in-8. Rare. 15 »

357 2571 1304 41 Très spirituelle épitre, écrite dans sa vieillesse, pendant son séjour à Paris, où

317 2613 162 30 il mourut.
