1793 3007
698 184 234 63 - 15 -

187 287 1347 49 Leu-Taverny (propriété que lui avait laissée le prince de

189 331 1346 47 Condé), 26 juin 1832, 3 p. 1/2 in-4. 8 »

235 377 1301 40 Lettre curieuse, écrite quatre mois après le gain de son procès contre la fa¬

196 416 1342 42 mille de Rohan, à propos de la riche succession du prince de Condé. « On dit que

194 454 1347 41 je dois considérer comme très-grand, dans ces temps détestables, mon récent

195 494 1342 40 triomphe sur mes ennemis; cependant, quelle que soit la punition qui leur est

200 532 1339 43 infligée, elle n'égalera jamais ce qu'ils m’ont fait souffrir (allusion aux mémoires

200 572 1336 43 publiés contre elle) depuis la mort de ce prince toujours cher et à jamais regretté!

198 612 1341 40 Vous apprendrez, j’en suis sûre, avec chagrin, que l'abominable famille de Rohan

199 650 1339 42 n’a pas encore abandonné sa proie; elle en a rappelé à une plus haute cour au

203 690 305 38 sujet du testament.

82 734 1458 46 4202 Feutrier (J.-F.-H.), év. de Beauvais, ministre des cultes dans

192 778 1349 47 le cabinet Martignac, célèbre par ses mesures contre l’en¬

193 823 1347 48 seignement des Jésuites. — L. a. s., 1811, 2 p. in-4. 2 50

239 869 1168 39 Relative à un sermon des prisonniers qu’il doit prêcher à Versailles.

85 913 1455 52 4203 Fillmore (Millard), 13e président des Etats-Unis, chef du

196 956 1344 50 parti Whig. — L. a. s. a Alex. Vattemare; Washington,

194 1002 1344 45 2 nov. 1850, 2 p. in-4. Belle pièce. 7 »

243 1047 1299 40 Il lui témoigne son admiration pour la belle collection de médailles qu’il a réu¬

203 1085 1340 43 nies et qui retracent les événements glorieux des Etats-Unis. Ne prévoyant pas

201 1124 1344 41 alors la guerre sanglante qui devait éclater dix ans plus tard, il dit que ce n’est

204 1164 1341 41 pas d’un siècle que sa nation pourra présenter aux artistes de pareils sujets, et

201 1203 1344 41 ajoute : « Nos triomphes sont des triomphes de paix, et nos conquêtes des con¬

202 1243 354 36 quêtes de la raison. »

84 1292 1460 46 4204 Flamsteed (John), grand astronome anglais du XVIIe siècle.—

196 1336 1347 49 Joli reçu, sign., 1695, 1 p. in-8. 3 »

88 1392 1457 47 4205 Gage (Thomas), général anglais, commandant en chef des

195 1437 1350 46 troupes royales en Amérique, fameux par ses cruautés envers

199 1481 1348 46 les insurgeants. — L. a. s. à sir Johnson; New-York, 6 oct. 1765,

203 1527 1341 45 1 p. in-4. Rare. 7 »

89 1575 1458 47 4206 Georges (Mlle), célèbre tragédienne. — L. a. s., 1 p. in-8. 1 50

91 1630 1455 47 4207 Gérard de Nerval, littérateur célèbre par l’originalité de

201 1675 1349 51 son talent et sa fin tragique. — L. a. sign. Gérard Labrunie, à

202 1716 1344 50 son ami Duseigneur; Aix, 24 sept. 1834, 1 p. in-4. 4 »

249 1765 1300 39 Curieuse lettre par laquelle il prie son ami de vendre ses coupons de Cortès,

209 1804 1053 39 et de lui envoyer une lettre de crédit sur Naples, où il se rend.

93 1847 1459 48 4208 Guignault (Jos.-Ban.), érudit, de l’Inst., traducteur de la

202 1892 1349 46 Symbolique de Cruzer. — L. a. s., 1863, 1. p. 1/2 in-8. 1 50

92 1947 1458 47 4209 Guise (Fr. de Lorraine, duc de), le plus grand capitaine

206 1992 1344 50 français du XVIe siècle, assassiné par Poltrot en 1563. — L. a. s.

206 2036 1344 47 au roi Henri II; Metz, 9 sept. 1551, 1 p. in-f., trace de cachet.

206 2080 1347 46 Belle pièce, mais dont le bas de la signature a été légèrement

207 2127 1343 44 rogné. 18 »

253 2168 1302 40 Il se défend avec vivacité d’avoir pris sept enseignes de gens de pied du gou¬

214 2208 1341 40 vernement de M. de Nevers (alors gouverneur de Champagne), et il prie le roi de

216 2247 1340 40 lui faire la grâce de croire qu’il s’en acquittera eu temps et lieux, comme il le

215 2286 1340 41 doit pour son honneur, envers ceux qui ont tenu ce propos, « m’assurant tant,

214 2326 1343 40 Sire, ajoute-il, que vous mestes sy bon mestre que ne vouldrez jendurasse telles

217 2364 1338 40 guallanteries que me peignent trop. » — Sur les pages 5 et 4, des notes du

214 2404 1342 39 temps, divers actes d'échanges et de donations relatifs à des domaines situés à

218 2442 1109 40 Maisons-sur-Seine, Saint Maur-les-Fossés, Charenton et Charonne.

102 2486 1453 47 4210 Guise (Henri Ier de Lorraine, duc de), dit le Balafré, fils du

213 2530 1342 47 précédent, le principal instigateur de la Saint-Barthélemy,

213 2574 1345 47 chef de la Ligue, assassiné à Blois par ordre de Henri III. —

213 2619 1343 45 L. a. s. au duc de Montpensier; Paris, 10 mai (1581), 1 p.

215 2664 1342 44 pl. in-f., cachets bien conservés. Superbe pièce. 40 »
