1841 2972
852 121 209 43 - 22 -

240 218 1456 48 4046 Nisard (Désiré), célèbre critique, de l’Acad. fr. — L. a. s.,

354 265 1342 45 1840, 2 p. in-8. Curieuse. 2 »

240 312 1458 47 4047 Orsini (Felice), décapité en 1858 pour attentat sur la per¬

346 358 1354 46 sonne de l’empereur Napoléon III. — L. a. s. au commandant

350 400 1348 48 des chasseurs du Haut-Reno; Bologne, 16 juil. 1848, 1 p.

351 448 1346 36 in-4. 8 »

403 490 1256 42 Alors capitaine commandant dans ce corps, et n’ayant pas de lieutenant,

358 532 341 39 propose un candidat.

239 573 1457 48 4048 Paramelle (l’abbé), le célèbre indicateur de sources. — Quit.

351 620 1347 47 aut. sig., 1835, 1 p. in-8. 2 50

398 663 1300 41 Reçu motivé de 30 fr. pour indication de deux sources dans la propriété du

357 703 998 40 marquis de Scorailles, à Villeneuve-d’Agen. Curieuse pièce.

239 746 1460 48 4049 Pedro Ier (don), empereur du Brésil, père de la reine dona

351 792 1347 45 Maria. — L. s. au card. Morazo ; Rio de Janeiro, 2 août 1828,

354 838 1345 46 1 p. in-f., avec sceau. Belle pièce. 7 »

240 886 1459 46 4050 Petit-Didier (J.-Jos.), jésuite, auteur de dissertations cu¬

352 929 1347 46 rieuses, entre autres des Saints enlevés et restitués aux Jésuites, né

352 975 1347 53 près Nancy. — L. a. s. à un évêque.; Nancy, 28 fév. 1719, 2 p.

354 1021 1345 44 m-4. Jolie pièce. 4 50

399 1063 1297 41 Belle lettre relative à l'impression des ouvrages du prélat contre les Jansé¬

359 1105 100 31 nistes.

242 1146 1457 48 4051 Philippeaux (Pierre), conventionnel, député de la Sarthe,

353 1190 1347 48 célèbre par ses rapports sur la Vendée, décapité avec Camille

352 1236 1349 46 Desmoulins. — L. a. s.; Paris, 16 brum. an 2,1/2 p. in-4, ca¬

355 1282 1344 35 chet. 5 »

401 1325 1300 41 « Vos inquiétudes diminuent sur le voisinage des brigands (de la Vendée) : Dieu

360 1366 213 32 soit loué... »

243 1408 1458 47 4052 Pie IX, souverain pontife actuel. — L. sig., avec la souscript.

354 1452 1347 47 aut., comme card. de la Genga; Imola, 25 nov. 1841, 1 p. in-f.

357 1500 1345 43 Très-belle pièce. 12 »

243 1547 1459 46 4053 Pinet aîné, conventionnel montagnard (Dordogne), connu

355 1592 1348 46 par ses missions dans les Landes et l’Ardèche. — L. a. s. au

357 1637 1349 45 général Laroche; Bayonne, 26 vent, an 2, 1/2 p. in-4. 2 50

244 1685 1460 47 4054 Puckler-Muskau (le prince), voyageur et écrivain original.

354 1730 1353 49 — L. a. s., en français, 1835, 1 p. in-8. 2 60

243 1779 1461 46 4055 Quinault (Ph.), poète dramatique, de l’Acad. fr. — Exdono de

356 1824 1348 46 quatre lignes aut. sig., à M. Dupin, cons. du roi, sur une

358 1869 1345 45 garde de livre. Très-rare. 12 »

246 1917 1459 47 4056 Raillon (Jacq.), évêque d’Orléans, de Dijon, puis arch. d’Aix,

357 1962 1349 54 dont Mgr Dupanloup a rappelé le souvenir avec beaucoup

357 2006 1348 46 d’aigreur, né a Bourgoin (Isère). — L. a. s. au bar. Petit de

356 2050 1350 46 La Fosse ; Paris, 1829, 1 p. in-4. Sur sa nomination à l’évêché

358 2095 1350 46 de Dijon. 2 50

247 2145 1457 46 4057 Renan (Ernest), l’auteur de la Vie de Jésus. — Belle pièce aut.

359 2190 1346 45 sig., 17 déc. 1856, 1 p. in-4. 8 »

407 2240 1300 40 Eloge de l'érudition, ou science des détails, base de la philosophie de l'his¬

367 2279 1341 40 toire. « Les résultats généraux, dit-il, qui ne s'appuient pas sur la connaissance

363 2319 1346 39 des détails sont nécessairement creux et factices, au lieu que les recherches par¬

365 2358 1341 40 ticulières, même dénuées de l'esprit philosophique, peuvent être du plus grand

368 2398 143 37 prix... »

248 2440 1456 46 4058 Richter (J.-Paul), le plus original des humoristes allemands.

361 2484 1344 46 — L. a. s., en allemd; Baireuth, 15 sept. 1817, 2 p. in-8. 10 »

409 2534 1297 40 Jolie épitre, k laquelle on a ajouté une lettre de Caroline Richter, née Mayer,

368 2574 1340 39 sa veuve, relative à la traduction en français des œuvres de son mari, qu’elle

369 2612 543 41 appelle le Swift de l'Allemagne.
