1841 2972
926 175 193 37 - 16 -

444 272 1314 38 Très-intéressante lettre toute relative à ses cours publics de minéralogie, et

395 311 1217 40 aux procédés qu'il emploie pour la détermination des espèces minérales.

292 364 1467 47 4413 Hébert (René), substitut du procureur de la Commune de Paris,

403 409 1356 47 célèbre révolutionnaire, qui a donné son nom au parti le plus

404 454 1353 46 exalté. — Pièce sig. ; 23 mars 1793, 2 p. in-f. Rare. 14 »

293 514 1470 46 4414 Heeren (A.-H.-JL.), historien allemand, célèbre par ses tra¬

407 558 1355 47 vaux sur l’antiquité et le moyen âge, corresp. de l’Inst. —

406 603 1353 49 L. a. s., en français, 1 p. in-4. Belle pièce. 4 »

453 648 1310 39 Lettre adressée au traducteur français d’un de ses ouvrages, auquel il annonce

413 686 667 33 l’envoi de la 4e édition de son Manuel.

295 724 1467 47 4415 Hegel (G.-W.-Fréd.), chef de la dernière grande école philo¬

407 769 1355 47 sophique en Allemagne. — Billet aut. sig., 23 déc. 1824,

412 806 1349 54 1 p. in-8. 3 »

297 857 1468 47 4416 Hoefer (J.-Ch.-Ferd.), savant chimiste et historien de la chi¬

409 903 1358 46 mie. — L. a. s.; Paris, 1857, 1 p. in-8. 2 50

454 953 1314 41 Curieuse lettre relative à la biographie générale, de MM. Didot, dont il est

413 993 201 33 le directeur.

299 1030 1466 46 4417 Hortense Beauharnais, reine de Hollande, mère de Napo¬

411 1075 1357 46 léon III. — L. a. s. à sa mère, l’impératrice Joséphine; Saint-

411 1120 1354 46 Leu, 18 sept., 1 p. in-8. Jolie pièce. 20 »

299 1163 1471 48 4418 Houel (J.-P.), peintre et graveur distingué, né à Rouen. —

412 1207 1357 47 L. s. au directeur Treillard (Paris 1797), 2 p. in-4. 4 50

459 1253 1313 41 Intéressante lettre, relative à son Voyage pittor. de Sicile, de Malte et de

403 1292 123 39 Lipari.

301 1331 1467 47 4419 Hugo (Victor), illustre écrivain, de l’Acad. franc. — L. a. s.

413 1375 1355 47 (à M. Gromier); Hauteville-House, 23 juin 1808, 1 p. pl.

414 1412 1355 44 in-8. 8 »

459 1465 1312 40 Belle épître relative au programme libéral de M. M.-A. Gromier pour les élec¬

420 1504 1353 38 tions de 1869. « Je l'approuve, dit-il. Le mien, qui est celui de l’exil, est plus

420 1543 1350 39 radical, mais il a l’inconvénient d'être actuellement impossible. Etant donnée la

423 1583 968 37 situation, votre itinéraire pour en sortir est excellent... »

304 1620 1468 46 4420 Humboldt (Alex, de), un des plus illustres savants de ce

417 1664 1357 48 siècle. — L. a. s., en français, au prince Kosloffski, à Var¬

416 1709 1355 47 sovie; Teplitz, 22 juil. 183o, 1 p. pl. in-f. 5 »

463 1755 1312 39 Lettre intéressante ou il est question de la réception gracieuse que vient de

423 1793 1351 40 lui faire l’empereur de Russie, qui s’est souvenu des services qu'il a voulu lui

427 1833 837 40 rendre en parcourant la Sibérie a l'âge de 60 ans.

306 1876 1467 45 4421 Ingres, le grand peintre d’histoire. — L. a. s. à M. Ferd.

421 1919 1354 48 Servais, à Rome, 1 p. in-4. 6 »

465 1966 1313 39 Jolie lettre, qui consiste en ces quelques mots: « Je suis on ne plus fâché de ne

421 2006 1356 39 pas pouvoir me faire ouvrir les portes du Vatican : je n'ai aucun pouvoir humain

421 2046 198 38 pour cela. »

311 2093 1468 51 4422 Isabelle II, reine d’Espagne, détrônée en 1868. — L. s. au car¬

423 2137 1355 47 dinal Giovanni; Madrid, 1849, 1/2 p. in-f. oblong. Plus une

425 2182 1354 47 l. s. du roi son époux, don François d’Assise, au même; Madrid,

427 2227 1351 45 1849, 1/2 p. in-f. oblong. Belles pièces. 12 »

314 2275 1464 46 4423 Janin (Jules), le prince des Critiques. — L. a. s. au musicien

426 2320 1356 46 belge Haumann ; Lyon, 1834, 1 p. in-8. 1 50

316 2372 1465 46 4424 Jean II, roi d’Aragon et de Navarre, mari de Blanche de

428 2413 1353 51 Castille, père de Ferdinand le Catholique. — L. s. au duc de

427 2461 1352 45 Milan; 12 mai 1456, 1/2 p. in-f., sceau. Rare. 14 »

316 2513 1465 46 4425 Joseph II, empereur d’Allemagne, le hardi réformateur de

427 2557 1354 47 son pays. — L. s., en allemand, 1762, 1 /4 de page in-4. 3 »

319 2607 1463 47 4426 Joséphine, impératrice des Français. — L. s. au général
