1850 2972
835 174 191 38 - 18 -

200 268 1461 48 4235 Longueville (Anne-Genev. de Bourbon, duchesse de), la

312 313 1345 47 grande Frondeuse, dont M. Cousin a écrit la vie. — L. a. s.

311 359 1349 47 au cardinal de Retz; 30 juil. 1677, 2 p. 1/2 in-8. Légère dé¬

311 400 1347 40 chirure. Rare. 35 »

347 445 1313 43 Elle lui exprime sa joie de son retour de Rome, où il était allé assister au

316 486 146 31 conclave.

200 533 1461 56 4236 Louise de Savoie, duchesse d’Angoulême, mère de Fran¬

311 578 1347 49 çois Ier, régente de France. — L. a. à Michelle de Saubonne,

313 623 1345 48 1 p. in-4; trace de cachet. Superbe pièce. 15 »

357 668 1303 40 Elle envoie le porteur de cette lettre devers la reine pour savoir de ses nou¬

318 708 1343 41 velles, ce qui plus lui donne d’aise après ses bonnes grâces. « Si je ne craignois

316 746 1344 42 de vous importuner, ajoute-t-elle, il ne se passeroyt guères de jours que vous ne

324 788 827 39 vous aperseussiés de ma mauvaise escripture... »

199 834 1461 49 4237 Louise-Marie de France, fille de Louis XV, religieuse car¬

309 878 1350 50 mélite, dont l’abbé Proyart a écrit la vie. — L. a. s.;

308 925 1353 46 20 sept. 1779, 1 p. pl. in-4, cachet à ses armes. 3 50

201 978 1459 48 4238 Louvet (J.-B.), conventionnel, auteur du roman de Faublas.

308 1022 1351 47 — L. s. de lui, Doulcet, Henry Larivière, J. Debry et Cambacérès,

310 1066 1349 49 membres du Comité de Sal. publ., au gén. Kellermann;

314 1111 1344 48 II therm. an III, 2 p. in-4. 4 »

199 1166 1462 49 4239 Mac-Clellan, illustre général en chef des troupes de l’Union

309 1210 1351 53 américaine pendant la dernière guerre. — L. a. s. à Vatte¬

311 1256 1344 47 mare; Washington, 23 août 1848, 1 p. in-4. 5 »

355 1305 1305 42 Envoi d’exemplaires de la carie de la campagne du Mexique en 1847, à la¬

316 1344 525 41 quelle il prit une glorieuse part.

201 1388 1462 54 4240 Mairet (Jean), célèbre poète dramat., le réformateur de la

311 1438 1349 50 tragédie en France, précurseur de Corneille, né à Besançon.

311 1484 1353 47 — L. a. s. aux gouvernrs de la Franche-Comté et de Bour¬

315 1528 1347 56 gogne; Paris, 30 mai 1653, 1 p. pl. in-f., cachet. Une tache

311 1568 1351 51 dans une marge et une déchirure dans un angle enlevant

311 1616 1350 48 quelques mots d’un post-scriptum. Autographe de toute ra¬

315 1662 1346 34 reté. 30 »

359 1704 1305 41 Pièce historique très-intéressante. — Mairet, alors président du parlement de

320 1742 1342 42 Dôle à la cour, mande que le maréchal de La Ferté so proposait d'entrer en

320 1782 1345 41 Franche-Comté, au mépris du traité de neutralité (qu’il avait conclu lui-même

319 1822 1343 41 avec Mazarin, au nom de cette province). Il vient de parer le coup, et on lui a

320 1862 1345 33 montré à la cour les lettres du roi et du comte de Brienne donnant contre-ordre

320 1900 1345 40 au maréchal. Il donne des nouvelles de Bordeaux, qui est serré de près, et dont

321 1937 1338 43 les habitants viennent d'envoyer à Londres des députés pour avoir du secours.

324 1978 1340 41 « Le premier courrier, ajoute-t-il, nous dira peut estre quelle aura esté leur ré¬

319 2017 1343 42 ception et leur audience dans le parlement. L’air du bureau est desja pour eux. »

321 2055 1346 42 (Cromwel n’accorda point les secours demandés, et Bordeaux se soumit le

320 2095 169 39 31 juillet.)

204 2144 1461 48 4241 Marchand (le baron), valet de ch. de Napoléon Ier, qu’il

315 2187 1350 47 suivit à Sainte-Hélène, auteur de Mémoires. — L. a. s., 1836,

319 2232 1345 45 1 p. in-8. 2 »

206 2288 1459 44 4242 Marie-Amélie, reine des Français. — L. a. sig. A., 1839,

322 2327 1346 50 1 p. in-18. 1 50

206 2386 1461 47 4243 Marmontel (J.-F.), célèbre littérateur du XVIIIe siècle, de

318 2431 1348 48 l’Acad. fr., né à Bord (Creuse). — L. a. s. à l’abbé Desaunays ;

319 2476 1347 47 Paris, 25 avril 1787, 1 p. pet. in-4. 12 »

366 2527 1298 48 Relative à la première édition de ses œuvres complètes, donnée, par lui-même.

326 2565 1344 41 On a fait autrefois un recueil de petites pièces composées dans son jeune âge

326 2604 1344 42 (Recueil de quelques pièces fugitives, 1756, in-12). Peut-être trouverait-il,

327 2644 1344 41 pour la collection de ses œuvres, quelques bribes dans ces bagatelles; mais ce
