1850 2972
899 138 192 39 - 20 -

274 236 1457 49 161 Pétion (Alexandre), président de la république d’Haïti, le

358 280 1372 51 Washington de sa patrie. — Pièce sig. 1814. 1 p. 1/2 in-f.

359 327 1371 38 Rare. 4 »

273 376 1454 49 162 Pigault-Lebrun, le célèbre romancier populaire, né à Calais.

359 421 1372 48 — L. a. s., 1815, 1 p. in-4. 3 »

272 472 1457 47 163 Pongerville (Sanson de), traducteur de Lucrèce, de l’Acad. fr.,

359 516 1373 50 né à Abbeville. — L. a. s. à A. Comte, 1838, 3 p. in-8. 1 50

276 567 1455 49 164 Pontmartin (Arm. de), célèbre critique et romancier contem¬

361 612 1374 49 porain, né à Avignon. — L. a. s., 1 p. in-8. 1 50

276 663 1458 48 165 Potocki (le comte Jean), célèbre voyageur et savant écrivain

360 707 1370 52 sur les antiquités slavo-polonaises. — L. a. s., en français, 1 p.

362 748 1371 51 in-f. Une petite tache. Rare. 5 »

402 798 1331 41 Intéressante épître relative aux objets recueillis dans son voyage en Chine et en

365 836 125 32 Sibérie.

276 883 1458 46 166 Poujoulat (J.-J.-F.), savant historien, auteur, avec Michaud,

360 927 1372 46 de la Bibliothèque des Croisades, né dans les Bouches-du-Rhône.

359 973 1376 48 — L. a. s. 1848, 1 p. 1 /2 in-8. Relative à son Histoire de Saint-Au¬

362 1020 1377 40 gustin. 1 50

276 1069 1462 47 167 Praslin (le duc de), député de Melun, pair de France, assassin

361 1113 1376 48 de sa femme. — L. a. s. 1842, 1 p. in-12. 3 »

278 1165 1460 48 168 Proudhon (P.-J.), le célèbre écrivain socialiste, né à Besançon.

360 1203 1378 53 L. a. s. à M. Mazel ; Sainte-Pélagie, 6 fév. 1852, 4 p. 1/4 in-8. Un

365 1254 1372 46 peu tachée. 6 »

406 1299 1333 40 Epître fort curieuse relative à la mise en pratique de sa Banque du peuple par

368 1340 1375 39 une société. Soupçonné de renoncer à ce projet et de voir avec jalousie que d’autres

362 1379 1375 40 le réalisent, il expose ses « vraies intentions et ses espérances les plus secrettes. »

364 1420 1373 39 Que la chose se fasse avec lui ou sans lui, qu’importe, pourvu qu’elle se fasse;

364 1459 1374 39 mais il veut y rester étranger matériellement, occupé qu’il est de bâtir en ce mo¬

366 1500 1372 38 ment la science économique, la philosophie de la production et de la consomma¬

364 1538 1373 40 tion. «Que me parlez-vous, s'écrie-t-il, de météore d’anarchie, etc. ? Laissez-moi

365 1579 1373 39 le soin de ma propre renommée... Je vous aiderai si je puis, et de grand cœur :

367 1618 1373 41 ce que je n’eusse pas fait, je vous l'avoue, il y a deux ans, il y a six mois (avant

367 1657 272 36 le 2 décembre.)»

281 1702 1456 47 169 Quinet (Edgar), célèbre historien, représentant de l’Ain en

369 1748 1368 46 1848. — L. a. s. à M. Gromier; Vrytaux, 1868, 3 p. in-8.

366 1793 1375 46 Epître politique sur les élections de 1869. 2 50

282 1843 1458 47 170 Raffet, peintre et dessinateur original, célèbre par ses types

368 1889 1373 46 militaires. — L. a. s., 1 p. in-8. 2 50

282 1939 1456 47 171 Reinhard (F.-Volkmar), célèbre prédicateur et théologien

367 1984 1372 47 allemand. — L. a. s. à Stoudlin; Dresde, 19 sept. 1792, 4 p.

369 2030 1369 35 in-4. 2 »

407 2075 1336 40 Très-intéressante épître où il développe ses idées sur l’histoire de la morale

368 2115 177 32 chrétienne.

284 2159 1457 48 172 Robbé (P.-H.), fameux poète ordurier du XVIIIe siècle, familier

368 2205 1373 47 de la Du Barry, pensionné par Louis XV, né à Vendôme, mort

369 2250 1369 46 en 1792. — L. a. s. à Baculard d’Arnaud, 1 p. in-8. 3 »

283 2295 1456 47 173 Rosati (Carolina), célèbre danseuse italienne, née à Bologne

369 2341 1372 49 en 1827. — L. a. s., en français, 1 p. in-8. 2 »

282 2385 1459 48 174 Rothelin (l’abbé Ch. d’Orléans de), littérateur et savant numis¬

371 2432 1369 46 mate, de l’Acad. fr. — Pièce aut. sig. ; Moncy, 20 nov. 1732,

375 2477 1366 45 1 p. in-4. 4 »

413 2521 1225 41 Acte de vente de deux arpents de bois de sa garenne de Moncy-le-Vieux.

286 2559 1460 48 175 Rouher (Eug.), célèbre ministre de Napoléon III. — L. s. à

372 2607 1372 47 M. Drouyn de Lhuys, 1851, 1 p. in-4. 2 50
