1841 2972
844 171 191 37 - 20 -

373 267 1313 40 Epître très-intéressante. Il envoie au ministre le mémoire qu'il lui a demandé

332 308 1351 38 sur les dispositions actuelles de la Russie envers la Courlande, et lui propose

334 346 1349 39 des détails sur toutes les parties de l'Allemagne. Il peut les lui fournir au pre¬

335 385 1345 39 mier mot, ayant fait beaucoup de recherches sur ces pays dans son dernier voyage.

336 424 1348 39 « Vous avez su, dit-il, doubler mes forces, en prêtant à ma curiosité naturelle

334 464 1349 38 l’émulation et l'énergie de la reconnaissance. » Mais il a à lui communiquer un

338 501 1346 39 travail autrement important, « sur le grand et vraiment sublime objet, dit-il,

336 536 1348 44 que vous avez médité avec tant de génie et de patriotisme (l'égale répartition de

334 580 1347 39 l’impôt). » Il faut qu'ils lisent ensemble ce mémoire, et il lui demande son jour.

338 619 1346 39 Le temps presse « pour hâter cette institution, qui sera le plus ferme rempart

333 658 1251 39 de l’autorité royale, comme la plus abondante des sources des finances .. »

217 705 1467 46 4255 Mirabeau (Boniface, chevalier, puis vicomte de), dit Mira-

330 750 1355 52 beau-Tonneau, frère du grand orateur.— L. a. s. le chevalier de

330 794 1354 47 Mirabeau, à sa sœur; le Bignon, juil. 1773, 1 p. in-4. Rare. 7 »

375 844 1310 40 Curieuse épître, dans laquelle il parle de son père et d une comédie bour¬

338 884 469 39 geoise qu’il veut faire jouer.

218 931 1466 47 4256 Moncrif (Paradis de), spirituel littérateur du XVIIIe siècle,

330 976 1356 46 de l’Acad. fr., auteur de l'Hist. des Chats. — L. a. s.; Versailles,

334 1021 1350 47 14 juil., 1 p. in-4. 7 »

375 1071 1313 40 Belle épître, probablement adressée a Malesherbes, relative à la censure de

340 1110 1348 41 deux ouvrages, dont l'un, intitulé Réflexions morales ou les Maximes de La

340 1149 1348 40 Rochefoucauld mises en vers, est de Mme de Saint-Cyr, épouse du maître des

341 1191 319 35 requêtes honoraire.

222 1237 1462 48 4257 Montholon (le gén.), compagnon d’infortune de Napoléon Ier.

332 1282 1356 47 — L. a. s., 1853, 1 p. in-8. 1 50

223 1337 1464 50 4258 Montolieu (la baronne de), célèbre romancière, auteur de

335 1381 1353 46 Caroline de Lichtefield. — L. a. s. au libraire Paschoud; Lau¬

335 1427 1353 46 sanne, 1811, 1 p. 1/4 in-4. Relative à ses Contes. 2 50

223 1481 1467 46 4259 Montpensier (Anne-M.-L. d’Orléans, duchesse de), la grande

335 1526 1352 43 Mademoiselle, héroïne de la Fronde, auteur de Mémoires. — L. a.

336 1570 1353 46 s. à Colbert; Versailles, 7 av. 1671, 2 p. pl. in-4, cachets

338 1614 1350 36 brisés. 20 »

225 1669 1465 46 4260 Moreau (Elise), Mme Gagne, célèbre femme poète. — O ! Mia

336 1713 1352 48 Madre ! Jolie pièce de vers aut. sig., mars 1837, 3 p. in-8. 2 »

225 1769 1467 47 4261 La même. — L. a. s., 1840, 1 p. in-8, cachet. 1 25

225 1823 1465 46 4262 Morgan (lady), célèbre romancière irlandaise. — L. a. s.,

342 1861 1346 52 1 p. in-8. 2 »

227 1922 1466 48 4263 Morghen (Raphaël), célèbre graveur italien. — L. s., avec la

334 1967 1357 47 souscript. aut., au peintre F. Gérard ; Florence, 1816, 1 p.

339 2012 1353 35 in-4. 2 »

383 2062 994 38 Relative à une gravure dont Gérard lui a confié l'exécution.

229 2110 1467 47 4264 Murat (Joachim), roi de Naples. — L. s. Joachim Napoléon, à

340 2154 1352 48 l’intendant de la Calabre Citra; Naples, 26 avril 1809, 1 p.

347 2199 1347 43 1 /2 in-4. 4 »

390 2248 1306 41 « Les Autrichiens viennent enfin de nouveau de jeter le gant, et 500,000 braves

350 2287 1345 41 vont le ramasser. Nos ennemis ont déjà passé l'lnn et l’Izonzo. Les armées de

350 2327 1347 40 l'Empereur se concentrent sur le Tagliamento, sur l’Inn et les frontières de

349 2366 1347 40 la Bohême. L’Empereur est déjà à la tête de ses armées d’Allemagne,

352 2405 1345 41 J'espère que je ne tarderai pas à recevoir la nouvelle de quelque grand événe¬

353 2446 701 37 ment. Vigueur et activité, et tout ira bien.

235 2497 1463 54 4265 Napione (J.-F.-Gaboni), savant piémontais, célèbre par ses

349 2541 1349 45 paradoxes. — L. a s. à Mad. Paroletti ; dol Rubatto, 1813,

353 2586 1343 45 1 p. in-4, cachet. 3 »

395 2636 1251 42 Curieuse lettre relative à son Essai sur la pairie de Christophe Colomb.
