1802 3007
776 160 197 62 - 19 -

302 263 1300 41 Curieuse lettre dans laquelle il se plaint que son discours d'ouverture de la

261 303 815 39 diète a été mal traduit par les gazetiers français.

153 346 1450 48 4005 Guyon (Emélie), célèbre tragédienne du théâtre Français. —

257 384 1348 54 L. a. s. (à Mme Roger de Beauvoir), 1 p. in-8. 1 50

146 434 1457 48 4006 Halévy (F.), célèbre compositeur, auteur de la Juive. — L. a.

256 480 1350 45 s. à M. Désarbres, 1 p. in-18. 1 25

146 524 1457 47 4007 Hallam (Henry), savant historien anglais. — L. a. s., 1 p.

259 570 1345 36 in-12. 2 »

145 611 1458 48 4008 Haller (Albert de), illustre savant du XVIIIe siècle. — L. a.

257 656 1344 46 s., en latin, au célèbre botaniste Burmann; Roche, 9 fév. 1761;

259 700 1349 48 beau cachet à ses armes, dans lesquelles se trouve un jet

259 746 1345 45 d’eau, avec cette devise: Fecundat et Ornat. 8 »

305 790 1302 41 Epître toute relative à la botanique, et au verso de laquelle est la minute de

266 832 400 39 la réponse de Burmann.

148 874 1458 47 4009 Harlay (Achille de), magistrat illustre par sa fermeté pen¬

261 919 1345 47 dant la ligue. — Belle quit. sig., sur papier, 1607, 1/4 p.

259 964 1349 36 in-f. 2 50

149 1007 1457 52 4010 Hauy (Valentin), célèbre instituteur des aveugles, né en Pi¬

260 1053 1349 45 cardie. — L. a. s. à un membre du directoire du département

263 1098 1343 45 de Paris; 28 janv. 1792, 3 p. in-4. 3 »

306 1137 1301 42 Curieuse lettre de récriminations contre l’abbé Sicard, son confrère à la direc¬

269 1182 538 38 tion de l’Institution des aveugles.

150 1225 1456 47 4011 Havin (L.), député de la Manche, directeur politique du

261 1270 1345 46 Siècle, mort en nov. 1868. —L. a. s. à M. Page; Paris, 6 sept.

265 1315 1345 46 1848, 1 p. pet. in-4. 2 50

308 1359 867 40 Il demande la mise en libellé d’un prévenu de Juin.

151 1403 1456 47 4012 Hortense, reine de Hollande, mère de Napoléon III. — L. a.

261 1449 1345 46 s., Rome, 8 janv. 1829, 1 p. pl. in-8., un peu rognée. 25 »

308 1494 1302 39 Curieuse épine à une dame qui publie des mémoires sur l'impératrice José¬

269 1533 1342 39 phine, et qui demande des documents. La reine refuse de lui en communiquer

270 1572 1340 39 aucun, lui reprochant d’avoir admis dans son 1er volume des lettres fausses du

269 1612 1343 39 recueil publié par Régnault-Warin, que le prince Eugène désavoua par une lettre

267 1650 1344 40 dans les journaux du temps. « Il me semble, ajoute la reine, que la délicatesse

265 1690 1345 39 et la finesse de goût d'une femme bien élevée comme vous ne devraient pas s’y

267 1733 186 35 tromper. »

150 1773 1460 47 4013 Ingres, le grand peintre d’histoire. — L. a. s. à M. Elwart,

262 1818 1345 46 compositeur de musique; 19 nov. 1855, 1 p. in-8. 6 »

148 1868 1461 46 4014 Jefferson (Thomas), illustre président des Etats-Unis. — L.

262 1912 1348 45 a. s. à Jos. Tenwick, consul des Etast-Unis à Bordeaux; Phi¬

263 1956 1346 47 ladelphie, 27 juil. 1793, 1/2 p. in-4. Belle pièce. 14 »

308 2002 1302 40 M. Livingston se rendant en France pour y établir des relations commerciales,

268 2041 1344 40 il prie le consul de lui donner tous les renseignements dont il pourra avoir

269 2081 112 30 besoin.

151 2118 1461 48 4015 Joly de Fleury (Guil.-Fr.), procureur général au parlement

261 2163 1350 47 de Paris après d’Aguesseau, un des principaux organisateurs

263 2206 1347 49 du dépôt des Chartes. — L. a. s. (à M. de Lamoignon) ; 3 oc¬

263 2252 1346 46 tobre 1718, 2 p. in-4. Belle pièce. 2 »

151 2296 1459 47 4016 Joseph II, empereur d’Allemagne, célèbre par ses réformes.

263 2341 1347 50 — L. s. avec la souscript. autog., en français, au prince

264 2385 1346 47 (Esterhasy ?); Vienne, 1779, 1 p. in-4. Belle pièce. 7 »

152 2435 1459 47 4017 Joséphine, impératrice des Français. — L. s. au ministre

264 2480 1346 46 de l’intérieur; Malmaison, 11 sep. 1809, 1/2 p. in-4. 10 »

151 2524 1459 49 4018 Judith (Mlle), célèbre comédienne du Théâtre-Français. — L.

264 2562 1346 52 a. s., 1 p. in-8. 2 »

152 2613 1459 45 4019 Kléber, illustre général de la République. — L. a. s. au Di¬

265 2657 1345 46 rectoire exécutif; Paris, 25 nivôse an VI, 1 p. in-f. Belle
