1841 2972
850 187 198 38 - 14 -

219 284 1460 54 4191 Dibdin (Th.-Frognall). le plus grand bibliographe de l’Angle¬

328 329 1350 46 terre. — L. a. s. a Renouard ; Kensington, 8 juillet 1813, 1 p.

331 372 1346 43 in-4, cachet à son chiffre. 3 »

377 418 1301 39 Envoi de son Spenceriana pour divers bibliophiles. Il aime M. Peignot, qui

338 456 1343 40 est le plus brave des hommes, et il espère qu'il voudra bien lui écrire, de même

339 496 824 39 que M. Van Pract. Quelques mots sur des Aldes.

223 544 1456 47 4192 Le même. — L. a. s. au même; Kensington, 16juin 1814, 2 p.

333 588 1349 45 in-8, cachet à l’encre, avec le mot Aldus. 3 50

384 634 1298 40 Relative à sa Bibliotheca spenceriana dont il ne peut plus fournir que

339 673 1344 39 6 exemplaires, en les augmentant de 8 liv. 8 sb. Le prix primitif était de

344 712 1337 41 15 liv. 15. Il regrette de n’avoir pas eu la bonne fortune de voir M. Crapelet, etc.

224 755 1458 48 4193 Le même. — L. a. s. au même ; Brigton, 30 juin 1814, 3 p.

337 800 1343 43 1 /2 in-4. 6 »

380 844 1304 41 Epitre très-intéressante, dans laquelle il réfute les critiques dont sa Bibliotheca

341 884 1343 40 spenceriana a été l'objet, critiques résumées en ces mots : « De vielles formes

341 924 1343 39 de lettres sur du papier tout moderne est un anachronisme que nous

341 963 1343 39 trouvons tout à fait singulier. » Selon lui, les bibliographes parisiens raisonnent

342 1001 1344 40 fort mal sur les vieux livres à figures et à lettres ornées. Néanmoins, il se pro¬

344 1041 1342 40 pose de leur rendre visite prochainement, dans le voyage qu’il va entreprendre

343 1080 1342 39 avant la publication de son Decameron, et il se propose même de demander

345 1119 1338 38 leurs portraits à MM. Van Praet, Renouard, de Dure, Brunet et Barbier. Curieux

338 1158 1346 40 détails sur un Aristote des Aldes qu’il laisse pour compte à Renouard comme

344 1197 181 32 défectueux.

227 1246 1454 55 4194 Le même. — L. a. s. au marquis de Châteaugiron; Londres,

336 1291 1346 47 7 mai 1834, 1 p. in-4, cachet à son chiffre. 3 »

386 1335 1298 43 Relative à son Voyage bibliog. en Angleterre, en Ecosse et en Irlande,

345 1375 938 41 dont le prospectus est imprimé sur une page de la lettre.

230 1425 1456 45 4195 Ducray-Duminil, le charmant romancier enfantin, auteur

341 1469 1345 47 de Victor ou l’Enfant de la foret. — L. a. s. à Capelle, 1808, 1 p.

340 1513 1345 39 in-12. Relative au Caveau moderne. 2 »

232 1569 1454 47 4196 Dumas (Alex.), le grand romancier. — L. a. s. à un ministre,

341 1613 1348 36 in-8. 1 50

232 1664 1456 47 4197 Dupanloup (Félix), célèbre évêque d’Orléans. — L. s., 1856,

345 1708 1344 45 1 p. in-8. 1 25

231 1757 1458 50 4198 Favre (Jules), le célèbre orateur, de l’Académie française.—

341 1795 1346 55 L. a., sig. Jules, à un ami, 1853, 1 p. in-8. J 2 »

232 1856 1458 49 4199 Fellenberg (Ph.-Emel.) illustre philanthrope suisse, fonda¬

343 1902 1345 47 teur de l’Institut d’Hofwyl, corresp. de l’Institut de France.

342 1945 1350 49 — L. a. s. au général Vial, ambassadeur en Suisse ; 1er janvier

349 1992 1340 44 1 p. 1/2 in-4. 5 »

396 2036 1297 40 Relative à son Institut d’Hofwyl. A cette lettre est jointe lit minute de

356 2075 1337 40 la réponse du général Vial, et la copie d’une lettre de C. Pictet à François de

355 2115 957 39 Neufchâteau, pièces très-intéressantes sur cette institution.

236 2163 1458 48 4200 Ferdinand III, empereur d’Allemagne, qui continua la

346 2209 1349 48 guerre de trente ans, et signa la paix de Westphaiie, qui ga¬

345 2254 1348 46 rantit la liberté de conscience à l’Allemagne. — L. a. s., en

346 2296 1346 48 italien, à Louis XIV; Vienne, 24 juin 1656,2 p. in-f. 6 »

394 2343 1302 39 Lettre politique d’un haut intérêt. — L’empereur proteste de sa ferme volonté

353 2382 1343 41 à maintenir les conditions de la paix de Munster (signée en 1618), et il assure le

352 2421 1344 39 roi qu'il n’est pour rien dans la lenteur des négociations de Francfort. Malgré

354 2459 1342 42 les hostilités commencées entre l'Espagne et la France, il ne perd pas l’espoir de

354 2499 1343 41 voir la paix se rétablir. (En ce moment, Mazarin négociait avec Madrid pour le

355 2537 1340 41 mariage de l’infante Marie-Thérèse avec le roi, pendant que Ferdinand lll de¬

356 2579 881 38 mandait cette même princesse pour son fils Léopold.)

240 2621 1457 47 4201 Feuchères (Sophie Dawes, baronne de), maîtresse du dernier

350 2665 1346 48 des Condé. — L. a. s., en anglais, à Georges Manby; Saint-
