1793 3007
788 192 194 38 - 13 -

156 289 1463 45 4383 Du Bary (la comtesse), fameuse maîtresse de Louis XV. —

267 332 1351 48 Billet sig., 1 p. in-8. Jolie pièce. 15 »

157 378 1465 52 4384 Du Bellay (le cardinal Jean), illustre prélat, ambassadeur à

268 421 1353 49 Rome, protecteur de Rabelais. — L. sig., avec la souscript.

270 465 1351 49 et 2 lignes aut., au roi (Henri II) ; Rome, 16 sept. 1548, 2 p.

270 509 1351 43 in-f., trace de cachet. 10 »

337 555 1285 40 Belle pièce politique, on partie en chiffres, concernant Octave Farnèse et son

276 594 1346 40 duché de Plaisance, dont Charles-Quint s’est emparé et qu'il ne veut plus rendre.

160 633 1463 46 4385 Dufaure (J.), célèbre avocat et homme d’état, de l’Acad. Franc.

271 672 1352 51 — L. a. s., 1839, 1 p. in-8. 2 »

161 721 1464 47 4386 Dumas (Alex.), le grand romancier. — Touchante pièce de

271 766 1354 46 vers, autog. sig., sur la mort d’un enfant, 2p. in-8. 2 »

161 810 1465 47 4387 Dumas (J.-B.), savant chimiste contemporain, homme

295 853 1331 47 d’état, né à Alais. — L. a. s. à Ach. Comte, 1/2 p. in-f. Relative

252 898 1374 44 à la publication des œuvres de Lavoisier. 2 »

162 943 1466 47 4388 Dumont-d’Urville (l’amiral), illustre et infortuné naviga¬

274 987 1353 45 teur, né à Condé-sur-Noireau. —L. a. s. (à Lamouroux, bota¬

275 1031 1351 47 niste) ; Toulon. 21 mars 1819, 1 p. pl. in-4. 6 »

320 1076 1307 40 Relative à la botanique et à son départ pour l’expédition scientifique de l'Ar¬

277 1116 1353 40 chipel. « Notre destination dans le Levant, dit-il, est de rectifier la position des

280 1155 1351 39 côtes par des observations agronomiques... Vous pouvez bien penser que tout

280 1194 1148 39 le temps que je pourrai dérober à Uranie sera consacré à Flore... »

165 1232 1465 47 4389 Elgin (lord Th.), antiquaire anglais, fameux par l’enlève¬

277 1277 1355 49 ment des bas-reliefs du Parthénon. — L. a. s., en français, à

277 1315 1352 53 Alex. Vattemare; Londres, 26 nov., 2 p. in-8. 5 »

323 1367 1307 39 Un rieuse lettre relative ii la réception de Vattemare par le général Cass,

285 1406 479 33 ambassadeur des Etats-Unis.

166 1445 1467 46 4390 Ernest (l’archiduc), gouverneur des Pays-Bas, élevé à la

278 1489 1355 47 cour de Philippe II. — L. a. s., en espagnol, à la reine Cathe¬

280 1534 1353 46 rine de Médicis; Madrid, 3 mai (1569), 1/2 p. in-f., fragment

280 1579 1350 36 de cachet. Rare. 6 »

325 1623 1306 40 Relative à la mort de lu reine d’Espagne (Elisabeth de France, fille de Henri II

284 1659 1348 42 et de Catherine de Médicis, troisième femme de Philippe II). « Je l’aimais, dit-il,

285 1701 1350 40 comme une véritable, mère. » Il fera ce que la reine voudra bien lui mander par

286 1741 484 32 le canal du cardinal de Guise.

169 1784 1469 46 4391 Estrées (Gabrielle d’), duchesse de Beaufort, la célèbre maî¬

279 1825 1353 49 tresse de Henri IV. — Belle pièce 2 fois sig. ; Paris, 31 déc.

283 1874 1348 46 1598, 1 p. 1/4 in-f. 40 »

326 1917 1310 40 Indemnité de 48,000 livres donnée par Gabrielle d’Estrées à N. de Mail¬

285 1958 99 32 lerais.

170 2001 1465 45 4392 Estrées (le card. César d’), évêque de Laon, ambassadeur de

283 2046 1347 43 Louis XIV à Rome, un des auteurs de la Guirlande de Julie,

283 2090 1352 43 memb. de l’Acad. franc. — L. a. s. (à Marie-Casimire, reine

283 2127 1351 54 de Pologne); Fontainebleau, 12 oct. 1699, 4 p. pl. in-4. 12 »

330 2179 1307 40 Belle et intéressante épître relative, à l’ordre du Saint-Esprit accordé par

291 2219 770 39 Louis XIV aux princes fils de Marie-Casimire.

173 2262 1464 46 4393 Eugène de Savoie (le prince), illustre généralissime des

283 2306 1352 47 armées impériales.—L. s., en italien, à Piccolomini; Vienne,

287 2353 1347 45 1727, 1 p. in-f. Belle pièce. 3 »

173 2400 1463 47 4394 Fabricius (Fr.), célèbre théologien hollandais, recteur de

285 2445 1351 53 l’Académie de Leyde. — L. a. s., en latin, à Guil, de Water;

284 2491 1352 46 Leyde, 1736, 4 p. in-4. 2 »

171 2539 1466 47 4395 Farnèse (Alexandre), grand capitaine, duc de Parme, gou¬

279 2583 1355 47 verneur des Pays-Bas, un des vainqueurs de Lépante, qui

278 2623 1359 52 chassa le duc d'Anjou de la Flandre et fit lever à Henri IV le
