1850 2972
879 171 193 40 - 18 -

253 269 1462 47 129 Mercier (L.-Séb. ), conventionnel, littérateur, de l’Acad. fr.,

335 315 1380 46 auteur du Tableau de Paris. — Billet aut. sig. au lib. Buisson,

343 361 1376 34 1791. 2 50

254 408 1464 49 130 Meyerbeer (G.), illustre compositeur. — L. a. s., en français

338 454 1377 51 à M. Gouin; Dieppe, 12 août 1835, 2 p. in-4. 6 »

379 500 852 41 Très-belle lettre relative à une répétition à l’Opéra.

256 544 1464 47 131 Michel (Cl.-Et., baron), général, commandant les grenadiers

338 589 1382 52 de la garde, nui aurait prononcé à Waterloo le fameux mot at¬

340 631 1381 54 tribué à Cambronne par Victor Hugo, né dans le Jura. — Apos¬

340 679 1380 46 tille autog. sig., 1 p. in-18. 3 »

258 729 1466 46 132 Millin (L.), savant antiquaire, de l’Institut. — L. a. s. à

342 774 1382 45 M. Fischer, (1815), 1 p. in-4. 2 50

385 820 1339 40 Curieuse épitre dans laquelle il parle de l’incendie de sa précieuse bibliothèque,

346 859 934 40 dont la destruction partielle lui causa un grand chagrin.

259 904 1465 45 133 Le même. — L. a. s. à M. Guillemot, à la Rochelle; Biblio¬

344 949 1380 46 thèque du roi, 1817, 2 p. in-4. 3 »

386 995 1340 39 Relative à un échange de médailles entre un particulier et le Cabinet des mé¬

346 1034 1380 41 dailles, dont il était conservateur. Il explique comment ces échanges ont ordinai¬

346 1074 196 31 rement lieu.

263 1118 1465 47 134 Monge (Gaspard), illustre géomètre, né à Beaune. — L. a. s.,

349 1163 1380 47 10 mess, an II, 1 p. in-4. 7 »

264 1214 1467 46 135 Montfaucon (Bernard de), illustre bénédictin, auteur de

347 1259 1381 47 l'Antiquité expliquée, né près de Narbonne. — L. a. s. (au card.

348 1304 1380 46 de Bouillon); Paris, 21 oct. 1707, 3 p. in-4. 15 »

389 1349 1342 41 Très-belle lettre sur sa Paléographie grecque. ouvrage qui est bien accueilli du

350 1383 1379 47 public. Ils sont en deuil de la mort de Dom Ruinard, et lui en particulier, qui

350 1429 826 40 avait une grande amitié pour ce savant religieux.

264 1473 1468 47 136 Montholon (le général de), compagnon d’infortune do Napo¬

349 1518 1380 48 léon 1er, puis de Napoléon III. — L. a. s.; citadelle de Ham,

352 1564 1381 47 1842, 1 p. in-8, cachet à ses armes. 2 50

267 1619 1467 47 137 Moreau (Elise), célèbre femme poète, née près de Niort.—

349 1665 1384 46 L. a. s. ; Parthenay, 1838, 3 p. in-8. 2 »

392 1710 1161 41 Charmante épître sur ses succès poétiques et la société de Parthenay.

269 1760 1466 47 138 Morlot (F.-N.), cardinal-archevêque de Tours, puis de Paris,

362 1805 1374 48 né à Langres, mort en 1863. — L. a. s.; Tours, 19 fév. 1855,

358 1852 1378 45 1 p. 1/2 in-8. 2 50

398 1896 1271 40 Il refuse à un peintre de faire figurer son portrait à l’exposition universelle.

271 1945 1466 48 139 Morone (Jérôme), premier ministre de Maximilien et de

353 1991 1385 49 François Sforce, politique cauteleux, tour à tour ligué avec

353 2030 1386 56 Charles-Quint et Léon X, avec François Ier et avec le conné¬

353 2081 1386 48 table de Bourbon, qu’il suivit au sac de Rome. — Belle pièce

354 2127 1385 47 sig.; Milan, 15 nov. 1521, 1 p. in-f. Rare. 5 »

272 2179 1468 50 140 Napoléon 1er, empereur des Français. — Brevet sig. sur vélin,

358 2220 1382 53 avec la belle vignette de Roger, an XI, in-f. 3 »

273 2280 1468 49 141 Le même. — L. sig. N, au baron de la Bouillerie; Paris,

356 2319 1384 55 24 janv. 1814, 1/2 p. in-4. 6 »

400 2372 1345 40 Ordre de compter 500,000 francs au roi Joseph, sur son apanage. Au bas est

360 2413 400 38 le reçu aut. sig. du roi.

272 2461 1471 48 142 Le même. — 4 petites lignes aut. sig. Bonaparte, 1 p. in-32. 6 »

408 2508 1338 41 Recommandation pour faire exempter quelqu'un du service militaire comme

357 2549 476 31 artiste ou homme de lettres.

274 2596 1472 49 143 Napoléon III, empereur des Français. — Belle pièce sig.,

364 2636 1381 54 1856, 1 p. in-f. 8 »
