1850 2955
835 129 193 37 — 12 —

221 226 1442 47 97 Duperrey (L.-Isid.), capitaine de vaisseau, célèbre navigateur,

290 270 1374 43 de l’Acad. des Sciences. — L. a. s. au libraire Arthus Bertrand,

294 316 1371 45 1 p. in-8. 3 »

221 371 1446 46 98 Dupré d’Aulnay (L.), savant physicien et physiologiste. —

289 415 1375 48 L. a. s., 1748, 2 p. 1/2 in-4. 4 »

329 465 1341 42 Très-curieuse épître relative à ses Lettres sur la génération des êtres, et sur

289 505 1379 42 son opuscule Réception du docteur Hecquet aux enfers. « qui contient les élé¬

292 544 1377 41 ments de la vraie philosophie » Il n'ose pas se déclarer l'auteur de ce dernier

291 584 1378 40 ouvrage, qu'il a fait imprimer à La Haye, et qui se vend clandestinement au Palais-

293 625 102 39 Royal.

223 672 1445 47 99 Duras (J.-B., duc de), maréchal de France, commandant de

292 717 1375 48 Guyenne, gouverneur de Franche-Comté. — L. a. s., à M. de

292 761 1375 48 Chauvelin, garde-des-sceaux; Montauban, 1731,1/2 p. in-4. 3 »

207 817 1462 47 100 Du Tremblay (A.-P.), excellent fabuliste, allié aux descen¬

294 863 1375 46 dants de La Fontaine. — L. a. s., 1814, 1 p. in-8. 2 »

208 912 1462 47 101 Duvaucel (Alfred), savant naturaliste, voyageur dans l’Inde,

293 957 1376 47 où il est mort à 32 ans, petit-fils et élève de Cuvier. — L. a.

293 1001 1377 47 s. à M. Dubois; Calcutta, 6 déc. 1821, 3 p. in-4, cachet.

293 1048 1377 35 Rare. 6 »

338 1096 1337 38 Précieuse lettre relative à sa mission dans l'Inde. Il raconte les efforts qu'il fait

297 1136 1376 41 pour tirer les établissements français de l’Inde de l'avilissement où ils sont tombés,

297 1175 1378 42 par le fait de cette dégoûtante marine anglaise. Ses propres compatriotes sont

299 1215 1376 40 les premiers à se déclarer contre lui. Il s’est trouvé obligé d’aller chercher des

299 1255 1377 38 amis au Thibet, où, malheureusement, la maladie lui a fait perdre le fruit de ses

301 1294 1376 38 recherches d'histoire naturelle. Il se plaint fort de sir Raffles et de ses Anglais, et

300 1333 1376 40 commence à comprendre que le métier de naturaliste est un fichu métier ; mais il

301 1373 1375 39 restera à son poste jusqu'à ce que le travail l’ai tué, ou qu’il ait acquis assez de

302 1414 627 37 considération pour revenir en France.

214 1457 1462 46 102 Elie de Beaumont, savant géologue, né dans le Calvados. —

302 1493 1377 54 L. a. s., 1833, 1 p. in-8. 1 25

215 1557 1460 47 103 Evelyn (John), illustre antiquaire et botaniste anglais du

301 1602 1377 52 XVIIe siècle. — Ex-dono de 3 lig. aut. sig. (à la 3me personne),

304 1647 1375 47 plus un portrait. (De la collection du révérend Cotton). 2 »

218 1703 1460 46 104 Faucher (Léon), économiste et publiciste, célèbre ministre

304 1746 1375 49 de Napoléon III, né à Limoges. — L. a. s.; 25 juil. 1848, 1 p.

304 1795 1378 34 in-8. 1 50

220 1842 1460 46 105 Favre (Jules), illustre avocat et orateur parlementaire, de

305 1888 1378 46 l’Acad. franc., né à Lyon. — L. a. s., 1857, 1 p. in-4. Très-belle

301 1936 1379 43 pièce. 6 »

223 1988 1458 51 106 Ferdinand Ier, roi de Naples, prince fameux par ses cruautés,

308 2033 1373 46 abhorré de ses sujets, qui proposèrent la couronne à Jean

307 2077 1377 46 d’Anjou. — L. a. s. à sa fille la duchesse de Milan; Naples, 14

309 2122 1371 46 oct. 14.., 1/2 p. petit in-4, cachet. Rare. 5 »

347 2173 1338 39 Curieuse lettre, relative à un armement des Turcs, qui le menace d’un grand

310 2212 1374 40 péril, lui et toute l'Italie. Il croit qu’il est de la plus grande importance de déli¬

310 2252 1375 39 bérer en commun et de lever des troupes pour résister. Il écrit dans ce sens à

311 2292 296 31 son ambassadeur.

223 2341 1460 51 107 Ferry (Jules), avocat et publiciste, député de la Seine au

309 2385 1376 47 Corps législatif. — Article aut. sig., 23 juil. 1869, 2 p. in-4,

310 2431 1374 46 découpées en cinq pour la composition typographique. 2 »

350 2482 1153 40 Curieuse lettre à ses commettants sur la prorogation de la Chambre.

226 2531 1461 47 108 Feydeau (Ernest), célèbre romancier contemporain, l’auteur

312 2576 1374 46 de Fanny. — L. a. s. à M. Gide, 1859, 1 /2 p. in-4. 2 »
