1793 3007
744 184 165 38 - 9 -

98 281 1446 49 marié, sa femme est morte ; mais sa tille, qui doit avoir dix-sept

97 326 1447 48 ou dix-huit ans, travaille, si je suis bien renseigné, chez une

98 371 193 36 fleuriste.

141 416 1402 48 Lucas est un petit homme olivâtre, crépu, marchant la tête

98 460 1446 49 courbée et le pas rapide. Ses allures étaient de tout temps assez

98 506 1449 48 étranges pour que depuis plusieurs années déjà il ait été signalé par

99 551 1445 52 les employés des bibliothèques comme homme à surveiller; mais

99 596 1448 47 rien ne pouvait faire prévoir à quelles hauteurs il saurait élever

100 641 353 45 la mystification.

143 685 1403 48 On le signale d’abord à Paris assez malheureux, s’occupant de

97 730 1448 53 recherches généalogiques. Il se trouvait alors en rapport avec

102 775 1445 48 beaucoup de familles. Il recevait des sommes fort modiques pour

100 821 1448 45 prix de ses travaux et de ses découvertes. Vraisemblablement

100 866 832 53 alors il copiait et ne pastichait point.

145 910 1405 55 Quand lui vint l’idée d’élargir le cercle de ses spéculations ?

100 955 1449 47 Les renseignements me font defaut ici, mais on peut, sans trop

100 1000 1449 47 d’invraisemblance, supposer qu’il est allé trouver M. Michel Chasles

100 1046 1451 46 comme par hasard — comme compatriote peut-être, les Chasles

100 1091 1451 46 sont originaires du pays chartrain — pour lui proposer quelques

103 1136 1447 55 autographes authentiques, qu’on a causé, que Lucas a vu une proie

103 1180 1227 48 facile et fructueuse à exploiter, et qu’il n’a plus hésité.

150 1225 1401 46 Dés lors, la vie de l’archiviste paléographe (il se donnait, sans y

102 1270 1449 47 avoir aucun droit, ce titre qui ne peut être porté que par diplôme

102 1314 1083 48 de l’Ecole des chartes), prend un aspect nouveau.

146 1359 1407 49 Il s’installe dans un quartier élégant, va déjeuner au café Riche,

105 1405 1449 53 prend des voitures, passe des après-midi à la Bibliothèque impé¬

104 1450 1454 46 riale, au milieu des in-folio. Il demandait presque constamment

105 1495 1451 47 les quinze volumes des œuvres de Galilée; puis le soir, si nos ren¬

104 1540 1452 46 seignements sont exacts, il allait travailler chez une petite dame

105 1584 598 48 du quartier Saint-Georges.

155 1646 1403 52 Le Figaro intitule son article : M. Libri est innocent. Telle a tou¬

102 1697 1459 51 jours été notre conviction. Les débats l’établiront d’une manière cer¬

108 1746 1451 54 taine, et comme il sera reconnu que la somme déboursée a été relative¬

109 1798 1452 53 ment minime, on en conclura que M. Libri n’aurait pas voulu se livrer

107 1850 891 51 à cet immense travail pour si peu de chose.

148 1915 1410 42 P.-S. — M. Libri vient de mourir ii Florence. — Le Fiqaro du 6 octobre l’accuse,

107 1955 1450 43 comme pendant à l'affaire Chasles, d’avoir fabriqué les documents publiés par lui,

107 1996 1450 41 en 1812, sur la jeunesse de Napoléon Ier. Dans le prochain numéro, nous ferons con¬

107 2035 1263 42 naître l’origine de ces documents, ignorée sans doute de l’auteur de l’article.

647 2118 375 47 NÉCROLOGIE.

162 2190 1396 52 Le 29 avril dernier, les amateurs d’autographes perdaient un de

111 2240 1446 56 leurs plus aimables confrères, M. Auguste-Pierre-François Guérin, qui

108 2290 1450 55 était né à Paris, en septembre 1801. Après avoir fait de bonnes études

109 2342 1448 55 au collège Henri IV, il passa plusieurs années dans le notariat, puis

108 2395 1449 51 entra dans la librairie. Il dirigea successivement, et avec une rare

110 2443 1444 54 intelligence, les librairies Pichard, Fume, Bixio, et, en dernier lieu,

109 2494 1446 51 celle de MM. Cosse et Marchal, où sa mort a laissé les plus vifs regrets.

161 2544 1397 54 M. Guérin joignait à une douceur communicative, à une, grande

109 2594 1447 54 bienveillance, un charmant talent d’artiste. Les portraits qu'il ne pouvait

110 2644 1447 56 se procurer pour illustrer sa collection d’autographes, il les dessinait
