1802 3007
728 162 170 38 - 3 -

81 259 1459 50 notre honneur. Ce sera pour moi le moment de rentrer en France, où

82 309 1460 61 me rappellent de tendres affections, de grands intérêts et aussi le

85 361 380 49 besoin du repos. »

136 424 1406 51 — François de Nantes, membre de l'Assemblée législative, où il

87 474 1457 50 avait montré beaucoup de véhémence contre les prêtres réfractaires,

87 524 1461 51 fut nommé, sous l’Empire, directeur-général des droits réunis, et

87 573 1462 61 donna asile dans ses bureaux à une foule de littérateurs, la plupart

89 612 1461 63 opposés au nouveau régime, au point que Napoléon s’était écrié dans

89 673 1461 53 un moment d’humeur : « C’est un véritable nid d’aiglons que cette

91 723 1460 52 maison de la rue Sainte-Avoye. » La collection Gegner renferme la

91 768 1462 57 lettre même que Parny, le poète érotique et hétérodoxe, écrivit à

91 822 1464 52 François de Nantes, le 30 messidor an XII (19 juillet 1804), pour

92 872 1464 52 entrer dans ses bureaux. Elle est trop curieuse pour ne pas la citer

98 922 263 40 tout entière :

148 971 1410 52 « La place de bibliothécaire en chef du Corps législatif, qui m’avait

98 1022 1462 52 été promise, ne sera point créée. Si l'on avait pris sur-le-champ cette

98 1071 1463 52 détermination, j’aurais sollicité, au nom des Muses, qui n’ont pas le

101 1121 1460 52 privilège de pouvoir vivre sans pain, un recoin obscur dans votre

104 1170 1458 58 propre bureau. Il n’est sans doute plus tems. Cependant, je m’adresse

102 1221 1461 51 à vous, sinon avec espoir, du moins avec confiance. Le travail des

104 1270 1458 52 bureaux ne m’est point étranger. J’ai exercé pendant treize mois un

103 1320 1463 53 emploi dans ceux de l’intérieur, et ne me chargeais pas des choses les

107 1370 1460 53 plus faciles. Je suis toujours tout entier à ce que je fais : peut-être

109 1420 994 52 même trop, car ma santé en souffre quelquefois.

161 1471 1408 52 La requête du poète eut un plein succès : il trouva dans le modeste

108 1520 1461 51 emploi que lui donna François de Nantes un asile contre le besoin et

108 1562 575 59 une existence indépendante.

161 1636 1410 50 — La collection Gegner offre deux lettres bien curieuses de Demeu¬

112 1686 1461 50 riez, écrites dans sa vieillesse, et datées d’Angleterre, où il vivait d’une

111 1736 739 51 pension du cabinet de Saint-James.

164 1785 1408 51 La première de ces lettres, écrite de Little Ealing, près de Londres,

116 1835 1457 49 le 8 avril 1819, et adressée à Malus, intendant-général de l’armée du

114 1885 1462 51 Nord, pendant que lui-même en était général en chef. Leurs rapports

114 1934 1463 52 avaient été rompus depuis cette époque. Dumouriez s’épanche en sou¬

115 1984 1462 62 venirs, car il ne vivait plus que dans le passé. « Nous avons tous les

115 2024 1462 70 deux, dit-il à Malus, une jambe traînante, mais croyons que c’est un

116 2084 1465 52 avantage, parce que nous avançons plus lentement dans la carrière, et

117 2133 1462 51 nous arriverons plus tard au terme du voyage. Tant que la tête est

115 2183 1465 52 bonne, l’esprit calme et le cœur susceptible d’attachement, la vieillesse

116 2233 1464 52 est supportable. Mon âge de 80 ans comporte aussi sa coquetterie, et

120 2282 1462 51 si Mme de Lierreville ne m’aimait pas autant que je l’aime, elle mérite¬

120 2331 1458 53 rait d’être étranglée... » Après cette boutade galante, il continue :

123 2381 1457 51 « Je vis ici au milieu des livres et des arts, dans une jolie campagne,

122 2431 1461 53 ne voyant que très-peu d’amis, m’amusant de mes souvenirs, de mes

124 2480 1462 52 pensées, de mes réflexions, sans regrets, sans désirs au-delà du cercle

124 2531 1459 52 de la vie que je me suis tracée, et j’ai conservé ma gaieté, ma santé,

126 2579 1462 53 mon activité. Tout ce qui pourrait altérer cette existence douce est

126 2631 294 40 hors de moi. »
