1850 2972
856 178 194 38 - 12 -

336 274 1356 46 vis. — L. s. ; Sandomir, 24 juin 1704, 1/2 p. in-f., cachet à

335 320 1353 43 ses armes. Belle pièce. 18 »

224 374 1466 43 4163 Châteaubriand, célèbre écrivain et homme d’Etat. — Belle

336 419 1353 45 1. 8. à M. Bouvet; 1823, 1 p. in-f. 2 »

225 473 1465 46 4164 Choiseul (F.-Et., duc de), célèbre ministre de Louis XV,

337 518 1355 46 créature de Mme de Pompadour et victime de la Du Barry. —

336 562 1355 46 L. a. s. (au dauphin, père de Louis XVI) ; Vienne, 1er déc.

342 607 1348 45 1757, 3 p. in-4. Belle pièce. 8 »

384 651 1310 39 Intéressante épitre relative au dauphin et à sa première femme, et contenant

344 690 1350 40 des détails historiques sur un épisode de la guerre de 7 ans, une victoire du

348 730 774 38 prince Charles sur Frédéric II devant Breslau.

227 773 1467 47 4165 Coffin (Ch.), célèbre poète latin, né près de Reims. — Jolie

341 817 1355 47 pièce sig. ; 1733, 1 p. in-8. 1 25

229 872 1465 54 4166 Colbert (J.-B.), le grand ministre de Louis XIV. — L. s. au

342 918 1352 45 marquis de Feuquières ; 1675, 1 p. in-4. Jolie pièce. 2 »

231 971 1465 47 4167 Colbert de Croissy (Ch.), frère du grand Colbert, ministre

343 1016 1353 47 de Louis XVI, négociateur de la paix de Nimègue. — L. a. s.

344 1059 1352 48 au marquis de Feuquières; Munich, 20 janv. 1680, 1 p.

344 1105 1351 35 in-4. 6 »

388 1150 762 39 Bel éloge du talent du marquis de Feuquières.

233 1193 1465 47 4168 Colet (Louise), célèbre poète contemporaine. — L. a. s., 1 p.

346 1238 1351 35 in-8. 1 »

235 1292 1464 48 4169 Collin d’Harleville (J.-F.), un de nos meilleurs poètes dra¬

348 1337 1352 48 mat., de l’Acad. fr. — L. a. sig. C. H. à un ami ; Paris, 3 fri¬

348 1381 1350 46 maire, 1 p. in-8. 3 »

394 1427 1307 38 Touchante épître sur la maladie de sa mère et sur un procès dans lequel il

353 1464 270 34 défend des amis.

239 1515 1462 52 4170 Condé (Charlotte de La Trémouille, princesse de), accusée

351 1560 1350 47 d’avoir empoisonné son mari, Henri Ier de Condé, l’ami de

353 1604 1347 48 Henri IV. — L. a. s. à M. de Turenne ; (1588), 1 p. pl. in-f.

351 1648 1348 46 Légère tache d’eau. Rare. 40 »

397 1694 1306 41 Curieuse pièce historique, relative aux poursuites dirigées contre elle pour

360 1731 1340 42 l’empoisonnement de son époux. Le désastre qui lui est arrivé de la mort de son

360 1773 1343 40 mari l'a si fort accablée d’affliction, qu’elle n’a pu lui en donner avis qu’à cette

362 1811 1342 42 heure. Elle le supplie de la protéger contre les rigueurs étranges dont elle est

356 1849 108 41 l’objet.

241 1895 1463 47 4171 Condé (Louis II, prince de), dit le Grand. — L. s. au marquis

353 1938 1349 49 d’Hoquincourt; camp de Ville-sur-Haisne, 21 juin 1674,

355 1984 1346 45 1 /2 p. in-8. 3 »

243 2034 1464 47 4172 Le même. L. s. à Vauban, écrite en chiffres; camp de Pér¬

354 2078 1346 47 imée ; 17 septembre, 1 p. in-8, cachets à ses armes. 3 »

244 2128 1458 48 4173 Conscience (H.), le romancier national de la Belgique. —

355 2171 1349 49 L. s. à M. Duval-Lecamus, peintre ; Anvers, 1840, 1 p. in-4.

354 2216 1349 48 Relative à la souscription pour l'Album de Rubens. 2 »

243 2266 1461 49 4174 Constant (Benjamin), illustre publiciste et orateur parle¬

355 2311 1349 49 mentaire. — L. a. s. à Auger, de l’Acad. franc.; 13 juillet,

358 2350 1346 50 1 p. in-4. a 3 »

398 2400 1307 42 Relative à une de ses brochures politiques, et à sa candidature à l’Académie,

360 2440 318 38 proposée par Jouy.

242 2489 1465 48 4175 Le même. — L. a. s. au secrétaire de l’Athénée, 1 p. 1/4

353 2533 1351 38 in-4. 4 »

399 2579 1309 41 Au sujet de lectures qu’il doit faire à celte société littéraire. Il se plaint que

360 2618 1347 42 sur les lettres qu’on lui adresse on lui donne un litre qu’il n’a jamais pris (celui

360 2656 1348 42 de de Rebecque, sans doute). Au lieu de ce titre, qui le couvrirait de ridicule
