1850 2972
855 139 211 52 - 22 -

234 246 1465 47 190 Simon (Jules), philosophe et publiciste, député de Paris, né à

320 289 1376 48 Lorient. — L. a. s. à M. Gromier, (1868), 2 p. in-12. 3 »

361 337 1025 33 Relative aux élections de 1869 et aux candidatures officielles.

235 380 1463 48 191 Target (G.-J.-B.), célèbre avocat et constituant, qui refusa de

319 426 1377 48 défendre Louis XVI, memb. de l’Acad. fr. — Belle pièce sig.,

324 471 1375 46 1793, 1/2 p. in-f. 150

235 521 1462 47 192 Texier (Ch.), savant archéologue, voyageur en Asie, de l’Inst.,

319 566 1380 47 né à Versailles. — L. a. s. à M. Duruy, 1863, 2 p. in-4. 1 50

364 611 726 39 Relative à son ouvrage sur l'art bizantin.

237 656 1460 48 193 Thiers (Ad.), homme d’Etat, de l’Acad. fr. — L. a. s. au libraire

320 701 1376 46 Naradan; Paris, 9 mai 1822, 1 p. in-8. 6 »

362 748 1337 39 C’est la plus ancienne lettre de M. Thiers que nous ayons encore vue. Il n’était

323 787 1275 40 que depuis un an à Paris. Il donne son adresse: rue et hôtel Montesquieu.

238 830 1460 47 194 Tiedge (Christ.-Aug.), illustre poète allemand. — L. a. s.;

323 876 1374 46 Halle, 1810, 2 p. in-4, cachet. Belle pièce. 5 »

237 926 1463 46 195 Tocqueville (Alexis de), célèbre publiciste et homme d’Etat, de

322 972 1380 44 l’Acad. fr., auteur de la Démocratie en Amérique. — L. a. s. à

323 1016 1376 47 M. Sumner, 14 oct. 1848, 2 p. in-8, enveloppe et cachet. Rela¬

324 1061 1381 47 tive au rapport de M. Quentin-Bauchard. 2 50

239 1111 1462 48 196 Vauban (Séb. de), maréchal de France, l’illustre ingénieur de

322 1157 1378 48 nos places fortes, né dans la Nièvre. — Ordre sig., 1695, 1 p.

324 1204 1375 44 in-8. Très-jolie pièce. 6 »

238 1251 1462 48 197 Vauquelin (L.-N.), un de nos plus grands chimistes, né près

323 1298 1377 46 Pont-Lévèque. — L. a. s., 1827, 1 p. in-4. 2 »

239 1342 1464 47 198 Vernet (Horace), l’illustre peintre d’histoire. — L. a. s. (à

324 1387 1376 47 M. Genty de Bussy), 1854, 2 p. in-8. 3 »

369 1433 1104 40 Jolie épître contenant des détails intéressants sur le général Ysuf.

240 1472 1459 46 199 Victoire (Mmel, fille de Louis XV, qui émigra à Rome en 1791,

326 1513 1374 48 avec sa sœur Adélaïde. — L. a. s. à Mme de Civrac, 21 mai 1750,

328 1561 1375 48 1 /2 p. in-4, cachet camée. Jolie pièce. 3 50

237 1606 1465 47 200 Viennet (J.-P.-G.), célèbre littérateur et homme d’Etat, de

326 1651 1376 46 l’Acad. fr., né à Béziers. — L. a. s. à Ach. Comte; Val-Saint-

326 1696 1376 47 Germain, 19 juil. 1843, 2 p. in-8. 2 50

366 1742 1336 41 Spirituelle épître où il plaisante agréablement sur l'anniversaire des glorieuses

324 1782 307 40 journées de juillet.

237 1820 1465 47 201 Vigny (Alf. de), poète célèbre, do l’Acad. fr. — L. a. s. à l’im¬

325 1866 1376 47 primeur Tastu, 1825, 1 p. in-8, beau cachet à ses armes. 3 »

238 1909 1464 49 202 Villars (Dom.), savant botaniste, de l’Institut, auteur de

328 1956 1371 46 l’Histoire des Plantes du Dauphiné, né prés de Gap. — L. a. s. au

328 2000 1376 48 botaniste Jacquin; Grenoble, 1791, 2 p. in-4, beau cachet à

328 2048 1374 35 ses armes. 5 »

368 2091 1336 40 Intéressante lettre relative aux vertus médicales de l'Ipécacuanha, et dans

328 2120 701 51 laquelle il recommande le chevalier Beyle.

240 2169 1462 46 203 Voltaire. L. aut. à l’éditeur de ses œuvres, 1 p. in-8. — Rela¬

328 2214 1375 48 tive, en partie, à ses commentaires sur Corneille. « Si M. Phi¬

329 2260 1373 51 libert ne fait pas envoyer des imprimés chez les souscripteurs

329 2304 1373 47 Cornéliens qui n’ont pas payé , tout est perdu. Nos seigneurs

331 2350 1371 50 français sont le contraire des Anglais : ils promettent et ne

330 2396 1372 36 tiennent rien. » 10

242 2439 1460 46 204 Volterrano (Baldassar-Franceschini, dit LE), célèbre peintre

330 2484 1372 44 de l’Ecole florentine, un des meilleurs élèves de Mateo Ros¬

332 2529 1369 50 selli. — Reçu aut. sig. (à la 3e pers.), pour travaux de peinture

332 2574 1368 45 faits aux Monache di Santa-Teresia, 30 av. 1649, 1/4 de p. in-f.

331 2621 1368 44 Belle pièce. 4 »
