1850 2972
876 154 170 37 — 4 -

237 252 1454 48 ainsi, était connue de notre confrère M. Balard, qui l’avait remar¬

236 297 1455 48 quée plusieurs mois avant que j’en fisse usage, en explorant, un

236 343 1458 46 soir chez moi, avec deux savants anglais, le dossier renfermant

235 388 1458 46 les lettres de Jacques II et des deux reines Marie et Anne, ses

236 433 116 36 filles.

276 489 1416 47 Mais, indépendamment de ce simple fait, je puis dire que tout ce

231 534 1463 46 qui s’est passé continuellement à nos séances aurait dû écarter

232 579 1461 46 ridée que j’eusse recours à des documents qui n’auraient pas été

228 624 1466 47 entre mes mains, par la raison que je répondais toujours séance te¬

228 669 1467 47 nante, s’il n’y avait pas quelque empêchement indépendant de ma vo¬

226 714 1467 46 lonté, à toutes les communications qui arrivaient du dehors. Si j’en

225 758 1467 47 étais prévenu par M. le Secrétaire perpétuel, au commencement de

227 804 1469 47 la séance, je courais chercher les pièces qui pouvaient servir à ma

226 849 1467 47 réponse; et si je ne connaissais une communication qu’à la lec¬

225 894 1469 47 ture qui en était faite dans le dépouillement de la correspondance,

220 939 1474 46 je répondais néanmoins en invoquant, de souvenir, les documents

224 983 1470 54 qui se rapportaient au sujet; et ces documents, je ne les faisais

226 1029 1471 46 point attendre le lendemain, c’était toujours dés le matin, de 7 à

222 1074 1474 46 8 heures, que je les envoyais à l’imprimerie, avec le texte de ma

226 1120 1042 45 réponse. Les Comptes-vendus constatent ces faits.

269 1175 1425 46 Je déclare, en outre, que le vendeur qui m’apportait les docu¬

227 1220 1468 45 ments, venait toujours chez moi entre 11 heures et midi, ou de

221 1257 1475 54 5 heures et demie à 6 heures; et, en outre, que jamais je n’ai été chez

226 1310 1469 47 lui, et que jamais je n’ai envoyé personne lui demander aucun

228 1356 230 35 document.

272 1410 1423 52 L’insistance que j’ai mise, dans ces derniers temps pour que

228 1455 1470 52 M. Leverrier traitât la question astronomique qu’il avait annoncée

233 1500 1463 48 le 19 avril, et que beaucoup de Membres voulaient ajourner après

231 1546 1467 46 la publication complète des Mss. de Pascal, prouve que j’avais

231 1591 1466 46 encore à ce moment une pleine confiance dans mes documents.

230 1635 1469 47 Mais bientôt après, les observations qui ont été faites à Florence

232 1681 1468 47 sur la lettre de Galilée, du 5 novembre 1639, dont j’avais envoyé

234 1725 1465 47 une photographie, ont éveillé mon attention, et ont commencé

234 1770 1467 46 à m’inspirer des inquiétudes, qui m’ont porté à certaines recherches

235 1815 1467 43 et à des mesures d’information, et même à solliciter de M. le Pré¬

236 1858 1461 48 fet de police une surveillance, à l’effet de connaître enfin le véri¬

237 1905 1463 47 table dépôt des pièces qui m’étaient vendues. L’examen que

239 1949 1461 47 M. Volpicelli a bien voulu faire faire par ses amis, MM. Corridi

239 1995 1461 45 et Gu asti, en l’absence de la Commission de Florence, de la der¬

242 2040 1458 46 nière lettre que j’avais envoyée à M. Carbone, est venu accroître

244 2076 1457 56 mes inquiétudes, et j’ai cru devoir adresser à M. le Préfet de po¬

245 2130 1456 47 lice une déclaration tendant à ce que, sans continuer davantage

244 2175 1458 47 les recherches et la surveillance établie, on procédât à l’arrestation

244 2220 1458 47 du vendeur, ce qui a eu lieu. Mais on n’a trouvé chez lui que

246 2265 1456 48 quelques paniers blancs, provenant de registres, des plumes, un

246 2310 1456 47 seul flacon d’encre et quelques fac-similé de l’Isographie, quand

242 2355 1461 47 j’avais espéré qu’on y trouverait la masse des documents dont il

249 2392 1454 55 ne m’avait livré que des copies et dont une partie considérable

250 2445 1453 47 m’était encore due. Il a refusé d’abord de faire connaître de qui

251 2490 1453 47 il tenait ces documents, et il a déclaré depuis que c’était lui qui

251 2535 1455 52 les fabriquait. M. le Commissaire instructeur lui a demandé s’il

252 2580 1453 47 n’en avait pas eu du comte de Menou, en 1861; il a répondu une

252 2625 1455 46 soixantaine, ajoutant qu’il en avait aussi eu un résidu du cabinet
