1850 2972
870 168 191 38 - 16 -

395 265 1306 41 Il justifie son beau-père, le duc de Nevers, de paroles malveillantes qu’il au¬

355 305 1345 40 rait prononcées à Angers contre le duc de Montpensier. Il n'a pas entendu ces

357 345 1344 40 paroles, mais les termes dans lesquels le due de Nevers s’est expliqué à cet égard

354 383 1348 41 devant le roi, la reine mère et son conseil, ne permettent pas d’y attacher une

355 422 324 38 intention injurieuse.

239 471 1462 46 4211 Guizot, historien et homme d’Etat. — L. a. s.; Val-Richer,

355 516 1345 45 1866, 2 p. in-12. 2 »

397 565 878 34 Relative a la chaire d’hist. ecclesiast. de Mautauban.

239 615 1465 46 4212 Gustave III, roi de Suède, assassiné par Ankastrœm. — Billet

351 658 1353 50 aut., en français, 18 mai 1779, 1/2 p. in-4. 2 50

387 709 1318 39 Il y parle de la munificence de Catherine il envers le comte de Saint-Priest et

359 749 623 39 de la naissance du prince Constantin.

239 798 1464 47 4213 Gustave IV, roi de Suède, fils de Gustave III, dépossédé en

356 843 1347 46 1810. — L. a. s. le colonel Gustavson, au journal l'Etoile;

353 881 1350 53 Worms, 25 sept. 1826, 1 p. in-4. 4 »

400 938 913 32 Curieuse lettre relative au manuscrit de ses Mémoires.

242 987 1464 50 4214 Harlay (Achille de), magistrat illustre par sa fermeté pen¬

354 1031 1349 47 dant la Ligue. — Belle quit. sig. d’une rente que lui fait le

354 1076 1345 46 duc de Bouillon, 1615, 1 f2 p. in-f. 3 »

242 1130 1461 46 4215 Harri'son (W.-H.), 9e président des Etats-Unis (1841). — L. s.,

353 1175 1349 47 avec la souscript. aut. au gén. Cass, ambassadeur à Paris;

354 1218 1350 48 Washington, 20 mars 1841, 1 p. in-4. 2 »

243 1273 1462 47 4216 Hufeland (Chr.-Guil. ), célèbre médecin allemand, un des

353 1318 1347 55 premiers défenseurs du magnétisme animal, auteur de l’Art

353 1363 1350 46 de prolonger la vie humaine. — L. a. s., 1775, 1 p. in-8. 2 »

244 1416 1458 49 4217 Ingres, le grand peintre d’histoire. — L. a. s. à Ambroise

353 1462 1351 47 Thomas; 9 janv. 1813, 1 p. in-4. Jolie pièce. 5 »

406 1511 1301 43 Il le félicite sur le succès de sa pièce (Angélique et Médor), chaudement con¬

364 1552 445 38 firmé par Carafa et Adam.

243 1600 1462 48 4218 Irving (Washington), un des plus célèbres écrivains des

354 1645 1348 44 Etats-Unis, auteur des Contes de l’Alhambra. - L. a. s. à Alex.

353 1689 1352 47 Vattemare; Albany, 1840, 2 p. in-4. Intéressante. 6 »

243 1745 1462 45 4219 Jefferson-Davis, célèbre homme d’Etat américain, ex-pré¬

354 1788 1348 45 sident de la confédération du Sud. — L. s. à Vattemare;

354 1832 1350 49 Washington, 5 mai 1855, 1 p. 1/2 in-4. Très-rare. 5 »

402 1878 1307 42 Alors ministre de la guerre de l’Union, il répond au sujet des échanges de livres

359 1918 1347 39 entre les départements de la guerre de France et des Etats-Unis. Dans la liste des

358 1956 1350 41 ouvrages qu’on lui propose, il en choisit deux, dont les Etudes sur le passé et

362 1994 1346 43 le présent de l'artillerie, par le prince Napoléon-Louis-Bonaparte. Ce livre

362 2034 1345 42 sera placé dans la bibliothèque du ministère de la guerre de Washington, où il

361 2073 347 38 n’existait pas encore.

246 2122 1458 48 4220 Jouvenet (Jean), grand peintre d’histoire et de portraits du

356 2164 1348 49 siècle de Louis XlV, né à Rouen. — Belle pièce avec 9 lignes

358 2211 1346 47 autog. sig. ; Paris, 20 mai 1689, 3 p. in-4. 45 »

408 2261 1297 41 Pièce très-intéressante, ayant pour titre : « Mémoire des ouvrages de peinture

366 2294 1341 46 que Jouvenet a faits pour S. Alt Séréniss. Mme la princesse de Conti, par l'ordre

366 2340 1341 40 de M. Dodard. » Suit le détail des ouvrages, qui se composent d’un grand por¬

367 2378 1338 41 trait de feu la princesse de Conti, d’après plusieurs copies et originaux, et d’un

366 2417 1341 41 portrait du prince de Conti, d’après Mignard. La pièce porte aussi la signature

367 2457 1339 40 du prince et se termine par une appréciation très-intéressante des deux tableaux,

368 2496 277 38 faite par Dodard.

251 2545 1457 46 4221 Karr (Alph.), le spirituel auteur des Guêpes. — L. a. s. à Pitre-

363 2589 1350 46 Chevalier, 1 p. in-8. 2 50

410 2640 1042 39 Il propose pour le Musée des familles un travail sur les roses.
