1793 3007
757 193 194 38 - 11 -

128 290 1458 50 4150 Calamatta (Luigi), graveur italien, célèbre par la finesse et

239 334 1346 48 la pureté de son burin. — L. a. s., en italien; Milan, 19 nov.

242 379 1342 45 1864, 2 p. in-8. Belle pièce. 5 »

283 422 1213 44 Relative à un échange de ses gravures contre un tableau et des estampes.

128 467 1459 45 4151 Campan (Mme), auteur de Mémoires sur Marie-Antoinette. — L. a.

239 511 1346 47 s. ; Ecouen, 1810, 1 p. in-f. 2 »

130 567 1458 45 4152 Campbell (Th.), célèbre poète écossais, rival de Walter Scott.

239 611 1346 46 — L. a. s. à J. Cochrane, 1834, 1 p. in-8. 2 »

130 666 1459 45 4153 Campistron (J.-Galbert de), célèbre poète dramat., émule de

241 710 1348 48 Racine, de i’Acad. franc., né à Toulouse. — L. a., si g. par le

243 754 1348 49 duc de Vendôme (dont il était le secrétaire) à Danchet; Camp

242 798 1347 46 de Rivoli, 1er juin 1706, 1 p. pet. in-4, cachet aux armes du

244 841 1346 46 prince. 6 »

290 888 1090 39 Eloge de Cyrus, tragédie de Danchet, son confrère à l’Académie.

134 932 1460 44 4154 Capendu (Ern.), romancier et auteur dram., auteur, avec

243 975 1350 46 Barrière, des Faux Bonshommes. — L. a. s., 1 p. in-8. 1 50

135 1031 1455 44 4155 Catherine de Navarre, duchesse de Bar, sœur de Henri IV,

246 1074 1347 47 princesse célèbre par son attachement au calvinisme et dont

246 1119 1348 47 Mlle de la Force a publié l'Histoire secrète. — L. s., avec la

245 1163 1346 47 souscrip. autog., au vicomte de Turenne, (1596), 1 p. in-f.

246 1210 1344 42 Belle pièce. 18 »

290 1252 1302 40 Elle prie le vicomte de Turenne, alors ambassadeur en Angleterre, de plaider

254 1291 1340 40 auprès de la reine Elisabeth et son conseil, la cause d’un de ses amis, auquel

254 1331 1338 39 les Anglais ont enlevé un navire revenant des Terres-Neuves, chargé de mar¬

253 1371 1342 39 chandises. « Ce sera, dit-elle, une œuvre pie que vous ferés qui effacera peult

252 1410 475 39 estre quelque grand péché. »

136 1453 1456 46 4156 Catinat (Nic.), illustre maréchal de France. —L. s. au comte

248 1497 1345 47 Dugua, colonel des milices du Dauphiné, à Die; camp proche

249 1541 1342 48 de Pigneroles, 18 nov. 1692, 1 p. 1 /2 in-4, fragm. de cachet. 7 »

139 1598 1454 46 4157 Cavaignac (Godefroy), un des chefs du parti républicain

248 1641 1347 47 sous Louis-Philippe. — L. a. s. à Flora Tristan, 1843, 1 p. 1/2

251 1686 1344 45 in-8, cachet à son chiffre. 2 50

140 1741 1453 46 4158 Cavaignac (le général Eug.), frère du précédent, chef du

249 1786 1345 48 pouvoir exécutif en 1848. — L. a. s., 1855, 1 p. in-18. 2 50

138 1841 1455 46 4159 Cavour (Camille de), le grand homme d’Etat italien. — L. a.

249 1885 1345 50 s., en français, à un Anglais; 29 mai 1835, 3 p. in-8. 10 »

294 1924 1305 47 Jolie épître, écrite pendant un voyage en Angleterre, dont il étudiait les insti¬

257 1969 1343 40 tutions politiques et de bienfaisance. « .. Je pourrai, grâce à vous, dit-il, me

257 2009 1342 39 faire une idée du mouvement de transformation qui s’opère ici, comme partout

257 2049 642 37 ailleurs, dans le rein de la société... »

140 2091 1460 45 4160 Gazotte fils. — L. a. s. Scevole C. Z., à son père, M. Cazotte,

252 2135 1348 53 à Pierry, par Epernay; Paris, 23 juil. 1792,1 p. pl. in-8. 6 »

296 2180 1307 41 Epître singulière, où l’on voit très-bien que Cazotte fut mêlé aux intrigues

258 2219 1346 41 royalistes qui précédèrent le 10 août. — Son fils lui rend compte des diverses

258 2259 1348 38 démarches qu'il a faites, et, lui raconte, dans un langage mystique, qu'il est

257 2298 1349 38 monté sur une des tours de Notre-Dame; que, planant sur la ville, il a fait les

255 2336 1349 42 prières et les commandements. Le mot d'ordre a été Elisabeth, Paris.

263 2375 1344 40 « Vous saurés, ajoute-t-il, si j’ai agi. C’est de votre part et de celle de

260 2415 1348 38 Mmc la marq. C’est à vous que le compte doit se rendre... Quelques sans-

258 2454 1352 38 culottes font semblant de s’envoler... Je crois que tout va bien. » Il le prie

261 2493 1351 39 d’embrasser diverses personnes, parmi lesquelles sa sœur (Elisabeth Cazotte,

260 2531 882 40 dont l'héroïsme sauva son père, six semaines après).

143 2576 1463 47 4161 Chaptal, célèbre chimiste. — L. a. s. à un ami ; 1784, 1 p.

263 2623 1348 36 in-4. 1 25

144 2669 1468 47 4162 Charles XII, le grand roi de Suède, dont Voltaire a écrit la
