1793 3007
767 164 161 62 - 3 -

123 273 1450 52 commissions sans limite ; l’autre, qui assistait lui-même aux enchères,

123 322 1453 52 est un type curieux qui mérite un coup de crayon. C’est un très-riche

125 372 1449 52 marchand de drap de la cité, nommé Addington. Agé d’environ 65 ans,

124 421 1454 63 grand et bien proportionné, il porte toute la barbe. Son vêlement est

124 462 1455 62 d’une simplicité presque sordide. Son nez est surmonté de lunettes, sur

128 520 1449 54 lesquelles il regarde quand il porte les yeux devant lui, et son chef,

127 569 1454 55 affublé d’un chapeau souple, noir, à larges bords, comme en portent

129 620 1454 52 les Auvergnats, dont il a d’ailleurs toute la physionomie, car on ne re¬

129 671 1455 52 connaît rien en lui du type anglais. Il fait du reste l’effet d’un excel¬

130 720 1452 53 lent homme, très-jovial. Rien de plus réjouissant que le rire homérique

130 770 1454 52 dont il éclatait chaque fois qu’il enlevait à son adversaire, à grand

131 820 1453 52 coup de guinées, une pièce sur laquelle il avait jeté son dévolu. Il

131 870 1458 51 communiquait, naturellement, son rire à tout le monde, et il était heu¬

136 920 643 40 reux d’être le héros de la salle.

185 986 1401 51 M. Addington est un curieux universel : on lui a vu, successivement,

136 1036 1455 51 former des collections de tableaux, d’estampes, de médailles, de pote¬

136 1086 1456 51 ries, etc. Quand il est fatigué d’un genre de curiosités, il les revend et

139 1135 1449 51 passe à d’autres amours. Sa collection d’autographes est toute récente.

140 1184 1448 53 Il l’a commencée, sous nos yeux, le 26 avril dernier, à la vente Young.

136 1235 1454 52 Ses débuts promettent. Il n’achète que des pièces rares, et surtout

139 1285 1456 52 celles qui ont de l’intérêt : quand elles lui conviennent, le prix n’y fait

141 1335 1454 52 rien. Il lâche rarement, quelle que soit l’altitude des enchères. Nous

141 1385 1448 52 lui avons pourtant quelquefois entendu prononcer le no more (assez),

141 1435 1451 50 en riant aux éclats d’avoir, comme on dit dans ces sortes de tournois,

142 1484 1347 52 fait avaler un bouillon à son adversaire, qui le lui rendait bien.

194 1551 1401 61 Voici quelques-uns des prix les plus élevés que se sont vendus les

138 1590 1455 72 autographes de la collection Young: Abercromby, 75 fr ; Albret (Jeanne d’),

139 1648 1457 53 125 fr. ; Anne d’Autriche, reine de France, 83 fr. 50; Bassompierre (le

140 1700 1451 52 maréchal de), 81 fr. 25; Baxter (Richard), 272 fr. 50; Bentley (Rich.),

140 1749 1450 52 105 fr.; Bèze (Théod. de), 187 fr. 50; Blake (Robert.), amiral, 137 fr.

140 1799 1452 51 50; Bolingbroke, 105 fr ; Boswell (James), 100 fr.; Browne (Th.),

139 1849 1452 51 131 fr. 25; Buonarotti (Michel-Ange). 5 lignes autog,, 375 fr. ;

140 1899 1452 54 Burns (Rob.), 134 fr. 35; Catherine de Médicis, 105 fr. ; Charles Ier,

141 1948 1450 51 let. de 2 p in-f., très-intéressante, 2,000 fr., acquise par M. Addington;

140 1998 1451 52 Charles-Edouard, le prétendant, 315 fr.; Coke (Edouard), 107 fr. 50 ;

143 2047 1450 55 Cowley (Ab.), poète, 150 fr. ; Cowper (W.), poète, 153 fr. 10 ; Crom¬

142 2097 1451 53 well (Oliv.), lettre intéressante à son (ils, 1,000 fr., acquise par M. Ad¬

141 2146 1450 53 dington ; Derby (James, earl of), 125 fr.; Derby (Charlotte, comtesse de),

143 2195 1453 52 198 fr. 75 ; Descartes, 198 fr. 75 ; Dryden (John), 550 fr., acquis par

143 2239 1449 59 M. Hallowav; Elisabeth (la reine), 1,625 fr , acquis par M. Addington;

144 2291 1451 59 Fairfax (Th.), 237 fr 50; Falkland (Lucius Cary), 187 fr. 50; Foote

144 2345 1448 52 (Sam.), 140 fr. 60; Garrick, 131 fr. 25; Gibbon (Ed.), 140 fr. 60;

143 2395 1450 53 Goldsmith (Olivier), 562 fr. 50, acquis par M Addington ; Gray (Th.),

144 2445 1454 51 137 fr. 50 : Guerchin fie), 153 fr. 10 ; Hamilton (lady Emma), maî¬

148 2485 1451 58 tresse de Nelson, 325 fr.; Henri IV, roi de France, 115 fr.; Hume

149 2543 1447 53 (David), 131 fr. 25 ; Jeffreys (George), 140 fr. 60 ; Ken (Th.), 134 f. 35;

149 2593 1450 53 Kneller (Godfrey), 225 fr.; Laud (W.) 210 fr., acquis par M. Halloway
