1841 2972
899 160 193 51 - 20 -

383 261 1348 46 célèbre de Jeanne Darc. — L. a. s. à sa sœur Clémentine ;

383 305 1349 49 Cobourg, 23 nov. 1837, 2 p. in-8. Pièce très-fatiguée. 5 »

429 350 1306 41 Charmante épitre relative à sou portrait par Isabey, à son mari, le duc

390 390 862 38 Alexandre, et aux toilettes qu’on lui envoie de Paris.

273 427 1462 48 4463 Pallas (P.-S.), célèbre voyageur en Sibérie, grand natura¬

382 472 1347 53 liste, un des créateurs de la géologie. — L. a. s., en français,

383 510 1351 52 au marquis Gherardini de Castelnovo ; Pétersbourg, 1 p. in-4,

384 560 1347 45 cachet. Belle pièce. 12 »

272 605 1465 47 4464 Pelletan (Eugène), célèbre publiciste, député de Paris, né à

384 648 1353 47 Royan (Ch.-Inf.). — L. a. s. (à M. Gromier), 5 mai 1868, 2 p.

384 692 1352 36 in-8. 6 »

429 737 1309 39 Relative aux élections de 1869. « Plus de candidature officielle : le pouvoir

390 776 1343 40 doit laisser parler le scrutin, et non le faire parler... Qu'au premier tour de

391 815 1347 39 scrutin, chacun affirme sa conviction sur le candidat de sa préférence, et qu’au

391 855 1346 39 second tour il vote pour la candidature la plus voisine de sa conviction... Pour

392 893 1339 41 le moment, il n’y a qu’une question, une seule, l’émancipation du suffrage uni¬

392 932 619 39 versel, souverain en apparence... »

274 969 1466 47 4465 Perrault (Ch.), l'auteur des Contes, de l’Acad. franc. — Billet

386 1008 1351 53 aut. sig., 21 sept. 1677, 1/2 p. in-8. 6. »

430 1060 1310 39 Relatif à la construction, en vertu d’un marché passé par Colbert, d’un aque¬

395 1098 660 38 duc pour conduire les eaux à Versailles.

276 1136 1465 46 4466 Persigny (F., duc de ), ministre et ami de l’Empereur Napo¬

389 1180 1349 47 léon III. — L. a. s. à M. Bineau, 1852, 1 p. pl. in-8. 3 »

277 1224 1463 47 4467 Picard (Ernest), célèbre avocat et député de Paris. — L. a.

389 1269 1350 47 s. (à M. Gromier); 11 oct. 1867, 3 p. in-8. 3 »

278 1313 1465 47 4468 Pie V. (Michel Ghislieri, saint), pape célèbre, béatifié par

389 1356 1355 48 Clément X et canonisé par Clément XI. Belle pièce sig. Ita

389 1403 1352 46 est Plus pp. V; 7 oct. 1570, 4 p. in-f. Très-rare. 45 »

280 1446 1463 45 4469 Pie IX, souverain pontife actuel. — L. a. s., en italien,

391 1490 1353 48 comme évêque de Spolète, à L. Filippani ; Spolète, 8 mars

396 1535 1346 46 1830, 1 p. in-4., cachet. Belle pièce. 14 »

281 1579 1464 47 4470 Poniatowski (le prince), illustre guerrier, le Bayard de la

395 1623 1354 50 Pologne. — L. s. à M. Séréville, préposé du payeur de la

392 1668 1354 46 grande armée; Varsovie, 31 mars 1812, 1 p. 1/2 in-f. Belle

394 1712 1353 45 pièce. Rare. 20 »

438 1756 1309 41 Prière de lui compter les 200,000 fr. mis à sa disposition pour l’augmentation

400 1796 675 39 de l’armée du grand duché de Varsovie.

284 1846 1468 45 4471 Poujoulat (J.-J.-F.), historien, célèbre par ses travaux sur

394 1889 1358 47 les Croisades, né à La Fare. — L. a. s. (à Ach. comte), 1837,

401 1934 1354 45 1 p. in-8. 2 50

285 1989 1469 48 4472 Pradier (J.-J.), le célèbre sculpteur, né à Genève. – L. a. s.

398 2033 1355 47 à Ach. Comte, 1 p. in-8. 4 »

444 2079 1312 40 Curieuse épître. Il a donné congé de son atelier de l’Abbaye, et il a peur de

404 2119 1353 40 rester « le cul entre deux. (ici un croquis représentant un postillon entre

407 2157 758 38 deux chevaux, c'est-à-dire entre deux selles).

291 2205 1464 47 4473 Prim (le général), un des chefs de la dernière révolution

402 2252 1358 45 espagnole, président du conseil de la régence. — L. s. Le

402 2296 1356 46 comte de Reus, à un général; Chumla, 2oct. 1853,1 p. in-4. 3 »

448 2340 1313 39 Employé à l’armée de Crimée, il remercie ce général de l’invitation qu’il lui

408 2379 1093 41 fait d’assister aux manœuvres à feu qui auront lieu dans le camp.

296 2429 1466 52 4474 Quinet (Edgar), célèbre historien, représentant en 1848, né

406 2473 1356 48 à Bourg (Ain). — L. a. s. (à M. Gromier, son compatriote);

405 2518 1357 48 Vrytaux (Vaud), 19 av. 1868, 4 p. pl. in-8. 5 «

451 2562 1313 41 Très-curieuse épitre sur les élections de 1869, et, en particulier, celles du

411 2602 1354 41 département de l’Ain. « Il s’agit, dit-il, de présenter des candidats qui aient des
