1850 2972
891 177 196 50 - 14 -

367 277 1351 52 siège de Paris. — L. s., en français, au comte Ch. de Mans¬

368 317 1348 52 feld ; Bruxelles, 21 oct. 1589, 1 p. in-f; cachet à ses armes. 4 »

415 367 1303 40 Il le nomme en remplacement du marquis de Varambon, lui recommandant

375 407 1128 40 tout ce qui touche au redressement des affaires du roi (Philippe II).

254 445 1461 46 4396 Favre (Jules), illustre orateur, de l’Acad. Franc., né à Lyon.

366 488 1350 48 — L. a. s. (à M. M.-A. Gromier) ; Paris, 16 juin 1868, 2 p.

369 526 1347 43 in-8. 8 »

412 578 1304 40 Belle lettre relative à un programme, rédigé par M. Gromier pour les élec¬

373 617 1342 40 tions de 1869. Il félicite ce courageux ouvrier de la pennée d’être descendu

373 656 1340 46 sur le terrain aux premières clartés d'une aurore nouvelle. « Votre drapeau,

373 695 1346 39 ajoute-t-il, est celui que j’essaie de défendre. Qu’il vous conduise à la conquête

375 734 1344 39 pacifique des intelligences, au triomphe de la théorie que je résume par ces

375 771 1343 41 mots: La France se gouvernant elle-même à tous les degrés de la hiérar¬

374 811 426 40 chie sociale et politique.

254 850 1463 46 4397 Féraud (J.), conventionnel (Hautes-Pyrénées), dont l’assas¬

366 894 1349 37 sinat dans le sein de la Convention fit éclater l’héroïsme de

367 938 1351 47 Boissy d’Anglas. — Belle pièce sig. J. Féraud, président (de la

367 982 1349 52 Convention);' 15 mars 1793, 1 p. in-4. Rare. _ 6 »

254 1026 1464 48 4398 Fourier (Ch.), le créateur de la doctrine phalansthérienne, né

367 1071 1349 50 à Besançon. — L. a. s. (à Ach. Comte) ; Paris, 3 oct. 1829, 2 p.

367 1110 1349 42 in-4. 3 8 »

410 1160 1310 41 Très-curieuse épître contre le système communiste de Robert Owen, dont les

375 1201 1340 38 sectaires ont fondé aux Etats-Unis un établissement qui a complètement échoué.

372 1240 1348 40 Owen ignore le mécanisme sociétaire, et il n’a pu trouver un procédé efficace

375 1280 1342 38 pour prévenir le vol; « Mais il promettait de détruire les cultes et les prêtres :

374 1317 1282 41 à ce prix il était assuré de la haute protection du Sanhédrin philosophique. »

256 1357 1462 44 4399 François 1er, roi de France. — L. a. s. à l’Empereur (Charles-

366 1400 1350 47 Quint), 1 p. in-4. Belle et rare pièce. 200 »

411 1446 1307 38 Il lui envoie comme ambassadeur le sieur de Calvimont, second président en

373 1486 1345 39 sa cour de parlement de Bordeaux. (Cette lettre porte une cote espagnole dont

373 1523 937 42 l’écriture ressemble beaucoup à celle de Charles-Quint.)

256 1563 1458 47 4400 Georges Ier, roi d’Angleterre, fondateur de la dynastie de

368 1606 1348 48 Hanovre. — L. s., en franç., aux Etats-Généraux de Hollande;

369 1651 1351 48 de sa cour de Saint-James, 29 déc. 1719, 2 p. in-f. Superbe

364 1698 1354 41 pièce. 6 »

416 1742 1304 40 Pièce historique relative à la guerre contre les révoltés écossais et contre

374 1780 1346 41 l’Espagne, qui fut suivie de la quadruple alliance. La guerre étant finie, il leur

375 1820 1344 40 envoie le corps de troupes qu’ils ont mis à son service et qui s’est comporté

374 1860 1344 40 avec la plus grande valeur. Il rend un témoignage spécial au baron de Keppel,

375 1899 1344 40 qui les commandait. Il ajoute: « Nous n’oublierons pas non plus ni celles de vos

378 1939 1341 38 Loupes qui ont en part à l’affaire de Glenschill en Ecosse, ni le colonel Paul Van

377 1977 1343 41 Rammingen, qui a été à leur tête; et comme les rebelles ont été dispersés dans

376 2017 1343 40 cette action, il est juste que nous vous recommandions ceux de vos sujets qui

374 2055 341 39 s’y sont distingués. »

258 2093 1456 47 4401 Gessner (Salomon), célèbre poète suisse du XVIIIe siècle,

370 2140 1347 48 auteur de la Mort d’Abel et des Idylles. — L. a. s., en français,

373 2182 1343 48 à Suard; Zurich, JO août 1772, 2 p. in-4. 30 »

400 2228 1320 41 Belle et très-intéressante épître toute relative à la traduction française de ses

380 2266 1340 42 Idylles par Watelet, Meister et Suard. « Vous ne donnez pas seulement vous-

381 2307 1340 40 même, dit-il, votre suffrage à mes nouvelles Idylles, mais, par tout ce que vous

378 2346 1371 40 contribuez à en perfectionner la traduction qui doit paraître, vous allez encore

379 2384 1339 41 m’assurer celui de la nation, suffrage qu’il m’importe plus que jamais d’obtenir...»

264 2424 1455 47 4402 Gigli (Girolamo), célèbre poète lyrique siennois, éditeur des

376 2469 1343 46 Œuvres de Sainte Catherine de Sienne. — L. s., avec la souscript.

375 2513 1348 47 aut. (à Strozzi); Sienne, 14 déc! 1712, 4 p. in-f. 2 50

410 2558 1313 39 Très-curieuse lettre, relative à une chute dans ses escaliers, par suite de

383 2596 1340 42 laquelle il a dû se mettre au lit. Sa femme a profité de son état de faiblesse pour

384 2636 260 39 venir l’attaquer.
