1416 2299
652 119 682 124 -
706 103 737 132 13
758 119 790 124 -

155 175 190 203 99
209 178 374 214 Hervilly
393 178 517 213 (Ernest
536 178 586 213 d’),
608 179 724 206 auteur
745 179 781 207 de
803 180 829 206 la
854 180 920 207 Belle
938 181 1062 208 Sainara.—
1122 180 1152 209 L.
1174 189 1201 208 a.
1218 188 1242 208 s.
1264 188 1303 208 au

210 212 372 242 directeur
388 222 428 242 au
441 206 573 250 journal
590 216 621 242 Le
637 216 793 248 Boulevard,
811 214 889 249 1862,
905 216 916 242 1
938 223 965 251 p.
983 215 1056 244 in-8.
1235 216 1251 243 3
1290 226 1303 241 »

241 254 312 278 Jolie
333 255 412 279 lettre
434 255 546 279 relative
567 254 582 278 à
605 255 740 285 plusieurs
760 255 852 286 pièces
873 256 906 279 de
927 262 988 280 vers
1008 256 1041 280 de
1060 263 1090 280 sa
1110 256 1301 287 composition,

209 285 275 309 dont
292 293 345 310 une
360 293 375 310 a
390 293 459 317 pour
474 286 536 310 titre
554 285 559 310 :
579 285 628 310 Les
646 286 774 311 Cordons
793 286 832 311 du
845 286 934 317 poêle.

142 320 189 348 100
209 322 330 356 Hoche
345 321 492 357 (Lazare),
509 321 636 349 illustre
654 322 782 362 général
799 322 835 350 de
853 322 884 350 la
898 322 1109 359 République.
1122 338 1155 343 —
1166 323 1201 351 L.
1218 332 1244 351 a.
1262 331 1304 358 s.;

210 356 483 393 Sarreguemines,
500 356 534 383 22
550 357 721 391 brumaire,
739 357 789 392 1/2
804 366 832 394 p.
850 359 912 394 pet.
930 358 1006 387 in-4.
1219 358 1253 385 20
1290 370 1304 383 »

139 395 186 424 101
209 397 313 432 Hugo
330 397 473 431 (Victor),
489 396 638 425 l’illustre
655 397 807 432 écrivain,
829 397 866 425 de
887 398 1002 426 l’Acad.
1024 398 1064 427 fr.
1084 413 1119 419 —
1138 398 1172 426 L.
1195 407 1221 426 a.
1243 407 1266 426 s.
1289 399 1306 425 à

210 432 301 460 Jules
318 432 476 466 Pelletan,
499 432 577 467 1838,
594 434 605 459 1
624 441 653 469 p.
670 433 745 461 in-8.
1236 434 1253 461 5
1291 445 1304 459 »

247 473 269 496 Il
285 473 324 497 lui
339 473 450 497 adresse
461 480 498 496 un
512 473 588 497 billet
599 480 666 504 pour
684 474 798 498 assister
811 474 824 497 à
837 474 863 498 la
874 474 1090 505 représentation
1104 474 1136 498 de
1149 474 1304 505 Ruy-Blas.

140 507 190 536 102
210 508 344 544 Joseph
370 508 437 544 (Fr.
463 509 562 536 Leclerc
585 510 622 536 du
647 510 785 543 Tremblay
790 531 797 544 ,
821 509 868 537 dit
894 509 921 537 le
946 509 1051 545 père),
1081 509 1240 537 confident
1268 509 1305 537 de

209 543 390 578 Richelieu,
417 545 449 572 et
471 552 531 580 que
557 544 618 572 l’on
643 545 784 581 appelait
809 545 970 573 YEminence
992 547 1072 580 yrïse.
1097 561 1129 565 —
1154 545 1188 573 L.
1213 554 1240 572 a.
1265 554 1304 580 s.;

209 579 318 613 Rueil,
335 580 368 606 14
383 579 465 607 avril
482 580 581 615 (1634),
599 582 608 607 1
628 588 657 616 p.
674 580 752 609 in-4.
1219 580 1252 608 50
1291 592 1305 606 »

250 619 323 643 Belle
340 620 427 644 lettre.
448 620 593 644 Nouvelles
611 620 647 644 du
675 621 715 645 roi
738 623 763 645 et
792 621 824 645 de
849 621 884 644 M.
906 620 931 645 le
956 621 1085 645 cardinal.
1107 621 1248 652 Escapade
1270 622 1306 645 du

212 650 306 681 prince
321 651 448 675 Thomas.
468 651 570 676 Affaire
586 654 753 676 concernant
767 652 808 676 les
821 652 1012 676 Bénédictines
1026 652 1059 676 de
1074 652 1178 680 Reims,
1196 654 1247 676 etc.

141 685 191 714 103
211 686 380 722 Kersaint
395 686 495 722 (Guy),
520 686 643 715 célèbre
667 687 912 715 conventionnel
929 687 1089 723 girondin,
1107 687 1248 723 décapité
1267 696 1306 715 en

213 721 289 749 1793.
306 738 340 742 —
356 722 392 749 L.
413 731 439 750 a.
457 731 480 750 s.
498 723 516 749 à
531 722 572 750 M.
589 722 776 754 Desbordes,
794 723 872 757 1777,
891 725 900 751 1
920 732 948 759 p.
966 723 1043 751 in-4.
1059 725 1137 751 Rare.
1221 724 1253 750 10
1291 734 1305 747 »

142 762 192 789 104
213 762 319 790 Louis
333 763 423 796 XVI,
440 763 485 790 roi
505 762 558 790 des
574 763 735 801 Français.
760 779 794 783 —
816 763 942 791 Poésies
967 763 1161 800 historiques
1181 764 1218 790 de
1240 764 1307 790 1774

212 798 229 825 à
254 797 330 831 1783,
355 798 489 826 environ
512 798 546 825 50
569 799 682 834 pièces.
706 799 854 827 Réunion
879 799 1091 827 intéressante
1112 799 1231 827 formée
1252 807 1308 835 par

212 833 254 861 M.
270 833 449 862 Villenave.
1224 835 1255 862 15
1292 845 1306 859 »

142 873 193 901 105
211 873 376 908 Mausart
391 873 489 908 (Jules
504 874 674 910 Hardoin),
691 874 841 902 l’illustre
858 874 1031 903 architecte
1048 875 1084 902 de
1101 874 1197 902 Louis
1218 874 1302 902 XIV.

210 925 246 929 —
260 909 329 937 Let.
346 909 371 937 si
377 917 405 945 g.
416 919 422 944 ;
440 909 556 946 Marly,
572 910 587 937 8
603 918 674 938 nov.
692 910 771 944 1703,
786 910 803 936 2
820 918 847 946 p.
865 910 941 938 in-4.
1221 910 1254 936 42
1292 921 1305 935 »

249 949 380 974 Curieuse
394 950 480 974 lettre.
497 950 519 974 Il
533 950 667 974 demande
681 957 732 981 que
743 951 767 975 le
782 950 862 974 fonds
873 951 906 975 de
920 951 1018 979 11)0,000
1030 951 1111 975 livres
1122 950 1228 975 destiné
1240 956 1308 981 pour

213 980 252 1004 les
276 987 411 1011 ouvrages
427 981 442 1004 à
461 981 527 1005 faire
544 982 559 1005 à
575 981 677 1012 l'église
690 982 722 1006 de
737 982 837 1006 l’Hôtel
850 982 898 1006 des
911 981 1047 1006 Invalides
1068 982 1187 1012 pendant
1203 981 1307 1005 l’année

215 1011 281 1039 1704,
301 1012 355 1036 soit
369 1014 422 1036 mis
442 1013 457 1036 à
481 1020 511 1037 sa
537 1013 700 1043 disposition
722 1013 792 1037 dans
812 1014 836 1037 le
852 1013 914 1044 plus
928 1013 985 1037 bref
1006 1013 1076 1037 délai
1098 1013 1226 1044 possible.
1245 1013 1307 1043 (Les

213 1043 363 1067 batiments
378 1044 444 1068 dont
460 1044 486 1068 la
502 1044 688 1068 construction
701 1044 775 1068 avait
788 1044 831 1068 été
846 1044 948 1074 dirigée
964 1051 1012 1075 par
1026 1044 1155 1071 Mansart,
1172 1044 1220 1075 qui
1235 1044 1306 1068 avait

213 1074 303 1099 donné
319 1075 377 1099 seul
392 1075 431 1099 les
445 1075 554 1099 dessins
570 1076 606 1099 du
622 1076 710 1103 dôme,
727 1076 818 1100 furent
833 1076 1044 1106 complètement
1057 1076 1172 1099 achevés
1182 1082 1216 1099 en
1230 1074 1308 1102 1704.)

144 1109 194 1137 106
214 1111 383 1146 Marceau
407 1110 609 1146 (Ir.-Séverin
630 1110 869 1145 Desgraviers),
895 1111 1021 1139 illustre
1047 1110 1175 1147 général
1208 1110 1245 1138 de
1279 1110 1309 1138 la.

214 1145 425 1182 République.
443 1162 476 1166 —
490 1146 527 1174 P.
543 1155 570 1174 a.
588 1154 627 1181 s.;
645 1146 773 1174 octobre
790 1146 869 1180 1793,
886 1147 896 1173 1
917 1155 945 1183 p.
963 1147 1067 1174 in-fol.
1221 1145 1255 1172 15
1292 1156 1306 1170 »

252 1186 392 1211 Demande
408 1186 441 1211 de
455 1193 500 1211 ses
512 1187 733 1218 appointements
746 1193 852 1212 comme
865 1187 976 1217 général
990 1188 1023 1211 de
1038 1186 1150 1217 brigade
1165 1186 1181 1210 à
1198 1186 1308 1210 l’armée

214 1217 247 1242 de
259 1217 369 1243 l’Ouest.

144 1253 193 1281 107
214 1255 434 1289 Marguerite
457 1255 500 1282 de
521 1255 655 1289 Valois,
679 1255 768 1282 reine
794 1254 831 1282 de
856 1254 1008 1288 Navarre,
1025 1254 1090 1282 fille
1106 1254 1143 1281 de
1165 1253 1263 1281 Henri
1280 1253 1306 1281 II

215 1291 247 1317 et
261 1289 298 1317 de
315 1289 485 1318 Catherine
502 1290 538 1317 de
555 1290 697 1324 Médicis,
714 1290 870 1326 première
882 1290 996 1318 femme
1008 1290 1045 1317 de
1058 1289 1156 1317 Henri
1172 1289 1224 1321 IV,
1242 1289 1307 1316 dite

215 1326 241 1352 la
265 1326 345 1353 Reine
368 1328 480 1360 Margot,
504 1326 662 1362 princesse
688 1325 811 1354 célèbre
836 1334 892 1361 par
914 1334 961 1354 ses
987 1325 1180 1361 galanteries
1200 1326 1232 1352 et
1252 1332 1305 1352 son

216 1368 328 1388 amour
349 1369 429 1396 pour
453 1361 498 1389 les
522 1363 598 1389 arts.
623 1377 657 1382 —
679 1361 772 1389 Pièce
803 1363 868 1389 aut.
900 1362 971 1397 sig.,
1001 1369 1056 1389 sur
1083 1360 1184 1395 vélin;
1205 1360 1308 1394 Paris,

215 1396 244 1423 31
264 1396 330 1426 déc.
349 1396 425 1431 1614,
442 1397 451 1423 1
472 1405 500 1432 p.
519 1397 594 1425 in-4.
612 1397 674 1425 obi.
1221 1395 1254 1423 38
1293 1406 1306 1420 »

254 1433 330 1462 Reçu
345 1433 377 1457 de
394 1432 419 1457 la
434 1439 539 1457 somme
554 1433 586 1457 de
601 1434 668 1457 trois
686 1432 759 1457 mille
772 1433 838 1457 écus
854 1440 865 1455 «
880 1439 948 1463 pour
963 1434 1054 1457 nostre
1065 1432 1163 1456 eartier
1178 1432 1210 1456 de
1222 1431 1309 1462 juillet

216 1464 263 1488 mil
282 1464 324 1488 six
342 1470 407 1488 sans
421 1464 493 1488 saise
508 1465 540 1489 de
554 1464 579 1488 la
592 1464 705 1495 pantion
721 1463 786 1495 qu’il
800 1464 880 1495 pleist
892 1471 926 1488 au
944 1465 982 1488 roi
998 1470 1067 1488 nous
1087 1463 1200 1488 donner.
1218 1471 1229 1485 »

145 1499 195 1526 108
215 1499 329 1526 Marie
344 1500 548 1533 Leczinska,
565 1499 653 1527 reine
669 1499 706 1526 de
723 1499 855 1533 France,
880 1499 994 1526 femme
1019 1499 1056 1526 de
1079 1498 1175 1526 Louis
1190 1498 1258 1526 XV.
1275 1514 1307 1518 —

215 1534 283 1562 Let.
300 1536 365 1562 aut.
383 1542 422 1562 au
439 1537 540 1563 comte
557 1535 594 1562 de
611 1534 900 1570 Saint-Florentin;
927 1534 977 1569 1/2
1002 1542 1030 1570 p.
1057 1534 1145 1569 in-4.,
1167 1533 1276 1562 cachet
1293 1534 1309 1561 à

215 1578 263 1598 ses
280 1577 392 1597 armes.
1223 1569 1256 1596 30
1294 1579 1307 1594 »

255 1606 328 1630 Belle
343 1605 421 1630 lettre
434 1605 502 1630 dans
517 1606 633 1637 laquelle
647 1606 666 1630 il
682 1608 723 1630 est
738 1606 866 1637 question
879 1606 911 1630 de
924 1606 1053 1633 Lassone,
1069 1611 1118 1629 son
1134 1605 1266 1629 médecin.

149 1641 197 1669 109
217 1641 407 1680 Marignan
423 1640 505 1676 (J.-J.
523 1641 559 1669 de
576 1641 720 1676 Médicis,
737 1641 878 1677 marquis
890 1641 948 1676 de),
961 1649 1002 1669 un
1014 1641 1067 1669 des
1083 1641 1153 1676 plus
1170 1640 1308 1668 célèbres

218 1677 392 1713 capitaines
408 1676 449 1704 du
465 1682 529 1704 xvi°
545 1676 651 1711 siècle,
668 1677 705 1704 né
722 1685 759 1704 en
779 1678 856 1711 1497,
873 1680 955 1705 mort
971 1685 1008 1704 en
1026 1677 1103 1705 1555.
1111 1692 1144 1696 —
1151 1676 1219 1704 Let.
1236 1676 1308 1711 sig.,

213 1721 287 1740 avec
311 1712 341 1739 la
362 1712 530 1747 souscript.
547 1714 626 1746 aut.,
643 1721 682 1740 au
699 1712 858 1748 capitaine
875 1712 1065 1741 Lanfranchi
1078 1722 1084 1746 ;
1100 1712 1117 1739 9
1133 1711 1208 1740 août
1225 1712 1307 1745 1554,

217 1749 228 1774 1
248 1756 277 1784 p.
294 1747 375 1781 in-f.,
392 1748 495 1775 traces
511 1748 548 1775 de
564 1747 684 1776 cachet.
701 1750 778 1776 Rare.
1222 1747 1255 1774 35
1293 1758 1307 1772 »

145 1788 196 1815 110
216 1787 387 1822 Marquis,
404 1787 519 1823 député
535 1788 571 1815 de
588 1788 619 1815 la
634 1788 741 1815 Meuse
767 1788 784 1815 à
807 1788 837 1815 la
861 1788 1068 1821 Convention,
1094 1787 1308 1815 commissaire

216 1831 295 1859 pour
318 1823 362 1850 les
385 1822 619 1857 départements
651 1823 896 1857 d’Outre-Rhin,
926 1831 965 1851 en
996 1823 1242 1859 remplacement
1271 1823 1308 1850 de

215 1858 264 1887 Ru
270 1859 285 1886 d
292 1859 347 1886 1er.
372 1874 403 1878 —
427 1859 496 1886 Let.
519 1859 578 1895 sig.
611 1867 650 1886 au
682 1858 873 1895 sous-préfet
897 1858 934 1886 de
959 1858 1251 1886 l’arromiissement
1271 1858 1307 1885 de

216 1894 311 1929 Toul;
328 1893 449 1929 Nancy,
466 1902 505 1921 an
521 1892 592 1928 XII,
607 1894 623 1921 2
641 1902 667 1930 p.
685 1894 762 1922 in-4.
1240 1893 1256 1921 3
1294 1904 1307 1919 »

145 1936 190 1962 111
215 1935 436 1972 Maupertuis
453 1934 547 1972 (P.-L.
570 1934 706 1962 Moreau
730 1934 787 1970 de),
814 1934 972 1970 géomètre
998 1936 1030 1962 et
1054 1933 1244 1966 astronome,
1270 1933 1308 1961 de

216 1970 332 1998 l’Acad.
349 1969 388 1997 fr.
405 1985 438 1989 —
454 1970 547 1997 Pièce
564 1972 642 2004 aut.,
660 1970 758 2005 (1749),
774 1969 790 1997 3
807 1978 835 2006 p.
852 1969 930 1998 in-4.
1225 1970 1255 1996 18
1293 1980 1307 1994 »

255 2010 358 2034 Minute
376 2009 455 2033 d'une
475 2010 553 2034 lettre
572 2010 766 2034 très-curieuse
784 2017 832 2034 sur
851 2010 876 2034 la
891 2012 962 2034 mort
978 2010 1009 2034 de
1029 2010 1080 2034 M*
1097 2010 1132 2034 du
1152 2010 1289 2034 Chastelet.
1303 2016 1308 2033 :

218 2050 229 2065 «
248 2041 289 2066 On
309 2042 407 2066 mande
429 2047 481 2072 que
499 2041 534 2064 M.
560 2041 593 2065 de
618 2041 738 2066 Voltaire
756 2041 817 2065 fend
842 2041 882 2065 les
904 2041 1014 2065 rochers
1038 2048 1086 2070 par
1110 2048 1154 2065 ses
1175 2041 1237 2069 cris;
1259 2040 1278 2065 il
1293 2047 1308 2064 a

220 2074 321 2100 raison,
343 2072 384 2097 s’il
405 2073 466 2096 sent
487 2078 593 2096 comme
612 2072 631 2097 il
648 2072 705 2097 doit
725 2072 751 2096 la
769 2074 845 2103 perte
861 2072 925 2103 qu’il
939 2072 1013 2096 vient
1031 2071 1063 2097 de
1078 2072 1144 2097 faire
1157 2073 1184 2096 et
1195 2071 1259 2103 qu’il
1275 2078 1308 2096 en
