1424 2245
559 106 684 165 - 4 -
34 215 160 245 voyage
180 206 258 245 qu’il
280 207 316 237 fit
333 215 374 236 en
396 207 559 245 Belgique
575 210 607 237 et
626 216 667 238 en
683 207 859 245 Hollande,
877 208 898 237 il
915 208 1075 238 s'adonna
1092 208 1217 239 défini¬

38 249 196 279 tivement
215 248 234 277 à
256 248 285 276 la
307 247 452 277 carrière
473 247 684 278 industrielle
706 250 737 278 et
755 248 975 286 scientifique.
1002 248 1081 279 Plus
1100 248 1173 279 tard
1195 248 1216 277 il

35 286 186 326 professa
204 287 233 317 la
249 287 371 317 chimie
388 295 406 316 a
423 287 546 317 l’Ecole
563 287 604 317 de
620 288 814 318 Commerce
830 287 871 318 de
884 288 990 325 Paris,
1010 291 1042 318 et
1058 288 1216 319 s’attacha

34 330 52 358 à
67 336 233 366 propager
249 328 278 357 la
293 328 537 358 connaissance
552 327 593 357 de
610 328 639 357 la
654 328 778 358 chimie
791 328 968 367 appliquée
983 330 1001 358 à
1018 328 1212 359 l’industrie.

74 378 119 406 Le
145 385 209 415 peu
233 376 274 406 de
299 377 393 415 place
416 376 497 406 dont
522 385 607 406 nous
628 377 809 415 disposons
827 386 869 407 ne
892 386 978 407 nous
1003 380 1133 416 permet
1156 386 1217 415 pas

34 417 364 447 malheureusement
384 417 424 446 de
445 417 527 447 citer
544 420 620 447 tous
641 418 690 447 les
706 420 845 448 travaux
860 420 891 448 et
908 419 1014 448 toutes
1029 418 1078 448 les
1093 419 1217 447 inven¬

35 458 125 487 tions
158 457 237 487 dont
268 457 300 486 la
332 457 464 487 science
494 459 545 487 est
580 457 758 487 redevable
790 459 808 487 à
837 459 879 488 M.
917 458 1134 488 Dubrunfaut.
1171 458 1218 487 La

35 497 229 528 distillation
260 499 292 527 et
321 497 351 527 la
382 497 580 527 fabrication
612 498 671 527 des
702 498 920 528 eaux-de-vie
948 498 1058 528 furent
1090 500 1164 528 tour
1199 500 1218 527 à

35 541 110 568 tour
130 537 241 575 l’objet
261 537 302 567 de
324 545 379 567 ses
404 537 602 567 recherches
628 539 659 568 et
681 538 722 568 de
745 546 799 568 ses
820 538 1046 568 découvertes.
1074 539 1098 568 Il
1129 537 1216 567 s’oc¬

33 586 118 615 cupa
147 577 245 607 d’une
274 577 371 613 façon
387 579 476 607 toute
498 577 713 615 particulière
734 578 775 608 de
794 578 825 608 la
842 578 1039 609 fabrication
1060 578 1104 607 du
1124 585 1220 607 sucre

34 618 75 647 de
106 617 279 647 betterave
291 627 298 655 ;
328 617 377 647 les
406 618 587 648 mémoires
616 617 695 656 qu’il
725 618 843 648 écrivit
871 626 928 648 sur
952 621 1036 648 cette
1067 618 1220 656 question

36 660 93 687 ont
116 658 167 688 été
187 658 374 697 justement
394 658 600 696 remarqués.
628 658 678 687 En
704 658 781 687 1833
805 658 826 687 il
853 658 1051 689 abandonna
1079 657 1218 688 l’ensei¬

34 701 195 736 gnement
210 706 296 735 pour
313 699 431 728 mettre
447 706 501 728 ses
516 698 665 729 théories
682 707 722 728 en
737 698 898 736 pratique.

75 755 401 794 Indépendamment
433 756 473 785 de
507 756 707 790 mémoires,
744 756 784 786 de
818 756 1019 793 brochures,
1053 756 1221 785 d’articles

36 797 166 826 insérés
187 796 271 825 dans
293 796 341 826 les
364 796 672 835 Comptes-rendus
692 796 730 825 de
753 796 955 826 VAcadémie
974 796 1031 825 des
1051 796 1217 833 Sciences,

37 837 122 866 dans
151 836 181 866 le
212 835 454 865 Dictionnaire
482 836 529 864 du
560 837 751 866 Commerce
755 860 761 873 ,
793 839 865 874 etc.,
894 837 936 866 M.
965 835 1175 867 Dubrunfaut
1202 844 1219 866 a

36 877 150 915 publié
166 876 172 906 :
190 876 239 905 De
256 876 334 905 l'art
350 876 390 905 de
406 876 438 906 la
454 876 675 906 Distillation
690 876 803 916 (1824);
819 877 869 906 De
888 877 920 905 la
934 876 1157 906 Fabrication
1172 876 1218 904 du

36 917 147 946 Sucre
170 915 210 945 de
234 917 417 946 betteraves
441 916 566 955 (1822);
593 917 748 955 Sucrage
772 917 829 946 des
855 916 1044 956 vendanges
1068 926 1146 946 avec
1172 916 1218 945 les

37 966 151 986 sucres
167 956 304 996 raffinés
319 957 358 986 de
373 966 489 994 canne,
507 957 546 985 de
563 957 740 993 betterave,
757 961 816 986 etc.
834 957 956 996 (1854);
976 957 1095 987 Notice
1110 957 1220 986 histo¬

37 999 136 1037 rique
151 1006 213 1026 sur
230 997 262 1026 la
277 997 486 1026 distillation
505 997 561 1026 des
578 997 760 1026 betteraves
780 997 901 1037 (1856);
925 997 1101 1027 L’Osmose
1117 1000 1148 1026 et
1168 1007 1219 1026 ses

38 1037 266 1077 applications
287 1037 523 1067 industrielles
543 1037 665 1076 (1873);
687 1038 733 1067 Le
753 1038 862 1067 Sucre
881 1037 966 1067 dans
986 1047 1037 1068 ses
1056 1040 1219 1077 rapports

38 1088 114 1108 avec
135 1078 167 1107 la
186 1077 322 1114 science,
345 1078 594 1117 l’agriculture,
619 1078 648 1107 le
669 1087 859 1115 commerce,
880 1080 938 1108 etc.

80 1127 181 1165 C’est,
207 1135 472 1165 croyons-nous,
498 1135 574 1157 vers
602 1127 695 1165 1830,
708 1143 746 1148 —
758 1126 780 1156 il
806 1136 826 1165 y
853 1136 871 1156 a
899 1127 975 1165 plus
1003 1127 1081 1156 d’un
1109 1126 1219 1156 demi-

40 1167 219 1204 siècle,—
239 1175 303 1206 que
332 1168 374 1197 M.
407 1166 615 1197 Dubrunfaut
646 1169 800 1205 s’occupa
829 1167 1098 1205 d’autographes.
1130 1167 1155 1196 Il
1185 1175 1221 1196 se

41 1210 210 1243 contenta,
235 1216 317 1245 pour
341 1215 564 1245 commencer,
588 1207 648 1237 des
670 1207 783 1245 pièces
805 1215 869 1245 que
892 1207 938 1236 lui
961 1206 1143 1237 donnaient
1166 1214 1221 1236 ses

42 1248 227 1278 nombreux
247 1247 335 1277 amis
355 1247 399 1277 du
419 1247 542 1277 monde
562 1249 689 1277 savant.
720 1248 764 1277 De
786 1255 823 1277 ce
841 1247 980 1277 nombre
1000 1247 1079 1278 était
1099 1246 1220 1276 Jullien

43 1288 83 1318 de
99 1288 204 1325 Paris,
221 1287 277 1325 qui
299 1287 343 1317 lui
364 1288 493 1317 laissait
513 1287 657 1325 prendre
672 1287 757 1317 dans
777 1295 814 1317 sa
831 1287 1061 1317 volumineuse
1084 1295 1222 1317 corres¬

43 1327 219 1366 pondance
235 1327 284 1357 les
301 1328 413 1358 lettres
428 1327 469 1357 de
485 1328 758 1365 contemporains
773 1329 921 1365 pouvant
933 1327 978 1357 lui
994 1326 1076 1357 faire
1089 1327 1217 1365 plaisir.

44 1368 69 1398 Il
86 1367 133 1398 fut
149 1369 169 1397 à
185 1370 269 1398 cette
285 1368 413 1406 époque
430 1376 474 1397 un
491 1368 551 1397 des
566 1368 730 1405 premiers
750 1367 867 1397 clients
890 1368 932 1397 du
957 1368 1035 1405 père
1052 1367 1219 1405 Danquin,

45 1408 86 1438 de
103 1407 241 1438 Lefèvre
257 1410 288 1438 et
302 1407 344 1437 de
361 1408 507 1446 Charon;
532 1416 568 1437 sa
590 1407 765 1438 collection
788 1406 994 1446 s’augmenta
1011 1407 1222 1446 rapidement

45 1449 106 1478 des
134 1447 354 1478 nombreuses
377 1449 491 1486 pièces
515 1447 593 1486 qu’il
618 1447 760 1477 achetait
784 1448 869 1477 dans
893 1448 943 1477 les
969 1450 1100 1482 ventes,
1130 1449 1170 1477 où
1198 1447 1218 1476 il

45 1488 192 1518 assistait
206 1487 354 1527 toujours
374 1488 559 1525 lui-même,
577 1489 608 1517 et
623 1487 737 1518 devint
753 1496 812 1525 par
828 1488 857 1517 la
879 1488 965 1517 suite
982 1496 1019 1517 ce
1036 1487 1156 1526 qu’elle
1172 1490 1221 1517 est

46 1528 267 1568 aujourd'hui,
285 1527 504 1558 c’est-à-dire
519 1528 548 1557 la
564 1527 640 1566 plus
658 1528 856 1565 importante
873 1527 914 1557 de
932 1528 1036 1557 Paris.
1057 1528 1080 1557 Il
1100 1527 1222 1557 collec¬

47 1569 188 1599 tionnait
198 1569 217 1597 à
228 1577 292 1606 peu
303 1568 379 1606 près
392 1570 466 1598 tous
478 1568 526 1598 les
537 1576 657 1606 genres
667 1577 673 1598 :
688 1568 737 1597 les
748 1570 884 1598 savants
895 1576 934 1597 en
944 1568 1110 1606 première
1120 1568 1221 1605 ligne,

47 1617 84 1638 ce
95 1612 151 1647 qui
168 1611 216 1638 est
230 1611 299 1638 tout
316 1608 460 1641 naturel;
479 1608 527 1638 les
551 1607 676 1645 grands
697 1608 874 1643 écrivains,
898 1608 945 1637 les
969 1608 1102 1639 artistes
1121 1611 1153 1637 et
1175 1607 1224 1637 les

48 1657 277 1686 personnages
300 1648 341 1677 de
365 1649 395 1678 la
426 1648 634 1678 Révolution.
666 1647 690 1677 Il
714 1657 733 1686 y
755 1656 773 1677 a
796 1656 858 1677 une
881 1648 967 1677 série
992 1647 1180 1686 cependant
1204 1649 1222 1677 à

46 1689 188 1726 laquelle
216 1688 238 1717 il
266 1688 456 1718 n’attachait
481 1697 542 1726 pas
566 1690 679 1717 autant
705 1688 943 1725 d’importance
971 1697 977 1717 :
1006 1696 1042 1718 ce
1071 1690 1146 1717 sont
1174 1688 1223 1717 les

46 1728 259 1765 souverains;
286 1728 307 1757 il
335 1728 372 1758 fit
397 1729 597 1758 néanmoins
625 1735 690 1757 une
719 1728 891 1765 exception
918 1736 1002 1766 pour
1022 1728 1052 1757 la
1074 1726 1223 1757 fameuse

47 1768 141 1798 lettre
158 1768 198 1798 de
216 1768 391 1805 Napoléon
406 1770 425 1797 à
437 1768 688 1804 Marie-Louise,
700 1767 778 1805 qu’il
792 1776 876 1806 paya
888 1767 979 1804 1,200
990 1767 1028 1798 fr.
1048 1770 1065 1797 à
1082 1767 1113 1797 la
1124 1770 1222 1798 vente

47 1808 252 1846 Lajarriette.
271 1808 356 1838 C’est
370 1817 414 1838 un
434 1808 473 1838 de
490 1816 545 1838 ses
558 1808 693 1847 joyaux.

87 1858 131 1888 M.
157 1855 376 1892 Dubrunfaut,
400 1857 455 1895 qui
478 1857 557 1887 était
578 1856 745 1886 chevalier
771 1855 811 1885 de
836 1856 864 1885 la
890 1857 1014 1895 Légion
1038 1856 1223 1886 d’honneur

47 1897 166 1935 depuis
185 1897 274 1934 1861,
297 1905 315 1926 a
335 1897 386 1927 été
407 1905 525 1935 promu
548 1905 590 1926 au
610 1896 712 1934 grade
736 1895 892 1926 d’officier
915 1905 955 1926 en
980 1897 1071 1934 1878;
1095 1896 1180 1926 mais
1201 1897 1223 1926 il

47 1938 135 1967 avait
155 1937 230 1975 déjà
249 1945 327 1973 reçu
347 1936 387 1966 de
409 1936 630 1966 nombreuses
651 1935 863 1966 distinctions
886 1936 1126 1975 honorifiques.
1151 1937 1223 1966 Une

47 1977 208 2007 anecdote
221 1978 239 2006 à
251 1985 288 2007 ce
302 1985 426 2015 propos
442 1986 447 2006 :
464 1976 512 2006 On
527 1976 591 2007 sait
606 1984 670 2014 que
686 1975 764 2006 c’est
777 1977 796 2006 à
810 1985 871 2006 son
888 1977 959 2006 insu
976 1985 1040 2015 que
1055 1976 1224 2014 plusieurs

47 2017 87 2048 de
109 2025 165 2047 ses
186 2018 271 2047 amis
293 2020 322 2047 et
345 2016 580 2055 compatriotes
602 2017 697 2046 firent
723 2016 770 2045 les
793 2016 991 2046 démarches
1014 2016 1223 2047 nécessaires

46 2066 129 2095 pour
149 2056 194 2086 lui
215 2057 346 2087 obtenir
366 2057 396 2086 le
411 2057 519 2086 ruban
534 2065 647 2094 rouge,
668 2057 711 2085 M.
734 2057 868 2093 Dumas,
886 2056 927 2086 de
943 2056 1158 2093 l’Académie,
1174 2056 1224 2086 fut

44 2097 166 2135 chargé
182 2097 223 2127 de
238 2097 284 2127 lui
300 2104 468 2127 annoncer
484 2096 512 2126 la
534 2095 699 2126 nouvelle.
718 2096 742 2126 Il
759 2095 824 2126 alla
840 2096 870 2126 le
886 2096 957 2126 voir
973 2098 1004 2127 et
1025 2096 1221 2134 l’interpella
