1424 2245
637 117 666 143 -
689 117 721 143 12
742 132 774 137 -

132 191 166 219 86
186 192 353 220 k'réàério
381 193 428 226 II,
454 192 501 220 roi
527 192 565 219 de
589 192 722 225 Prusse,
748 192 796 220 dit
819 193 842 220 le
866 193 959 221 Grand
962 213 968 220 .
986 209 1019 213 —
1035 192 1103 220 Let.
1129 193 1190 229 sig.
1216 201 1291 220 avec

185 228 202 255 3
219 228 322 262 lignes
338 231 416 261 aut.,
433 236 472 256 en
488 227 642 267 français,
658 228 676 255 à
690 228 835 262 Thiriot;
854 228 1065 262 Remusberg,
1083 228 1114 255 17
1131 228 1193 257 fév.
1211 229 1289 262 1739,

187 263 238 298 3/4
254 262 291 291 de
313 272 339 299 p.
357 263 433 291 in-4.
1206 264 1238 291 40
1276 276 1290 289 »

218 299 349 324 Curieuse
371 300 449 324 lettre
468 306 516 324 sur
537 299 664 323 Voltaire.
686 299 709 323 Il
729 306 745 323 a
762 306 825 329 reçu
842 298 868 324 la
890 298 1128 326 omanie,
1146 300 1223 331 pièce
1243 300 1290 332 qui

188 331 235 355 fait
256 338 307 362 peu
331 331 482 355 d’honneur
509 330 525 354 à
547 337 596 355 son
619 332 717 354 auteur
741 333 768 355 et
792 331 832 355 lui
857 337 953 355 assure
972 331 1038 362 qu'il
1061 331 1121 355 n’en
1146 338 1291 362 marquera

187 363 244 386 rien
260 363 275 386 à
288 362 376 392 Cirey.
392 362 414 386 Il
429 362 560 386 l’exhorte
573 362 719 386 fortement
734 362 750 386 à
764 369 798 386 ne
814 368 863 393 pas
878 362 1056 386 abandonner
1071 362 1105 386 M.
1122 363 1155 387 de
1172 362 1292 387 Voltaire

186 394 255 417 dans
274 395 345 418 cette
365 393 502 418 occasion.
525 401 536 416 «
561 393 635 417 Vous
655 400 688 417 ne
710 399 822 424 pouvez,
843 400 909 417 sans
930 400 998 417 vous
1016 393 1082 418 faire
1100 394 1243 424 beaucoup
1259 394 1292 417 de

188 426 249 452 tort,
266 431 400 456 manquer
415 425 431 448 à
447 431 497 449 son
517 424 601 454 égard
616 430 670 448 aux
686 424 795 449 devoirs
813 424 846 449 de
862 424 983 449 l’amitié.
1002 432 1014 447 »
1034 425 1100 449 Puis
1117 424 1134 448 il
1150 424 1242 455 ajoute
1258 431 1292 449 en

187 456 400 487 post-scriptum
421 463 426 480 :
449 463 459 478 «
483 456 706 480 Souvenez-vous
725 463 778 487 que
799 462 867 480 vous
889 456 971 480 devez
991 458 1068 480 votre
1085 456 1262 486 témoignage
1277 457 1293 480 à

186 487 221 511 M.
235 488 268 511 de
287 487 415 514 Voltaire,
432 487 479 518 qui
496 489 538 511 est
554 489 630 511 votre
646 487 711 514 ami,
729 489 756 511 et
771 488 786 511 à
805 487 831 511 la
849 487 933 512 vérité
951 487 996 518 qui
1015 487 1039 511 le
1055 487 1182 511 réclame.
1203 496 1214 510 »

131 531 163 559 87
186 532 332 567 Gautier
353 531 560 567 (Théophile),
576 531 605 558 le
627 528 762 559 brillant
783 532 933 568 critique.
946 547 978 551 —
990 531 1025 559 L.
1042 540 1069 559 a.
1086 540 1110 559 s.
1129 540 1168 559 au
1190 531 1292 560 direc¬

186 568 260 594 teur
276 567 349 595 d’un
362 567 505 602 journal,
523 568 534 593 1
554 575 582 603 p.
601 566 695 594 in-18.
1207 567 1240 595 10
1277 579 1292 592 »

220 602 241 627 Il
258 603 282 627 le
298 603 355 633 prie
370 603 403 627 de
418 603 562 627 continuer
577 603 593 626 à
606 602 645 627 lui
661 608 780 631 envoyer
794 602 834 627 les
848 603 940 627 billets
950 603 983 627 de
1000 602 1135 633 première
1152 604 1293 633 représen¬

187 636 272 659 tation
288 636 315 658 et
329 634 368 659 lui
386 635 486 658 mande
501 641 554 665 que
569 640 619 658 son
635 634 691 658 ami
708 634 811 658 Gérard
830 634 864 658 de
881 634 980 659 Nerval
995 635 1037 658 est
1056 634 1157 664 chargé
1173 634 1206 658 de
1226 634 1293 659 faire

188 666 225 690 les
249 666 327 690 notes
349 665 472 690 insérées
499 666 568 690 dans
591 665 615 689 le
640 672 721 696 corps
745 665 780 689 du
807 665 914 695 journal
942 665 989 696 qui
1015 665 1217 695 remplaceront
1243 672 1293 690 son

187 697 338 721 feuilleton.

131 732 164 760 88
187 732 356 767 Girardin
375 732 487 767 (Emile
508 732 567 767 de),
585 732 613 759 le
635 731 759 759 célèbre
779 731 959 767 publiciste,
979 733 1062 760 mort
1078 732 1288 760 récemment.

186 783 218 788 —
231 768 264 795 L.
290 776 317 796 a.
344 776 367 796 s.
394 768 411 795 à
436 768 476 795 M.
504 768 627 801 Henry,
654 767 873 795 ordonnateur
897 767 935 795 de
964 768 995 795 la
1018 767 1159 804 religion
1194 767 1293 796 saint-

185 803 397 837 simonienne,
413 803 429 830 5
440 803 570 838 janvier
586 803 665 837 1832,
681 804 693 830 1
715 811 742 838 p.
759 802 840 830 in-4.
1223 803 1239 830 3
1277 815 1291 828 »

219 839 346 864 Désirant
361 839 475 864 assister
490 846 543 863 aux
563 839 747 867 conférences,
766 839 784 862 il
802 838 937 863 demande
954 839 1003 863 des
1017 839 1110 863 billets
1127 845 1197 869 pour
1211 839 1250 863 lui
1266 841 1293 864 et

188 871 213 894 M
217 876 241 885 me
254 871 288 895 de
302 870 438 895 Girardin.

132 906 166 934 89
187 906 359 941 Glatigny
380 905 522 941 (Albert),
544 906 666 933 célèbre
688 906 779 942 poète
802 905 1015 942 romantique.
1029 922 1062 925 —
1073 905 1107 934 L.
1125 915 1153 934 a.
1170 914 1194 934 s.
1213 906 1230 933 à
1251 914 1292 933 un

182 941 390 977 journaliste,
407 942 486 975 1871,
504 943 515 968 1
535 950 563 977 p.
580 941 660 969 in-8.
1223 942 1240 969 5
1278 953 1292 967 >»

219 977 309 1002 Elabli
329 978 345 1001 à
364 977 533 1005 Lillebonne,
554 977 634 1008 après
652 984 706 1002 une
724 977 842 1001 maladie
862 977 992 1003 sérieuse,
1015 977 1032 1001 il
1051 984 1081 1002 se
1099 977 1199 1009 réjouit
1216 978 1249 1003 de
1264 984 1293 1002 se

186 1010 297 1034 trouver
312 1015 379 1033 avec
397 1015 441 1033 ses
456 1009 535 1036 amis,
555 1008 592 1032 lui
608 1008 656 1039 qui
670 1015 686 1032 a
701 1009 744 1033 été
761 1009 785 1033 si
799 1008 862 1039 près
879 1008 912 1032 de
928 1008 954 1032 la
972 1008 1144 1040 Serpillière
1159 1009 1255 1040 finale.

134 1045 168 1072 90
188 1045 358 1079 Gourdan
382 1044 544 1079 (C.-C.-C.),
568 1044 828 1077 conventionnel,
854 1043 994 1071 membre
1021 1044 1061 1072 du
1089 1044 1214 1072 Conseil
1240 1045 1294 1072 des

187 1080 325 1108 Anciens
355 1080 395 1107 où
421 1080 444 1107 il
473 1088 505 1108 se
530 1080 567 1107 lit
596 1087 783 1116 remarquer
807 1087 864 1116 par
893 1088 927 1107 sa
950 1079 1022 1107 vive
1048 1080 1228 1116 opposition
1254 1089 1292 1108 au

190 1116 220 1143 18
244 1115 418 1143 brumaire.
430 1132 461 1135 —
475 1116 543 1143 Let.
565 1115 624 1151 sig.
647 1124 709 1143 aux
731 1115 1012 1143 administrateurs
1036 1116 1089 1143 des
1112 1115 1293 1150 domaines;

187 1152 203 1179 5
219 1151 379 1179 fructidor
395 1159 433 1179 an
450 1151 501 1185 VI,
519 1152 530 1178 1
551 1159 578 1187 p.
597 1151 647 1185 1/2
663 1151 740 1179 in-4.
1225 1152 1241 1178 4
1280 1162 1292 1176 »

221 1187 295 1212 Belle
317 1187 397 1212 lettre
418 1187 502 1211 écrite
529 1193 577 1217 par
604 1187 703 1217 Piguet
726 1189 753 1211 et
779 1186 874 1217 signée
898 1186 931 1211 de
960 1187 1132 1216 Dubuisson,
1154 1194 1199 1211 ses
1222 1188 1293 1212 deux

188 1219 327 1249 collègues
343 1219 376 1242 de
391 1218 417 1242 la
432 1218 637 1242 Haute-Saône.

134 1255 163 1282 91
189 1254 311 1289 Grévy
332 1253 454 1289 (Jules),
475 1253 638 1289 président
654 1253 691 1281 de
708 1253 739 1281 la
758 1253 960 1290 République
982 1254 1150 1293 française.
1164 1270 1195 1274 —
1208 1254 1241 1281 L.
1259 1262 1289 1281 a.

187 1298 224 1324 s.,
241 1291 252 1316 1
273 1298 300 1325 p.
318 1283 417 1317 in-18.
1224 1289 1241 1317 5
1279 1300 1293 1314 »>

134 1331 168 1358 92
190 1330 315 1364 Grisar
330 1329 472 1364 (Albert),
486 1329 638 1364 gracieux
654 1329 870 1365 compositeur
883 1329 1095 1366 dramatique,
1108 1331 1225 1358 auteur
1240 1329 1294 1357 des

190 1374 354 1393 romances
374 1365 557 1409 populaires
576 1366 603 1392 la
622 1366 691 1392 Folle
706 1367 738 1393 et
754 1366 851 1397 Adieu,
869 1366 933 1392 beau
946 1367 1036 1400 rivage
1050 1366 1082 1393 de
1096 1368 1204 1397 France,
1222 1365 1261 1393 né
1277 1366 1295 1392 à

188 1402 363 1429 Anvers.—
375 1401 409 1428 L.
427 1409 454 1428 a.
474 1409 497 1428 s.
516 1400 533 1427 à
549 1400 755 1434 Carmouche,
772 1400 851 1435 1835,
872 1402 879 1427 1
900 1408 928 1436 p.
943 1401 1017 1429 in-8.
1225 1400 1241 1428 3
1280 1412 1292 1426 »

220 1437 345 1461 Relative
363 1437 379 1460 à
396 1437 423 1461 la
438 1436 569 1468 partition
586 1436 622 1460 du
639 1436 734 1460 Diable
752 1437 770 1460 à
787 1436 901 1461 Séville.

135 1473 169 1500 93
190 1472 369 1508 Grozelier
389 1472 492 1508 (Nie.),
514 1471 619 1506 prêtre
640 1471 677 1499 de
697 1471 876 1506 l’Oratoire,
894 1472 984 1508 poète
1002 1474 1035 1500 et
1051 1472 1236 1500 littérateur
1251 1472 1293 1500 du

188 1516 269 1536 xvm
271 1513 281 1525 e
297 1508 404 1541 siècle,
422 1508 460 1535 né
476 1508 494 1535 à
512 1509 695 1535 Beaune.—
705 1507 741 1535 L.
758 1516 785 1535 a.
803 1516 826 1535 s.
844 1508 861 1535 à
877 1507 918 1536 M.
936 1508 1086 1541 Macault,
1103 1516 1159 1536 son
1176 1516 1294 1543 neveu;

188 1544 328 1578 Beaune,
345 1543 379 1571 26
394 1543 574 1579 septembre
590 1542 669 1577 1763,
687 1546 696 1570 1
718 1551 747 1579 p.
765 1543 844 1571 in-8.
1226 1544 1241 1570 4
1279 1554 1293 1569 »

135 1585 169 1611 94
190 1584 322 1619 Guérin
338 1583 376 1619 (le
398 1583 494 1611 baron
517 1583 814 1618 Pierre-Narcisse),
832 1583 955 1611 célèbre
976 1583 1100 1619 peintre
1117 1583 1294 1617 d’histoire,

190 1619 329 1647 membre
353 1619 390 1647 de
414 1619 578 1647 l’Institut.
591 1635 624 1638 —
636 1619 670 1647 L.
696 1628 723 1647 a.
747 1627 770 1647 s.
795 1620 813 1646 à
833 1620 864 1647 M
867 1624 899 1637 mc
920 1619 1143 1655 Népomucène
1167 1619 1208 1647 Le
1212 1627 1294 1647 mer¬

189 1655 265 1689 cier,
283 1656 294 1682 1
315 1663 344 1691 p.
361 1655 438 1682 in-8.
1226 1654 1242 1682 3
1281 1666 1294 1680 »

133 1695 168 1723 95
188 1696 330 1730 Halévy
347 1694 562 1730 (Fromental),
575 1694 702 1722 illustre
719 1695 944 1730 compositeur,
959 1694 1097 1722 l’auteur
1110 1694 1147 1722 de
1165 1694 1195 1723 la
1209 1696 1294 1722 Juive.

190 1746 222 1750 —
235 1731 268 1758 L.
286 1739 313 1758 a.
331 1739 355 1758 s.
373 1731 390 1758 à
406 1730 566 1764 Panofka,
583 1731 595 1756 1
614 1738 642 1766 p.
660 1730 751 1758 in-18.
770 1730 960 1758 Charmante
977 1729 1090 1766 épître.
1226 1731 1241 1758 3
1280 1741 1294 1755 »

136 1771 170 1798 96
190 1770 371 1805 Hautpoul
397 1770 442 1798 fia
464 1771 617 1798 comtesse
641 1770 697 1803 d’),
720 1770 845 1798 célèbre
867 1770 956 1806 poète
982 1772 1014 1798 et
1036 1770 1243 1798 romancière.
1261 1786 1294 1791 —

189 1806 283 1834 Pièce
300 1806 379 1842 sig.,
397 1805 476 1840 1827,
493 1806 502 1832 1
525 1814 553 1841 p.
570 1805 634 1833 in-4
649 1805 780 1842 oblong.
1226 1806 1241 1833 3
1280 1816 1293 1832 »

223 1843 298 1871 Reçu
312 1842 345 1866 de
363 1842 388 1866 la
406 1848 511 1866 somme
526 1841 559 1865 de
574 1841 619 1865 200
636 1842 726 1866 francs
742 1848 849 1866 comme
864 1848 977 1866 secours
991 1842 1006 1866 à
1023 1842 1086 1866 titre
1101 1841 1296 1872 d’encourage¬

192 1875 269 1898 ment
284 1873 426 1898 littéraire.

136 1910 169 1937 97
190 1910 302 1937 Henri
321 1910 378 1942 IV,
401 1908 448 1936 roi
469 1908 506 1936 de
528 1907 660 1937 France.
673 1924 706 1928 —
717 1908 811 1936 Pièce
835 1908 906 1944 sig.,
928 1916 983 1936 sur
1003 1908 1098 1943 vélin,
1120 1908 1199 1943 1600,
1221 1910 1232 1935 1
1258 1917 1290 1945 p.

190 1945 254 1972 in-4
269 1944 397 1981 oblong.
1222 1944 1238 1971 6
1278 1954 1291 1970 »

224 1980 354 2005 Curieuse
372 1980 536 2012 permission
554 1980 586 2004 de
603 1979 709 2004 chasse.

137 2017 170 2045 98
191 2018 348 2050 Hersent
363 2016 490 2051 (Louis),
508 2015 632 2043 célèbre
649 2015 774 2052 peintre
790 2015 964 2050 d’histoire,
982 2016 1019 2044 de
1035 2015 1201 2043 l’Institut.
1214 2031 1245 2036 —
1257 2015 1292 2043 L.

191 2061 218 2080 a.
236 2060 260 2080 s.
276 2052 293 2079 à
311 2052 350 2080 M.
367 2051 477 2086 David,
492 2051 664 2079 secrétaire
681 2050 811 2087 général
828 2051 882 2079 des
897 2051 1059 2086 Douanes,
1074 2051 1151 2085 1820,
1167 2052 1177 2078 1
1200 2059 1226 2087 p.
1244 2052 1295 2086 1/2

192 2089 254 2124 pet.
271 2088 348 2115 in-4.
1225 2087 1241 2114 4
1280 2098 1293 2112 »
