1432 2245
617 83 649 89 —
671 68 704 95 14
724 83 756 88 —

176 143 282 174 prévoit
296 143 335 168 les
351 143 557 168 malheureuses
568 144 655 168 suites
669 150 674 167 :
694 144 764 168 mais
779 144 864 168 est-ce
879 143 894 166 à
912 142 950 166 lui
962 142 978 166 à
991 148 1163 173 soupçonner
1180 141 1269 165 seule¬

174 178 248 199 ment
270 182 323 206 que
349 175 373 199 la
396 175 598 200 considération
619 176 653 199 où
671 176 688 199 il
712 182 741 200 se
764 175 820 199 voit
839 174 913 199 élevé
936 174 1029 205 puisse
1057 180 1089 198 en
1113 172 1222 198 souffrir
1244 172 1269 196 la

174 207 298 231 moindre
309 206 443 231 atteinte?
457 215 468 229 »

104 242 154 269 112
174 242 346 276 Mazarin,
372 242 400 269 le
425 242 523 278 grand
547 241 704 270 ministre.
726 258 760 262 —
780 242 813 270 L.
834 249 860 269 a.
883 249 918 276 s.,
942 249 981 268 en
1002 240 1149 278 français,
1171 240 1188 267 à
1207 238 1269 267 Son

174 277 296 305 Altesse
312 278 503 314 Royale...;
528 278 559 306 la
581 278 671 312 Fère,
687 278 721 305 28
738 277 811 314 juin
834 277 910 312 1657,
930 276 947 303 2
967 285 996 313 p.
1017 276 1091 311 in-4,
1112 275 1237 304 cachets
1253 275 1271 302 à

175 321 223 341 ses
239 322 353 341 armes.
369 313 547 342 Très-belle
564 314 671 341 lettre.
738 307 742 313 '
1184 311 1217 338 40
1256 321 1269 335 »

104 352 155 380 113
175 354 344 389 Mérimée
361 353 528 389 (Prosper),
546 353 684 382 Fauteur
709 354 746 382 de
769 355 848 382 Clara
871 354 966 386 Gazul,
991 352 1028 380 de
1050 351 1165 380 l’Acad.
1182 351 1220 379 fr.
1237 366 1269 370 —

175 389 210 416 L.
223 397 249 417 a.
262 397 299 423 s.,
310 389 326 416 2
336 389 405 425 juin
418 389 521 424 1841,1
537 398 565 425 p.
578 389 652 417 in-8.
665 389 817 417 Curieuse
834 390 866 417 et
880 388 1061 425 spirituelle
1078 387 1189 424 épître.
1202 386 1218 414 8
1255 397 1270 411 »

105 429 156 456 114
176 430 344 465 Mignard
360 429 503 465 (Pierre),
520 438 562 457 un
579 429 633 457 des
649 429 719 465 plus
741 429 857 465 grands
882 429 1023 465 peintres
1046 428 1086 456 du
1112 427 1207 455 siècle
1233 426 1270 454 de

176 465 271 493 Fouis
287 465 370 493 XIV.
387 482 420 485 —
437 465 470 493 L.
487 474 514 493 a.
531 473 555 493 s.
573 473 611 493 au
629 465 754 500 peintre
772 465 922 501 Garigue,
936 465 953 492 à
964 464 1151 496 Versailles;
1168 462 1271 495 Paris,

176 509 209 527 ce
226 501 394 534 mercredi,
412 502 423 527 1
443 509 471 537 p.
488 501 562 533 in-4,
586 501 748 536 fragment
779 501 816 528 de
841 501 960 529 cachet.
996 500 1086 527 Pièce
1109 498 1209 535 fripée
1240 499 1273 525 et

178 544 218 563 un
238 545 295 571 peu
312 536 433 565 tachée.
452 539 529 564 Rare.
1186 535 1220 562 50
1257 544 1271 558 »

214 572 236 595 Il
252 572 290 596 lui
303 572 353 596 fait
366 573 413 597 des
429 572 511 597 offres
525 579 594 604 pour
607 572 707 596 l'achat
717 572 750 596 de
765 578 814 596 son
830 572 939 597 tableau
954 571 1143 602 représentant
1161 571 1185 594 le
1202 569 1242 594 roi
1257 569 1273 592 à

177 603 282 628 cheval.

106 639 157 666 115
177 639 338 674 Milhaud
362 638 400 674 (le
427 639 528 667 comte
550 639 653 674 J.-B.),
676 638 933 671 conventionnel,
951 638 1075 666 célèbre
1092 636 1219 673 général
1236 636 1272 663 de

176 675 207 702 la
221 674 425 710 République
442 677 475 702 et
490 674 526 702 de
543 674 704 709 l’Empire,
721 675 760 702 né
776 674 853 702 dans
869 674 897 702 le
914 674 1037 702 Cantal.
1050 689 1081 693 —
1096 673 1189 701 Pièce
1206 673 1272 700 aut.

177 710 252 746 sig.;
271 709 383 743 Gènes,
400 712 434 738 20
450 710 557 738 nivôse
575 719 612 738 an
629 710 698 743 XII,
716 711 725 737 1
746 718 774 746 p.
792 710 865 737 in-4.
1204 708 1220 735 5
1258 718 1272 733 »

217 747 347 770 Curieuse
361 746 444 777 pièce.
459 745 582 776 Original
605 746 641 770 du
665 747 787 770 serment
801 746 876 777 prêté
888 752 938 777 par
954 745 993 769 lui
1008 752 1043 769 au
1058 745 1273 775 gouvernement

178 778 210 802 de
225 777 251 801 la
264 777 446 809 République,
464 784 570 802 comme
582 777 694 808 général
709 777 904 802 commandant
916 783 970 801 une
982 776 1098 801 division
1114 776 1147 800 de
1165 775 1273 800 l’armée

177 808 292 833 d’Italie.

107 844 158 872 116
178 844 329 880 Moncrif
357 844 507 880 (Paradis
523 844 582 879 de),
599 845 689 880 poète
702 845 734 872 et
746 844 935 878 romancier,
952 846 1068 872 auteur
1083 843 1120 870 de
1137 843 1147 871 l
1150 843 1275 871 'Histoire

187 881 230 907 des
255 881 345 914 Chats,
369 880 508 907 membre
533 880 570 907 de
594 880 710 908 FAcad.
735 880 773 908 fr.
800 896 831 900 —
852 880 886 908 L.
903 888 930 908 a.
948 888 971 908 s.
989 881 1007 907 à
1022 879 1122 907 Fabbé
1139 878 1275 906 Mercier

179 915 404 952 Saint-Léger;
420 915 605 950 Versailles,
618 916 710 951 jeudi
726 916 770 950 28,
787 917 799 942 1
818 924 846 952 p.
864 916 938 944 in-8.
1190 914 1221 941 17
1260 923 1274 938 »

108 956 157 982 117
179 956 400 990 Montémont
415 955 559 991 (Albert),
577 956 678 992 poète,
695 956 883 990 romancier,
893 955 1082 983 traducteur
1097 954 1134 982 de
1151 953 1276 982 Walter

180 991 276 1022 Scott,
302 992 339 1019 né
362 992 380 1019 à
401 991 632 1019 Remiremont.
714 993 808 1019 Lettres
829 1000 875 1019 sur
896 991 1084 1025 Vastronomie,
1100 990 1127 1017 3*
1143 989 1274 1024 édition,

181 1027 196 1054 2
212 1027 356 1055 volumes
371 1027 437 1054 in-8
454 1036 492 1054 en
508 1027 647 1055 feuilles.
1190 1026 1224 1053 20
1262 1036 1274 1050 »

219 1063 393 1093 Exemplaire
407 1063 520 1094 préparé
533 1069 581 1094 par
596 1063 712 1087 l’auteur
727 1069 795 1094 pour
811 1070 864 1087 une
875 1062 888 1087 4
890 1067 898 1077 e
911 1063 1022 1087 édition.
1041 1062 1063 1086 11
1078 1063 1119 1086 est
1133 1061 1229 1093 rempli
1243 1061 1276 1085 de

180 1097 258 1118 notes
273 1096 299 1118 et
315 1094 348 1118 de
364 1094 531 1119 corrections
550 1095 745 1125 autographes.
766 1094 806 1119 On
827 1102 843 1125 y
867 1102 882 1119 a
905 1093 974 1124 joint
999 1101 1052 1119 une
1074 1093 1149 1124 pièce
1169 1093 1201 1118 de
1215 1099 1277 1117 vers

178 1127 234 1149 aut.
249 1125 299 1155 sig.
317 1125 442 1150 intitulée
458 1127 463 1149 :
480 1127 518 1149 La
530 1125 611 1150 Rose.

112 1161 159 1188 118
179 1161 361 1195 Napoléon
383 1163 397 1188 I
402 1166 431 1181 er
436 1169 441 1194 ,
467 1169 636 1197 empereur
658 1161 711 1189 des
734 1161 897 1200 Français.
918 1177 950 1182 —
972 1161 1089 1190 Brevet
1104 1160 1205 1197 signé,
1222 1167 1277 1188 sur

179 1196 276 1230 vélin,
293 1198 305 1223 1
325 1205 403 1233 page
421 1196 537 1224 double
554 1197 623 1225 in-f.
641 1196 729 1225 Belle
747 1196 845 1233 pièce.
1192 1195 1225 1223 10
1263 1206 1276 1221 »

109 1236 160 1264 119
180 1237 325 1274 Natoire
341 1237 473 1274 (Ch.-J.),
490 1237 643 1273 gracieux
660 1237 784 1273 peintre
800 1237 840 1265 du
858 1237 953 1265 siècle
977 1237 1015 1265 de
1039 1237 1135 1265 Louis
1158 1235 1227 1268 XV,
1249 1236 1277 1263 le

180 1272 260 1300 rival
277 1273 314 1300 de
330 1272 486 1301 Boucher.
505 1289 536 1292 —
552 1272 585 1300 L.
604 1281 631 1301 a.
649 1281 673 1300 s.
691 1273 708 1300 à
724 1273 764 1300 M.
781 1273 958 1307 Duchesne,
985 1273 1094 1309 prévôt
1116 1272 1170 1300 des
1195 1271 1277 1300 bâti¬

181 1309 283 1336 ments
307 1309 348 1336 du
372 1308 421 1336 roi
445 1309 462 1336 à
490 1308 672 1343 Versailles;
697 1308 808 1343 Rome,
833 1309 867 1336 29
892 1309 973 1337 avril
1004 1309 1083 1343 1755,
1108 1308 1123 1336 3
1148 1316 1175 1344 p.
1202 1307 1277 1342 in-4,

180 1344 300 1372 cachet.
1190 1343 1224 1370 25
1262 1354 1275 1367 »

217 1379 484 1404 Très-intéressante
501 1380 581 1404 lettre
597 1387 644 1404 sur
659 1386 704 1404 ses
720 1386 855 1410 ouvrages
869 1382 896 1404 et
909 1381 979 1405 dans
994 1380 1111 1411 laquelle
1123 1380 1141 1403 il
1157 1379 1232 1410 parle
1244 1379 1277 1403 de

182 1412 315 1435 Cou
328 1411 353 1435 le
372 1411 498 1438 Romain,
516 1417 565 1436 son
578 1411 793 1442 correspondant
811 1412 827 1435 à
845 1412 930 1439 Paris,
949 1412 1011 1442 puis
1028 1413 1060 1435 de
1081 1411 1278 1435 l'achèvement

183 1442 219 1466 du
237 1442 318 1466 vieux
341 1443 456 1467 Louvre.
481 1443 501 1466 Il
523 1443 562 1466 lui
584 1442 715 1467 confirme
741 1442 839 1467 l’envoi
865 1443 897 1467 de
920 1450 964 1467 ses
991 1443 1119 1467 tableaux
1137 1442 1170 1466 de
1192 1442 1278 1466 Marc-

182 1474 301 1498 Antoine
321 1476 348 1498 et
361 1474 396 1498 du
413 1474 551 1498 maréchal
569 1474 601 1498 de
617 1473 745 1501 Noailles,
759 1474 792 1498 de
805 1474 897 1505 copies
909 1474 1015 1505 d’après
1033 1474 1165 1505 Raphaël,
1182 1475 1233 1497 etc.
1249 1487 1277 1490 —

179 1504 220 1529 On
237 1512 254 1535 y
270 1512 286 1530 a
302 1505 372 1536 joint
385 1505 410 1529 la
424 1505 526 1529 minute
539 1506 572 1529 de
584 1505 609 1529 la
627 1505 743 1535 réponse
757 1505 790 1529 de
806 1505 960 1530 Duchesne.

112 1540 163 1568 120
183 1541 569 1576 Pellisson-Fontanier
597 1540 708 1576 (Paul),
732 1540 793 1568 ami
819 1542 851 1569 et
873 1541 1025 1577 éloquent
1046 1540 1215 1568 défenseur
1239 1540 1277 1567 de

182 1576 339 1612 Fouquet,
356 1576 553 1610 littérateur,
570 1576 607 1604 de
624 1576 741 1604 FAcad.
755 1576 793 1604 fr.
806 1592 837 1596 —
848 1576 916 1605 Let.
929 1576 989 1616 sig.
1007 1577 1024 1604 à
1038 1578 1158 1609 Bossuet;
1176 1575 1278 1609 Paris,

184 1612 216 1638 19
236 1611 309 1648 juin
335 1612 414 1646 1692,
440 1612 456 1639 4
481 1620 509 1648 p.
536 1612 586 1646 1/2
611 1611 689 1640 in-4.
713 1612 922 1648 Légèrement
947 1613 1059 1648 piquée
1091 1611 1278 1639 d'humidité

184 1647 260 1676 dans
276 1648 304 1676 le
322 1648 386 1676 bas.
1192 1646 1226 1674 23
1264 1657 1278 1672 »

222 1683 408 1708 Intéressante
425 1684 506 1708 lettre
521 1684 589 1708 dans
602 1683 719 1714 laquelle
735 1684 753 1708 il
769 1684 843 1715 parie
859 1684 892 1708 de
907 1683 1039 1708 Leibnitz.

116 1718 161 1746 121
185 1720 352 1754 Perrault
367 1719 527 1754 (Charles),
544 1719 682 1747 Fauteur
697 1718 751 1747 des
767 1720 869 1753 Contes,
886 1718 923 1746 de
948 1718 1063 1747 FAcad.
1089 1719 1128 1747 fr.
1153 1734 1186 1739 —
1211 1718 1278 1746 Let.

185 1758 263 1789 aut.,
279 1755 313 1782 22
325 1755 414 1791 janv.
435 1754 511 1788 1690,
527 1754 543 1781 2
559 1763 587 1790 p.
609 1755 656 1789 1/2
672 1754 746 1782 in-8.
1194 1753 1227 1781 50
1264 1765 1278 1779 »

224 1791 245 1814 Il
261 1791 285 1815 le
300 1790 432 1815 remercie
447 1790 495 1814 des
512 1790 580 1814 trois
598 1791 721 1815 volumes
742 1789 806 1821 qu’il
820 1796 835 1813 a
861 1790 922 1814 bien
947 1790 1027 1814 voulu
1050 1790 1088 1814 lui
1105 1790 1202 1821 prêter.
1225 1789 1247 1813 Il
1265 1796 1280 1813 a

186 1822 332 1852 remarqué
347 1822 420 1847 «dans
441 1824 483 1845 cet
509 1828 629 1851 ouvrage
654 1821 791 1853 plusieurs
815 1821 936 1845 endroits
961 1822 995 1846 où
1019 1821 1134 1845 l’auteur
1149 1820 1279 1848 l’honore,

184 1860 249 1878 sans
273 1854 297 1878 le
323 1860 455 1880 nommer,
483 1853 546 1877 d’un
572 1853 670 1883 parfait
693 1852 803 1883 mépris.
831 1853 851 1876 Il
873 1852 979 1877 déclare
997 1859 1031 1876 ne
1051 1859 1101 1883 pas
1122 1852 1228 1876 vouloir
1242 1852 1279 1876 lui

188 1886 329 1916 répondre,
348 1885 460 1909 voulant
472 1884 528 1908 s'en
542 1884 612 1908 tenir
627 1884 643 1907 à
658 1891 695 1908 un
715 1883 848 1913 madrigal
863 1883 929 1908 dont
945 1883 963 1908 il
976 1884 1066 1908 donne
1082 1884 1106 1907 le
1117 1884 1198 1910 texte,
1219 1883 1281 1914 puis

189 1919 307 1947 proteste
323 1917 417 1941 contre
432 1916 457 1940 le
473 1922 589 1946 passage
604 1915 637 1939 de
653 1917 695 1939 cet
711 1921 831 1944 ouvrage
848 1915 893 1946 qui
912 1921 1046 1939 concerne
1069 1915 1210 1939 Corneille.
1231 1922 1241 1936 «
1259 1914 1280 1937 Il

189 1948 236 1971 fait
248 1948 308 1972 voir
323 1954 376 1978 que
391 1947 431 1971 les
446 1954 507 1971 vers
520 1947 554 1971 de
565 1946 601 1970 M.
621 1947 655 1970 de
665 1946 798 1971 Corneille
814 1949 875 1970 sont
890 1946 1005 1973 lasches,
1018 1953 1083 1970 sans
1096 1946 1169 1970 force
1181 1947 1206 1969 et
1221 1945 1279 1975 bas,

187 1979 274 2009 pleins
285 1978 366 2003 d’une
375 1977 533 2003 affectation
546 1978 593 2008 qui
610 1984 643 2002 ne
657 1977 784 2002 convient
794 1984 843 2008 pas
858 1978 894 2001 du
908 1980 965 2002 tout
983 1978 999 2001 à
1017 1978 1042 2002 la
1056 1977 1190 2007 tragédie;
1202 1976 1282 2007 qu’ils

187 2013 250 2034 sont
273 2010 347 2037 durs,
374 2016 438 2034 sans
463 2010 552 2039 grâce,
578 2015 643 2033 sans
667 2011 819 2037 ornement,
840 2008 905 2039 qu’il
925 2010 967 2032 est
984 2009 1139 2033 vainement
1160 2007 1242 2033 subtil
1256 2009 1281 2031 et

189 2041 343 2068 recherché,
358 2041 477 2071 péchant
490 2047 539 2071 par
554 2040 578 2064 le
593 2041 655 2064 tour
670 2042 696 2064 et
713 2046 763 2070 par
776 2039 962 2070 l’expression.
980 2047 991 2063 »
