1416 2299
623 185 654 189 -
675 169 691 196 5
710 184 742 189 —

97 254 138 274 en
154 253 208 275 ces
223 247 347 276 termes
363 256 368 275 :
389 247 479 276 Vous
494 245 700 282 recherchez,
710 246 742 285 je
758 245 854 283 crois,
871 245 919 275 les
929 245 1152 283 autographes
1162 246 1175 275 ?
1189 245 1264 275 Cer¬

99 285 292 323 tainement,
317 286 470 323 répondit
490 287 532 315 M.
559 285 770 316 Dubrunfaut.
794 286 841 316 Eh
865 285 953 322 bien,
976 294 1015 316 en
1036 285 1118 315 voici
1143 294 1187 315 un
1206 285 1262 324 qui

98 333 180 355 vous
219 326 289 356 fera
327 326 479 364 plaisir...
518 324 630 356 C’était
666 328 734 356 tout
773 325 985 363 simplement
1022 325 1052 355 la
1090 326 1184 356 lettre
1221 325 1264 355 du

99 366 267 396 maréchal
284 366 444 402 Vaillant,
461 365 550 395 alors
567 366 884 403 grand-chancelier
900 365 940 396 de
956 365 985 395 la
1003 366 1126 403 Légion
1143 366 1264 395 d’hon¬

100 413 196 443 neur,
219 406 262 436 lui
285 408 475 442 annonçant
494 414 529 435 sa
551 406 766 436 nomination.

140 460 182 489 M.
201 459 410 490 Dubrunfaut
429 458 477 489 fut
491 461 590 489 avant
611 461 678 489 tout
693 460 721 489 le
743 462 817 498 type
834 459 876 489 du
898 459 972 497 plus
988 459 1106 497 parfait
1124 459 1265 489 honnête

101 499 249 537 homme,
280 500 428 537 toujours
462 500 532 537 prêt
566 499 584 528 à
614 499 732 529 rendre
760 499 908 537 service;
938 499 1186 537 philanthrope,
1217 498 1266 528 les

100 547 243 576 pauvres
265 539 306 569 de
325 548 384 569 son
406 539 690 569 arrondissement
711 542 766 569 ont
786 542 923 569 souvent
943 539 1084 569 entendu
1101 538 1209 576 parler
1225 538 1266 568 de

101 579 157 614 lui,
179 582 221 617 et,
243 588 282 609 en
304 581 467 612 mourant,
486 579 507 608 il
522 587 562 609 ne
583 579 631 609 les
651 589 669 609 a
691 588 751 617 pas
771 579 911 609 oubliés.
936 580 1027 609 Nous
1050 579 1093 609 lui
1117 579 1265 614 deviôns,

100 627 228 649 comme
242 620 310 649 ami
324 619 366 650 de
378 621 472 649 notre
483 619 665 650 bien-aimé
681 621 769 658 père,
785 621 816 649 et
829 628 911 657 pour
925 619 1062 650 l’estime
1085 618 1162 658 qu’il
1178 618 1268 648 avait

100 658 178 689 bien
197 660 298 690 voulu
315 668 398 689 nous
420 661 576 696 montrer,
594 668 630 689 ce
650 660 782 690 dernier
802 660 1009 697 témoignage
1025 659 1065 689 de
1087 658 1260 697 gratitude.

764 730 893 768 Eugène
913 730 1105 760 Cha.ra.vay.

136 883 603 933 AUTOGRAPHES
651 884 682 932 A
730 883 883 933 PRIX
941 873 1232 936 MARQUÉS

383 971 558 998 MAISON
581 970 724 997 Gabriel
745 970 989 998 CHARAVAY

103 1036 230 1073 Dirigée
252 1038 310 1073 par
329 1038 469 1071 Eugène
487 1037 733 1064 CHARAVAY
752 1037 834 1070 Fils,
855 1037 966 1072 expert
987 1044 1025 1064 en
1042 1036 1265 1072 autographes,

450 1105 479 1134 8,
504 1104 569 1135 QUAI
594 1104 627 1129 DU
652 1103 771 1132 LOUVRE,
797 1104 810 1128 A
835 1104 924 1129 PARIS.

101 1200 306 1226 Abréviations
322 1209 330 1225 :
346 1201 374 1226 L.
391 1208 418 1225 a.
435 1209 468 1229 s.,
484 1201 569 1226 lettre
581 1200 761 1232 autographe
777 1203 803 1225 et
816 1200 926 1232 signée;
945 1199 1031 1224 Acad,
1045 1200 1095 1231 fr.,
1111 1199 1266 1224 Académie

192 1246 344 1277 française
349 1254 358 1275 ;
371 1245 481 1275 Sousc.,
498 1245 687 1277 compliment
702 1245 866 1270 terminant
879 1244 908 1269 la
922 1244 1021 1274 lettre;
1037 1245 1080 1272 P.,
1090 1251 1171 1276 page.

137 1375 146 1401 1
171 1375 286 1409 Adam
302 1374 390 1410 (Ad.),
407 1374 534 1402 illustre
551 1374 773 1410 compositeur.
787 1390 818 1394 —
829 1376 863 1401 Le
880 1374 1016 1406 Toréador,
1033 1382 1064 1401 ou
1079 1373 1190 1401 l’accord
1201 1379 1266 1408 par¬

171 1412 234 1444 fait,
251 1410 465 1446 opéra-bouffe
481 1419 519 1437 en
536 1410 618 1437 deux
635 1413 734 1441 actes,
756 1409 908 1445 partition
929 1409 1093 1445 imprimée
1113 1417 1187 1436 avec
1203 1417 1264 1436 une

172 1445 319 1473 dédicace
336 1446 374 1473 de
390 1446 406 1473 2
422 1446 477 1481 lig.
495 1448 559 1473 aut.
578 1446 593 1473 à
610 1446 650 1473 M.
669 1445 809 1482 Spikers,
830 1445 877 1472 132
892 1453 921 1481 p.
945 1445 1022 1472 in-8.
1196 1445 1211 1471 4
1250 1455 1263 1468 »

136 1482 152 1509 2
171 1482 344 1509 Adélaïde
368 1483 412 1509 de
435 1483 582 1515 France,
606 1483 694 1509 tante
719 1481 756 1508 de
782 1481 877 1508 Louis
901 1480 983 1508 XVI.
1000 1496 1031 1500 —
1049 1480 1201 1516 Apostille
1227 1479 1264 1507 de

171 1517 187 1544 5
211 1517 269 1552 lig.
295 1519 360 1545 aut.
386 1517 445 1553 sig.
472 1525 510 1544 en
535 1525 643 1553 marge
668 1517 759 1544 d’une
783 1517 877 1544 lettre
903 1517 920 1544 à
943 1516 1004 1544 elle
1028 1515 1181 1548 adressée,
1199 1516 1208 1541 1
1229 1523 1260 1551 p.

173 1552 280 1580 in-fol.
1197 1550 1212 1578 3
1250 1561 1264 1576 »

137 1589 153 1616 3
172 1589 330 1623 Alençon
347 1588 521 1625 (François,
538 1588 597 1615 duc
614 1587 661 1623 d’),
677 1587 761 1615 frère
777 1587 813 1615 de
830 1587 929 1615 Henri
944 1586 1001 1620 III,
1025 1586 1099 1614 chef
1117 1586 1157 1614 du
1182 1586 1264 1622 parti

172 1627 226 1651 des
243 1623 431 1660 Politiques.
444 1640 475 1643 —
488 1623 581 1651 Pièce
593 1623 652 1659 sig.
664 1631 720 1651 sur
731 1622 830 1658 vélin;
843 1622 1033 1659 Bourgueil,
1049 1622 1082 1649 28
1094 1622 1174 1650 avril
1187 1621 1264 1655 1580,

174 1660 185 1686 1
204 1668 231 1701 p.
250 1659 365 1687 double
382 1658 454 1687 in-f.
1180 1658 1213 1685 15
1251 1668 1265 1683 >’

205 1695 336 1719 Curieuse
351 1695 435 1726 pièce.
450 1695 626 1719 Nomination
642 1695 675 1719 de
690 1694 723 1718 M.
741 1694 773 1718 de
784 1694 955 1723 Saint-Marc,
973 1700 1079 1719 comme
1094 1700 1265 1723 gouverneur

173 1728 199 1750 et
211 1726 349 1757 capitaine
364 1727 397 1750 de
412 1726 437 1750 la
450 1726 512 1750 ville
526 1728 551 1750 et
569 1726 685 1750 château
697 1726 731 1749 de
741 1726 877 1750 Pontoise.

137 1757 153 1784 4
172 1758 364 1793 Annebaut
379 1756 467 1793 (Jean
484 1757 532 1792 d’),
550 1757 646 1785 baron
659 1756 695 1784 de
708 1756 784 1784 Retz
795 1758 828 1784 et
839 1757 876 1784 de
887 1757 931 1784 La
941 1756 1148 1792 Hunaudaye,
1161 1756 1209 1784 fils
1221 1755 1262 1783 du

173 1793 343 1827 maréchal,
368 1792 490 1820 célèbre
513 1793 670 1828 capitaine
693 1792 732 1820 du
757 1800 820 1820 xvi-
842 1792 954 1826 siècle,
979 1792 1079 1820 blessé
1103 1791 1263 1819 mortelle¬

175 1830 262 1856 ment
278 1829 295 1856 à
310 1829 340 1856 la
358 1828 486 1856 bataille
502 1828 539 1856 de
556 1828 662 1856 Dreux
683 1836 720 1855 en
746 1828 819 1855 1562.
842 1844 871 1848 —
896 1828 988 1856 Pièce
1011 1828 1071 1864 sig.
1094 1836 1149 1855 sur
1167 1826 1263 1860 vélin,

175 1863 252 1896 1560,
271 1865 282 1890 1
303 1872 330 1899 p.
348 1863 428 1892 in-4.
1197 1862 1213 1890 6
1250 1874 1264 1888 >-

206 1900 283 1929 Reçu
298 1900 330 1924 de
345 1900 371 1923 la
384 1905 489 1923 somme
504 1900 537 1924 de
554 1899 792 1930 soixante-quinze
806 1899 887 1924 livres
904 1905 972 1930 pour
984 1906 1028 1924 ses
1045 1899 1265 1930 appointements

176 1937 283 1955 comme
297 1931 433 1961 capitaine
445 1931 493 1955 des
507 1931 619 1955 chasses
633 1931 669 1955 du
682 1930 733 1955 roi.

138 1963 154 1990 5
174 1963 334 1989 Ansiaux
350 1961 510 1997 (J.-H.-J.),
527 1962 741 1998 compositeur
756 1961 792 1989 de
810 1961 953 2001 musique
966 1961 1068 1997 belge,
1081 1960 1119 1989 né
1131 1969 1168 1988 en
1185 1961 1264 1994 1781,

175 2000 259 2026 mort
273 2006 311 2025 en
328 1997 406 2025 1826.
417 2012 448 2017 —
460 1997 494 2025 L.
507 2006 534 2025 a.
550 2006 574 2026 s.
591 1998 609 2025 à
625 1998 663 2025 M.
681 1997 859 2034 Weygand,
876 1997 1038 2025 directeur
1053 1997 1093 2024 du
1104 1998 1214 2024 Journal
1221 1997 1266 2024 des

174 2036 270 2068 Muses,
287 2034 305 2062 à
319 2033 363 2062 La
377 2032 479 2070 Haye;
495 2032 580 2070 Huy,
594 2034 629 2061 29
644 2033 771 2062 octobre
788 2033 866 2068 1814,
886 2035 894 2061 1
914 2041 942 2070 p.
959 2033 1035 2062 in-4.
1198 2032 1213 2060 3
1252 2043 1265 2058 »

211 2070 396 2095 Intéressante
411 2070 488 2094 lettre
505 2070 649 2095 musicale.

138 2104 155 2130 6
174 2101 305 2134 Auber,
344 2101 372 2129 le
409 2100 507 2135 grand
546 2101 760 2137 compositeur
795 2102 832 2129 de
869 2101 1023 2137 musique.
1041 2116 1073 2121 —
1089 2100 1125 2128 L.
1146 2109 1176 2129 a.
1196 2108 1223 2128 s.
1251 2100 1268 2127 à

176 2138 220 2165 M.
241 2137 358 2171 Leduc,
377 2136 425 2171 1/2
443 2145 469 2172 p.
485 2136 562 2164 in-8.
1199 2136 1215 2163 3
1253 2146 1267 2160 »
