1424 2299
130 108 210 137 XVI
212 114 224 129 e
238 109 361 137 année.

609 110 657 136 N»
677 109 732 136 70.

879 108 1080 137 Novembre
1093 109 1192 136 1881.

477 231 848 283 REVUE

637 317 693 338 SES

90 374 1246 522 AUTOGRAPHES

230 570 290 606 DES
307 562 500 606 CURIOSITÉS
519 571 556 606 DE
573 570 749 606 L'HISTOIRE
768 572 794 607 &
810 571 847 607 DE
864 570 899 606 LU
916 571 1105 607 BIOGRAPHIE

344 642 457 669 Fondée
473 649 511 669 en
527 642 596 670 1866
612 650 664 677 par
680 643 794 670 Gabriel
809 643 995 670 CHARAVAY

108 703 393 726 PARAISSANT
409 704 587 729 CHAQUE
604 704 718 730 MOIS,
731 701 840 727 SOtJS
856 705 916 727 LA
927 704 1163 727 DIRECTION
1180 704 1234 726 DE

400 751 579 786 EUGÈNE
608 759 854 786 CHARAVAY
875 758 947 786 Fils

208 856 292 884 PRIX
311 857 354 883 DE
374 857 648 884 L’ABONNEMENT
665 865 672 885 :
693 858 769 884 Pour
783 864 824 884 un
837 864 875 884 an
890 856 937 892 (12
952 856 1104 892 numéros)
1121 865 1128 885 :

86 910 195 937 France,
207 910 220 933 3
229 910 256 940 k.;
267 909 409 940 Etranger,
420 909 434 933 4
445 909 538 934 k.—On
548 909 678 935 s’abonne
686 911 701 934 à
711 910 797 937 Paris,
807 910 872 934 chez
882 910 916 934 M.
926 909 1038 940 Eugène
1047 909 1255 937 CHARAVAY,

394 942 418 969 8,
438 941 503 972 quai
520 942 556 965 du
574 942 689 966 Louvre.
696 955 726 959 —
734 941 767 965 Et
776 942 792 965 à
800 942 939 966 Londres:

179 979 244 1004 chez
254 979 287 1002 M.
297 979 391 1004 A.-W.
404 979 610 1007 Thibaudeau,
620 980 656 1008 18,
673 979 762 1004 Green
780 980 872 1007 Street,
890 978 1057 1003 St-Martin’s
1073 979 1163 1003 Place.

120 1063 291 1091 Sommaire
313 1073 320 1091 :
344 1065 369 1091 1"
385 1065 439 1091 Une
452 1066 527 1090 vente
541 1064 790 1099 d’autographes.—
799 1065 829 1091 2°
849 1065 886 1091 M.
903 1064 1120 1097 Dubrunfaut.—
1130 1063 1156 1090 3”
1173 1065 1255 1091 Auto¬

85 1104 196 1138 graphes
213 1104 300 1131 divei'S
315 1105 331 1138 à
344 1104 410 1138 prix
425 1106 546 1138 marqués
553 1124 560 1130 .

252 1243 375 1274 UNE
397 1242 589 1274 VENTE
614 1243 1096 1274 D’AUTOGRAPHES.

127 1338 172 1367 Le
185 1338 223 1367 22
240 1336 422 1367 novembre
437 1338 587 1373 courant,
605 1344 684 1365 aura
700 1336 766 1366 lieu
782 1345 842 1374 par
858 1344 919 1366 nos
938 1336 1030 1366 soins
1045 1336 1076 1366 la
1095 1337 1259 1374 première

86 1380 184 1407 vente
204 1376 461 1415 d'autographes
477 1376 518 1406 de
534 1376 565 1406 la
581 1376 704 1406 saison.
720 1376 771 1406 On
781 1385 822 1406 ne
836 1384 1028 1406 commence
1044 1384 1105 1414 pas
1119 1377 1259 1406 aussitôt

86 1425 149 1455 que
163 1417 232 1447 cela
249 1417 520 1453 ordinairement,
532 1415 741 1455 aujourd’hui
752 1419 881 1446 surtout
894 1418 936 1446 où
947 1416 1012 1446 l’on
1026 1416 1184 1455 prolonge
1196 1425 1256 1447 son

86 1458 197 1495 séjour
212 1458 231 1487 à
248 1458 279 1487 la
295 1465 479 1495 campagne
499 1456 529 1486 le
547 1456 622 1494 plus
644 1456 715 1486 tard
740 1456 903 1495 possible;
922 1457 1007 1486 mais
1022 1457 1071 1486 les
1092 1457 1203 1494 pièces
1217 1456 1258 1486 de

85 1497 182 1527 choix
197 1506 233 1527 se
253 1497 398 1527 vendent
413 1497 573 1536 toujours,
596 1500 627 1526 et
641 1496 690 1526 les
706 1499 874 1527 amateurs
890 1496 1126 1527 retardataires
1141 1496 1259 1526 n’hési¬

87 1540 155 1568 tent
170 1546 230 1576 pas
251 1538 269 1567 à
289 1545 433 1575 envoyer
448 1537 538 1567 leurs
553 1537 790 1567 commissions
806 1537 910 1575 plutôt
925 1546 989 1576 que
1006 1536 1046 1566 de
1062 1536 1181 1575 perdre
1194 1545 1259 1566 une

86 1578 251 1608 occasion.
268 1579 356 1607 Tous
367 1586 429 1607 nos
442 1577 586 1607 lecteurs
602 1579 658 1607 ont
674 1577 718 1607 dû
729 1577 876 1607 recevoir
892 1577 922 1607 le
938 1577 1120 1615 catalogue,
1136 1577 1193 1615 qui
1210 1580 1260 1606 est

86 1626 125 1648 en
153 1617 365 1648 distribution
398 1617 518 1655 depuis
547 1617 715 1655 plusieurs
742 1616 852 1655 jours;
882 1617 1092 1652 néanmoins,
1127 1617 1258 1647 suivant

87 1661 179 1688 notre
195 1658 364 1694 habitude,
386 1666 468 1687 nous
483 1656 593 1687 allons
608 1657 736 1687 donner
752 1665 794 1686 un
811 1665 932 1696 aperçu
949 1657 1064 1695 rapide
1079 1657 1138 1687 des
1148 1657 1260 1695 pièces

88 1698 308 1736 principales,
341 1698 397 1736 qui
428 1699 607 1736 permettra
640 1697 681 1727 de
714 1697 826 1736 juger,
857 1705 937 1727 avec
972 1700 1066 1728 notre
1095 1696 1193 1727 mode
1220 1697 1261 1727 de

89 1740 319 1776 groupement,
342 1738 382 1768 de
400 1737 627 1776 l’importance
647 1738 688 1767 de
703 1739 787 1767 celte
802 1737 976 1767 collection
994 1748 999 1768 :

128 1790 302 1821 Académie
318 1799 501 1831 française
519 1790 524 1821 :
548 1790 631 1820 Jean
651 1790 851 1826 Balesdens;
873 1790 1237 1829 Boileau-Despréaux
1247 1800 1260 1825 ;

89 1831 119 1860 le
147 1831 295 1861 cardinal
320 1823 361 1861 de
388 1823 578 1869 Êoisgelin,
608 1838 674 1861 une
707 1830 801 1861 lettre
827 1830 980 1860 curieuse
1012 1831 1112 1861 écrite
1146 1830 1260 1867 d’exil;

91 1870 286 1900 Boisrobert
292 1896 298 1905 ,
320 1879 364 1900 un
381 1871 440 1901 des
456 1871 620 1909 premiers
636 1870 804 1900 membres
825 1870 866 1900 de
882 1870 1094 1907 l'Académie,
1112 1870 1192 1900 dont
1213 1870 1261 1900 les

88 1911 314 1949 autographes
329 1914 403 1941 sont
416 1911 523 1948 rares;
541 1910 666 1949 Buffon
677 1921 690 1946 ;
703 1910 888 1949 Chapelain
894 1934 900 1947 ,
918 1919 983 1940 une
998 1910 1142 1948 superbe
1153 1910 1260 1945 lettre;

90 1950 327 1991 Charpentier,
353 1951 457 1989 épître
473 1950 532 1981 des
550 1951 626 1989 plus
642 1951 813 1981 curieuses
830 1951 884 1989 qui
903 1951 1050 1980 contient
1066 1950 1124 1980 des
1141 1949 1262 1980 détails

89 1992 245 2029 piquants
256 1999 313 2021 sur
329 1992 493 2029 Mézeray,
511 1999 571 2021 son
584 1991 703 2020 ancien
714 1991 876 2028 collègue;
897 1990 1098 2027 Colardeau,
1110 1998 1174 2020 une
1183 1990 1261 2019 bien

88 2031 165 2071 jolie
183 2032 275 2063 lettre
291 2033 309 2062 à
326 2032 369 2062 Le
386 2032 469 2062 Kain
480 2031 486 2068 ;
510 2030 688 2062 Condillac
699 2031 704 2068 ;
730 2030 943 2070 Destouches,
970 2033 1164 2070 comparant
1192 2030 1225 2061 M
1228 2031 1243 2047 u
1246 2034 1264 2045 "

89 2072 177 2102 Sallé
198 2075 229 2103 et
243 2073 416 2110 Camargo,
433 2072 482 2102 les
499 2072 649 2102 célèbres
669 2071 871 2107 danseuses;
895 2072 923 2102 le
948 2071 1096 2102 cardinal
1120 2071 1262 2108 Dubois,
