1432 2245
611 80 642 106 -
663 80 679 106 8
698 94 731 99 —

162 154 238 185 jours
263 155 374 184 regardé
396 161 502 180 comme
523 161 575 179 une
593 155 675 179 chose
696 156 892 180 extrêmement
913 155 1112 181 inconvenante
1131 156 1252 181 l’aliéna¬

163 186 219 211 tion
234 186 282 210 des
307 186 429 211 meubles
452 188 478 210 et
495 188 653 210 ornements
668 185 787 216 d’église,
809 186 891 213 aussi,
908 187 1015 211 vient-il
1028 187 1180 212 d’adresser
1198 195 1251 212 aux

164 217 263 248 préfets
277 217 325 242 des
341 217 519 242 instructions
536 224 604 248 pour
619 217 764 249 lesquelles
779 218 797 242 il
812 217 926 242 sollicite
943 224 995 242 son
1008 219 1197 249 approbation.

106 253 140 281 32
159 254 334 281 Boufflers
354 253 463 287 (L.-F.,
484 253 544 280 duc
564 253 624 288 de),
645 252 738 281 brave
762 253 917 281 maréchal
939 253 975 281 de
996 253 1129 288 France,
1145 254 1252 283 défen¬

161 297 235 316 seur
251 288 287 316 de
303 289 385 316 Lille
401 291 509 316 contre
533 289 561 316 le
583 288 692 324 prince
708 289 836 325 Eugène
853 290 884 316 et
899 289 1137 325 Marlborough,
1159 290 1252 318 d’une

161 324 314 352 ancienne
332 324 452 352 famille
468 324 505 352 de
522 324 680 352 Picardie.
697 340 728 345 —
745 325 815 353 Let.
842 324 903 360 sig.
918 334 925 359 ;
947 333 1035 361 camp
1058 325 1252 360 d’Arestorff,

163 360 193 387 13
209 359 336 388 octobre
354 360 433 395 1690,
450 361 459 387 1
480 368 508 396 p.
525 360 601 388 in-4.
1183 363 1199 389 4
1237 373 1251 386 »

191 396 314 420 Kelative
334 396 349 420 à
367 402 420 420 une
442 396 535 420 affaire
557 397 723 420 concernant
744 396 769 421 la
782 396 939 420 demoiselle
957 396 1094 424 Bachelet,
1115 397 1162 428 qui
1177 403 1192 421 a
1207 398 1253 422 fait

161 428 302 458 beaucoup
317 427 350 451 de
367 427 438 452 bruit
453 428 469 451 à
485 427 562 451 Metz.

106 458 140 486 33
160 459 355 493 Bouillerot
374 458 563 494 (Alphonse),
584 458 700 495 député
725 458 762 486 de
783 457 887 486 l’Eure
908 459 925 486 à
945 460 975 487 la
995 459 1203 488 Convention.
1220 476 1251 480 —

158 495 195 522 L.
216 502 247 521 a.
268 502 294 521 s.
315 502 353 521 au
371 494 497 530 citoyen
514 494 690 524 Servi
704 494 866 522 directeur
881 494 922 522 du
939 495 1182 523 Conservatoire
1199 495 1253 523 des

158 529 441 564 Arts-et-Métiers;
458 529 560 563 Paris,
577 530 609 557 18
621 529 750 565 janvier
765 529 843 563 1793,
860 530 869 555 1
890 530 1005 565 p.in-4.
1184 531 1201 558 5
1238 542 1252 556 »

192 565 331 589 Demande
359 566 392 589 de
419 566 655 596 renseignements
677 572 725 590 sur
752 565 776 590 le
802 565 908 595 citoyen
934 566 1088 594 Labourau,
1117 566 1251 594 chimiste,

160 597 282 621 membre
297 597 330 621 de
348 597 372 621 la
392 597 496 621 Société
511 597 558 621 des
574 598 646 625 Arts,
666 597 713 628 qui
728 604 742 621 a
760 597 905 621 découvert
926 597 951 621 le
971 603 1069 627 moyen
1084 597 1254 623 d’améliorer

159 629 187 653 et
202 628 235 652 de
251 635 396 653 conserver
412 627 452 652 les
469 628 551 652 cuirs.
569 628 589 652 Il
608 629 646 653 lui
665 628 738 658 parle
756 628 860 652 ensuite
883 628 963 653 d’une
976 628 1069 652 affaire
1088 631 1253 654 concernant

161 660 185 684 la
202 659 323 684 création
341 659 404 684 d’un
420 660 506 687 canal,
529 659 592 691 puis
613 660 631 684 il
647 660 737 691 ajoute
753 667 758 683 :
777 667 788 681 «
807 659 880 683 Vous
897 666 980 689 voyez
996 666 1049 691 que
1064 660 1165 690 l’orage
1184 660 1253 691 poli¬

161 691 234 722 tique
252 691 299 722 qui
315 697 384 715 nous
399 697 512 715 menace
528 698 561 715 ne
575 698 645 715 nous
661 691 770 715 ralentit
787 697 836 721 pas
851 697 898 715 sur
914 691 954 715 les
976 690 1064 721 objets
1081 691 1254 722 particuliers

159 723 206 754 qui
224 724 342 753 peuvent
356 722 467 747 devenir
481 722 563 746 utiles
578 723 594 746 à
613 723 637 746 la
656 722 749 754 patrie.
769 730 780 745 »

105 758 139 786 34
159 759 313 793 Bouvier
328 757 466 793 (Alexis),
481 757 661 785 romancier
680 759 712 785 et
728 759 843 785 auteur
859 757 1058 794 dramatique
1075 759 1254 795 contempo¬

158 793 239 821 rain.
256 809 290 814 —
305 793 343 821 L.
364 802 393 821 a.
414 801 456 828 s.,
473 793 552 828 1879,
569 794 579 820 1
599 801 627 829 p.
646 793 725 821 in-8.
1185 795 1200 821 2
1239 806 1252 820 »

189 829 313 854 Kelative
328 830 343 854 à
361 836 410 854 son
428 829 547 860 ouvrage
564 829 686 857 Amour,
704 829 811 853 misère
826 831 853 853 et
870 829 1051 861 compagnie.

104 866 139 893 35
157 866 316 901 Breteuil
341 865 379 901 (le
404 865 502 893 baron
528 865 591 900 de),
617 865 739 893 célèbre
765 864 936 900 diplomate
962 866 994 893 et
1024 865 1169 893 ministre
1200 866 1254 893 des

158 902 273 937 règnes
298 901 335 929 de
360 901 456 929 Louis
476 900 533 929 XY
553 902 585 928 et
601 901 683 929 Lous
698 900 782 935 XYI,
799 900 852 936 qui
869 900 995 936 dirigea
1010 900 1056 929 les
1071 902 1254 937 poursuites

159 937 236 965 dans
258 936 390 965 l’affaire
413 937 453 964 du
479 936 608 965 Collier.
625 952 658 957 —
674 937 743 964 Let.
771 936 832 972 sig.
858 936 875 963 à
890 936 932 964 M.
949 936 1127 972 Duperron,
1153 937 1254 965 direc¬

158 974 232 1000 teur
247 972 284 1000 de
296 972 515 1009 l’imprimerie
527 972 634 1008 royale
644 983 650 1007 ;
669 972 851 1005 Versailles,
863 972 1005 1006 1786,1/2
1016 980 1044 1008 p.
1058 973 1164 1001 in-fol.
1186 975 1202 1001 3
1239 984 1253 998 »

194 1009 316 1033 Kelative
330 1009 346 1033 à
360 1009 384 1033 la
395 1008 551 1033 traduction
563 1015 597 1032 en
610 1015 671 1033 vers
681 1007 714 1033 de
729 1007 848 1032 Vllliade
861 1009 886 1032 et
895 1008 928 1032 de
937 1008 1080 1040 l'Odyssée
1091 1008 1254 1037 d'Homère,

160 1047 209 1071 par
224 1040 259 1063 M.
275 1040 308 1064 de
327 1040 479 1065 Kochefort.

105 1072 139 1099 36
158 1072 307 1107 Brizard
323 1071 481 1107 (Gabriel),
506 1071 661 1099 historien
682 1070 801 1104 érudit,
821 1071 938 1098 auteur
957 1071 994 1098 de
1011 1072 1148 1100 l’Histoire
1162 1074 1256 1105 généa¬

159 1109 262 1142 logique
285 1108 316 1134 de
340 1109 366 1134 la
388 1108 491 1134 maison
514 1108 546 1134 de
569 1109 711 1134 Beaumont
725 1115 756 1134 en
772 1107 920 1141 Dauphiné.
937 1122 970 1127 —
985 1106 1021 1134 L.
1039 1115 1069 1134 a.
1090 1115 1132 1142 s.;
1154 1107 1256 1136 Main-

159 1145 268 1176 tenon,
292 1143 322 1170 16
338 1151 421 1171 mars
437 1143 515 1177 1791,
533 1144 543 1170 1
562 1151 592 1179 p.
609 1144 674 1179 pet.
694 1141 771 1169 in-4.
1185 1143 1202 1171 5
1239 1154 1253 1168 »

106 1184 139 1211 37
160 1183 300 1219 Broglie
316 1183 376 1219 (Y.,
392 1183 451 1211 duc
474 1183 531 1219 de),
562 1182 708 1211 ministre
733 1181 769 1209 de
790 1181 1060 1218 Louis-Philippe,
1082 1183 1119 1210 de
1137 1183 1254 1212 l’Acad.

161 1219 201 1247 fr.
217 1234 250 1239 —
265 1218 302 1247 L.
323 1227 351 1247 a.
373 1227 399 1247 s.
427 1220 443 1247 à
462 1219 503 1247 M.
528 1218 640 1253 David,
666 1218 848 1254 inspecteur
873 1217 1000 1253 général
1026 1218 1080 1247 des
1104 1219 1254 1253 douanes,

162 1256 173 1282 1
192 1263 224 1291 p.
246 1255 296 1289 1/2
312 1254 391 1282 in-8.
1187 1255 1203 1282 3
1241 1265 1255 1280 >>

193 1290 264 1316 Jolie
277 1291 355 1315 lettre
372 1290 483 1315 relative
498 1297 533 1314 au
551 1291 691 1320 transport
707 1289 740 1314 de
758 1295 789 1313 sa
800 1288 994 1320 bibliothèque,
1015 1292 1040 1314 et
1056 1291 1118 1321 plus
1133 1292 1255 1322 particu¬

164 1322 305 1347 lièrement
331 1322 379 1346 des
403 1322 570 1346 manuscrits
588 1324 613 1345 et
633 1321 666 1345 de
683 1321 709 1344 la
734 1321 968 1351 correspondance
990 1321 1023 1345 de
1044 1322 1150 1346 Necker
1173 1325 1200 1347 et
1225 1323 1257 1347 de

163 1354 215 1377 M”'
231 1353 263 1377 de
280 1353 361 1378 Staël.

108 1386 141 1412 38
161 1385 310 1420 Brossin
338 1384 412 1420 (P.),
442 1384 571 1420 général
601 1391 703 1412 russe.
731 1397 766 1402 —
789 1382 825 1410 L.
859 1391 888 1410 a.
922 1392 964 1417 s.,
993 1392 1032 1411 en
1062 1383 1211 1424 français,
1240 1385 1258 1412 à

161 1421 203 1448 M.
221 1420 355 1454 Ravrio;
373 1420 495 1453 Rouen,
514 1419 591 1454 1820,
609 1420 620 1447 1
639 1428 667 1455 p.
686 1418 764 1446 in-4.
1188 1422 1205 1448 2
1241 1431 1255 1445 »

109 1457 142 1484 39
162 1456 296 1491 Brunei
312 1455 438 1491 (M.-L),
459 1455 583 1483 célèbre
604 1454 774 1491 ingénieur
793 1454 945 1492 français,
966 1456 1190 1484 constructeur
1215 1457 1255 1484 du

162 1492 276 1520 tunnel
294 1491 331 1519 de
348 1491 378 1519 la
392 1491 527 1519 Tamise.
543 1507 576 1511 —
593 1491 629 1519 L.
650 1499 679 1518 a.
699 1498 741 1524 s.,
759 1489 836 1523 1834,
856 1484 915 1526 l'p.
932 1491 1030 1519 in-18.
1188 1492 1205 1520 5
1242 1503 1256 1517 »

110 1528 144 1556 40
165 1529 294 1563 Camus
311 1527 567 1563 (Arm.-Gaston),
587 1526 710 1555 célèbre
730 1525 928 1554 constituant
947 1527 979 1555 et
1000 1527 1257 1562 conventionnel,

163 1572 206 1592 un
232 1563 285 1591 des
310 1563 541 1591 commissaires
568 1562 689 1591 arrêtés
713 1569 769 1594 par
795 1561 997 1596 Dumouriez,
1027 1562 1173 1591 ministre
1204 1563 1257 1591 des

163 1600 314 1633 finances,
335 1598 452 1632 érudit,
469 1598 506 1626 de
527 1598 695 1626 l’Institut.
716 1612 748 1616 —
770 1596 805 1624 L.
825 1605 854 1624 a.
875 1605 901 1625 s.
927 1606 989 1625 aux
1009 1598 1152 1639 citoyens
1174 1607 1257 1627 com¬

163 1635 276 1670 posant
291 1635 320 1662 le
336 1634 456 1662 bureau
473 1634 510 1662 de
526 1632 743 1670 comptabilité
760 1632 938 1668 nationale,
954 1633 987 1661 30
1004 1634 1158 1662 messidor
1169 1643 1208 1662 an
1219 1635 1257 1669 V,

165 1672 182 1699 2
197 1679 226 1706 p.
241 1670 317 1698 in-4.
1189 1671 1205 1697 4
1242 1681 1256 1696 »

112 1708 143 1736 41.
166 1707 353 1734 Catherine
367 1706 411 1733 de
427 1705 586 1739 Médicis,
603 1705 691 1733 reine
707 1705 739 1732 et
754 1703 886 1739 régente
902 1704 939 1731 de
957 1704 1091 1733 France.
1119 1721 1148 1726 —
1164 1706 1257 1734 Pièce

164 1742 227 1777 sig.
248 1750 303 1769 sur
317 1741 417 1776 vélin;
435 1741 478 1769 La
491 1741 601 1775 Réole,
617 1743 633 1768 4
644 1741 770 1769 octobre
787 1739 863 1771 1578,
882 1740 891 1766 1
912 1748 941 1776 p.
959 1740 1067 1769 in-fol.
1172 1742 1204 1768 17
1243 1753 1257 1767 »

198 1778 271 1802 Belle
285 1778 360 1809 pièce
376 1783 422 1801 sur
437 1777 603 1801 l'Orléanais.

111 1814 145 1842 42
166 1813 421 1848 Champfleury
442 1812 540 1848 (Jules
559 1814 653 1846 Fleury
658 1834 664 1846 ,
690 1812 759 1847 dit),
785 1812 979 1847 littérateur,
1000 1812 1075 1840 chef
1091 1813 1128 1840 de
1150 1813 1257 1841 l’école

165 1849 307 1884 réaliste,
331 1849 369 1876 né
392 1849 409 1875 à
431 1848 528 1876 Laon.
549 1864 582 1867 —
598 1849 634 1876 L.
655 1856 684 1875 a.
704 1856 749 1883 s.;
776 1847 898 1883 Sèvres,
925 1849 958 1875 15
982 1856 1066 1876 mars
1091 1848 1168 1883 1880,
1192 1850 1203 1875 1
1222 1857 1254 1885 p.

164 1885 242 1914 in-8.
1190 1884 1206 1911 3
1243 1895 1257 1910 »

196 1922 220 1946 Il
235 1921 273 1945 lui
291 1921 401 1945 adresse
424 1927 476 1945 une
494 1920 618 1944 nouvelle
633 1920 666 1944 de
687 1926 717 1943 sa
739 1919 919 1950 composition
935 1919 1060 1944 intitulée
1077 1927 1082 1944 :
1100 1927 1156 1944 une
1171 1920 1260 1945 Prin¬

167 1960 244 1979 cesse
260 1960 299 1977 au
314 1953 376 1977 rire
393 1952 427 1977 de
440 1953 574 1977 mouette.

112 1990 146 2018 43
167 1989 314 2018 Charles
328 1989 422 2021 VIII,
439 1988 486 2016 roi
503 1987 540 2015 de
557 1987 687 2015 France.
701 2002 729 2007 —
738 1987 863 2015 Lettres
879 1988 1024 2023 patentes
1036 1987 1107 2028 sig.;
1122 1986 1259 2016 données

167 2034 205 2054 au
217 2022 506 2059 Plessis-du-Parc,le
551 2023 585 2050 26
587 2028 596 2041 e
608 2022 680 2059 jour
691 2022 728 2050 de
740 2022 904 2051 décembre
915 2023 994 2057 1486,
1004 2023 1077 2051 in-f.
1090 2022 1152 2050 obi.
1173 2022 1206 2050 30
1244 2033 1257 2049 »

200 2061 353 2086 Document
374 2060 549 2085 intéressant.
568 2059 605 2084 Le
621 2058 671 2087 roi,
688 2065 721 2083 en
741 2059 969 2084 reconnaissance
986 2059 1035 2084 des
1052 2059 1121 2084 bons
1141 2059 1260 2084 services
