1424 2299
582 72 725 133 - 11 -
87 168 119 195 76
139 169 268 205 Emery
289 169 508 206 (Jacq.-And.),
524 170 636 197 savant
655 169 851 206 théologien,
870 170 1039 206 supérieur
1058 170 1112 198 des
1132 169 1236 205 Sulpi-

140 203 238 239 ciens,
255 205 293 232 né
310 206 327 233 à
342 205 419 233 Gex.
432 221 464 224 —
477 204 511 232 L.
528 212 555 232 a.
572 212 609 238 s.,
624 204 658 232 23
674 205 863 241 septembre,
881 207 892 232 1
912 214 939 241 p.
957 206 1030 233 in-4.
1171 205 1186 232 3
1224 215 1238 230 »

172 245 295 270 Relative
308 246 324 269 à
337 252 387 270 son
401 245 500 269 nouvel
511 245 639 275 ouvrage,
656 245 680 270 le
693 245 920 270 Christianisme
932 246 966 270 de
980 246 1086 270 Bacon.

87 284 119 312 77
140 286 297 321 Emmius
322 285 432 321 (Ubob
459 284 586 312 illustre
612 285 768 313 historien
794 285 987 320 hollandais,
1013 286 1065 322 qui
1091 285 1186 313 fonda
1211 285 1241 312 la

141 320 324 356 réputation
348 321 385 348 de
411 320 615 349 l’Université
637 320 673 348 de
695 321 892 357 Groningue,
914 323 1030 349 auteur
1051 321 1088 348 de
1110 321 1141 349 la
1164 323 1240 349 Vêtus

142 357 244 384 Grœcia
271 358 418 384 illustrata.
435 372 463 375 —
483 355 518 383 L.
549 364 576 384 a.
607 365 646 389 s.,
677 365 715 384 en
745 356 841 388 latin,
872 357 889 384 à
919 357 1033 385 Pétrus
1062 356 1241 385 Scriverius

142 392 272 427 (comme
300 392 346 420 lui
373 392 486 420 savant
509 391 665 420 historien
691 392 861 428 national);
887 393 1083 429 Groningue,
1108 392 1142 420 25
1167 391 1242 419 août

142 427 226 462 1614,
256 428 268 454 1
301 436 329 463 p.
360 428 423 463 pet.
454 427 537 461 in-4,
565 428 668 455 traces
691 427 728 455 de
750 427 870 456 cachet.
905 428 992 456 Belle
1023 426 1123 464 épitre
1154 427 1241 455 litté¬

142 463 238 491 raire.
1173 463 1189 490 5
1227 474 1240 488 »

89 502 121 529 78
141 503 284 538 Eugène
312 503 357 530 de
380 503 508 537 Savoie
537 502 580 537 (le
606 502 744 539 prince),
771 503 898 532 illustre
924 503 1162 540 généralissime
1189 503 1242 531 des

142 538 264 566 armées
292 538 485 574 impériales.
507 554 540 558 —
566 538 632 567 Let.
663 538 741 575 sig.;
772 539 925 575 Milberg,
956 539 1038 573 1713,
1068 539 1083 565 2
1113 547 1142 572 p.
1174 539 1238 574 pet.

142 574 221 601 in-4.
1174 575 1190 602 3
1227 584 1241 599 »

90 613 123 641 79
142 614 340 649 Faidherbe
366 612 534 649 (L.-L.-C.),
560 614 688 649 général
714 623 753 641 en
779 614 853 642 chef
874 615 911 643 de
936 615 1063 642 l’armée
1088 615 1128 642 du
1157 613 1241 642 Nord

145 651 286 680 endant
303 650 334 677 la
354 657 470 686 guerre
492 650 600 677 contre
625 650 655 677 la
677 650 805 685 Prusse,
825 650 863 678 né
886 651 903 678 à
924 651 1018 679 Lille.—Let.
1165 650 1242 687 sig.;

146 683 234 717 ille,
253 685 283 712 21
302 693 365 713 mai
382 685 461 719 1878,
478 684 494 711 2
509 693 537 720 p.
556 684 633 713 in-8.
650 687 729 713 Rare.
1175 686 1191 712 5
1229 696 1242 710 »

175 725 306 750 Curieuse
323 726 403 750 lettre
422 724 594 755 scientifique
611 732 658 750 sur
677 732 730 750 une
745 726 842 757 espèce
862 727 895 751 de
913 726 1043 757 papillon,
1060 726 1076 750 à
1094 726 1141 757 qui
1159 725 1211 750 l'on
1229 732 1244 749 a

144 757 233 781 donné
251 763 301 781 son
317 763 391 781 nom.

90 793 124 819 80
144 792 259 828 Favre
284 792 406 828 (Jules),
429 792 552 819 homme
578 791 683 820 d’Etat
708 794 739 820 et
765 793 892 821 illustre
917 794 1048 821 orateur
1071 793 1246 829 parlemen¬

143 828 236 860 taire,
263 828 300 855 de
326 827 442 856 l’Acad.
474 828 513 855 fr.
535 843 566 848 —
589 827 658 856 Let.
691 828 751 864 sig.
782 829 799 855 à
829 837 870 856 un
900 829 1101 865 journaliste,
1133 828 1244 864 (1858),

146 864 163 890 4
178 872 206 898 p.
224 863 300 891 in-8.
1177 864 1193 891 5
1230 874 1243 888 »

178 900 270 924 Lettre
286 900 334 923 des
349 899 411 929 plus
428 899 569 923 curieuses
583 905 630 923 sur
647 899 673 923 la
687 899 815 923 conduite
830 900 862 924 de
880 900 913 923 M.
927 900 951 924 le
970 907 1118 930 procureur
1134 900 1245 930 général

145 931 244 961 Dupin,
262 931 309 962 qui
325 930 390 954 s’est
405 930 508 961 permis
522 930 555 954 de
571 937 700 955 censurer
716 931 755 955 les
771 932 879 960 paroles
894 931 957 962 qu’il
975 938 990 955 a
1006 932 1176 962 prononcées
1191 931 1206 955 à
1219 931 1246 955 la

145 962 215 986 Cour
226 961 363 988 d’assises,
378 962 446 985 dans
460 961 570 986 l’affaire
582 961 700 986 d’Orsini
713 969 718 986 :
734 970 745 985 «
759 963 834 986 Cette
846 969 968 989 censure,
984 963 1051 987 dont
1063 969 1127 986 mon
1139 964 1246 993 respect

145 1000 213 1024 pour
238 994 262 1018 le
286 993 424 1017 caractère
450 992 548 1017 officiel
570 993 637 1017 dont
663 992 697 1016 M.
722 994 747 1018 le
775 1000 923 1024 procureur
946 994 1055 1024 général
1079 997 1120 1018 est
1142 994 1244 1020 revêtu,

148 1024 315 1055 m’empêche
337 1024 370 1048 de
386 1024 510 1055 qualifier
531 1024 570 1048 les
586 1024 695 1052 formes,
717 1025 784 1048 était
802 1025 1013 1056 complètement
1032 1025 1175 1055 étrangère
1192 1031 1246 1048 aux

145 1056 242 1080 débats
262 1056 389 1080 soulevés
409 1056 509 1079 devant
533 1055 558 1079 la
579 1055 651 1080 Cour
673 1055 706 1080 de
729 1057 874 1081 cassation.
894 1056 965 1080 C’est
984 1057 1055 1080 donc
1076 1062 1141 1080 sans
1159 1055 1246 1080 utilité

144 1094 251 1111 aucune
270 1094 323 1118 que
345 1086 380 1110 M.
396 1086 421 1111 le
440 1087 596 1111 Procureur
613 1087 724 1117 général
742 1087 776 1111 l’a
795 1087 1048 1118 prononcée.Il
1064 1087 1106 1112 n’a
1127 1094 1176 1118 pas
1192 1087 1247 1117 pris

146 1119 230 1149 garde
253 1125 306 1149 que
328 1124 359 1142 ce
380 1117 470 1142 blâme
493 1118 663 1149 intempestif
686 1119 832 1143 remontait
853 1118 977 1150 jusqu’au
998 1118 1142 1143 souverain
1164 1118 1210 1149 qui
1231 1124 1247 1141 a

147 1150 248 1181 permis
278 1149 304 1173 la
332 1149 435 1174 lecture
466 1151 493 1173 et
518 1149 544 1173 la
576 1147 743 1180 publication
778 1150 813 1174 du
847 1151 994 1174 document
1024 1149 1097 1180 objet
1127 1150 1161 1174 de
1190 1151 1249 1173 tant

146 1181 309 1212 d’attaques.
330 1188 342 1203 »

93 1219 122 1246 81
147 1219 243 1252 Faye
262 1216 484 1250 d’Espeisses
505 1215 669 1257 (Jacques),
687 1216 810 1244 célèbre
827 1217 951 1244 homme
972 1217 1077 1245 d’Etat
1092 1217 1124 1244 et
1146 1216 1247 1252 diplo¬

147 1256 230 1281 mate
251 1251 390 1288 français
410 1251 451 1279 du
468 1257 536 1279 xvi®
552 1251 658 1285 siecle,
675 1252 728 1292 qui
746 1252 846 1281 suivit
861 1252 959 1280 Henri
984 1253 1023 1280 III
1046 1261 1084 1280 en
1105 1252 1247 1287 Pologne

147 1290 179 1317 et
204 1288 258 1324 qui
284 1295 394 1323 essaya
418 1296 457 1314 en
482 1287 555 1315 vain
581 1287 617 1314 de
644 1287 688 1315 lui
716 1296 884 1316 conserver
911 1288 941 1316 la
965 1296 1125 1316 couronne
1152 1287 1189 1315 de
1214 1295 1248 1314 ce

148 1331 310 1359 royaume,
331 1322 496 1363 président
515 1331 554 1350 au
575 1322 760 1351 Parlement
780 1323 817 1351 de
838 1324 938 1356 Paris,
959 1324 1041 1351 mort
1057 1324 1074 1351 à
1089 1323 1193 1351 Senlis
1209 1331 1247 1350 en

149 1359 227 1387 1590.
239 1375 271 1378 —
282 1358 453 1390 Quittance
469 1358 542 1394 sig.,
558 1366 613 1386 sur
628 1359 725 1392 vélin,
743 1359 821 1393 1574,
838 1361 849 1386 1
869 1368 897 1395 p.
915 1360 988 1393 in-4,
1005 1359 1126 1387 cachet.
1180 1359 1196 1386 6
1235 1369 1248 1383 »

177 1400 302 1424 Relative
324 1399 339 1423 à
363 1406 398 1423 un
417 1405 521 1429 voyage
542 1398 606 1429 qu’il
632 1398 663 1422 fit
688 1399 721 1423 de
747 1400 823 1429 Lyon
845 1406 879 1424 en
906 1400 1025 1429 Pologne
1049 1406 1117 1430 pour
1141 1399 1250 1423 affaires

149 1432 331 1462 importantes
348 1432 515 1455 concernant
529 1430 555 1454 le
571 1430 676 1454 service
691 1431 724 1455 de
739 1431 773 1455 Sa
791 1430 909 1461 Majesté.

94 1466 128 1494 82
148 1467 261 1501 Ferry
289 1465 423 1501 (Jules),
454 1465 594 1493 membre
629 1465 669 1493 du
701 1466 959 1494 Gouvernement
990 1466 1027 1493 de
1057 1466 1088 1494 la
1116 1465 1249 1493 Défense

149 1502 322 1536 nationale,
340 1502 439 1529 maire
455 1501 492 1529 de
509 1500 611 1535 Paris,
629 1501 776 1530 ministre
792 1502 829 1529 de
846 1502 1062 1530 l’instruction
1081 1501 1246 1538 publique.

148 1555 182 1558 —
192 1538 226 1566 L.
244 1546 271 1565 a.
289 1545 325 1571 s.,
343 1537 422 1571 1869,
439 1538 451 1563 1
470 1545 499 1573 p.
516 1536 614 1564 in-18.
1183 1537 1198 1563 4
1235 1548 1249 1561 »

96 1578 133 1606 83
149 1578 295 1613 Fieubet
315 1577 464 1613 (Gaspard
490 1577 548 1610 de),
571 1577 662 1612 poète
684 1576 723 1604 du
745 1585 812 1605 xvn
816 1583 825 1595 e
846 1577 952 1611 siècle,
973 1577 1097 1605 célèbre
1119 1585 1175 1613 par
1195 1585 1249 1604 son

150 1614 345 1654 épigramme
371 1614 480 1640 contre
506 1612 725 1646 Saint-Pavin,
751 1613 813 1640 ami
841 1613 878 1641 de
903 1613 934 1641 M
938 1618 967 1631 me
992 1613 1029 1641 de
1060 1613 1205 1648 Sévigné.
1218 1628 1250 1631 —

150 1650 243 1678 Pièce
260 1650 332 1685 sig.,
348 1657 404 1676 sur
419 1648 516 1682 vélin,
536 1648 612 1682 1636,
630 1649 640 1674 1
659 1656 687 1684 p.
705 1648 769 1676 in-4
785 1648 912 1685 oblong.
1182 1648 1197 1675 3
1236 1659 1250 1673 »

182 1689 267 1715 Ordre
282 1689 315 1714 de
332 1695 416 1720 payer
435 1689 461 1713 la
476 1695 581 1713 somme
598 1688 631 1713 de
647 1688 750 1716 365,000
771 1689 859 1717 livres,
877 1698 887 1713 «
905 1696 974 1721 pour
991 1690 1030 1714 les
1047 1688 1218 1720 réparations
1235 1688 1251 1712 à

151 1721 218 1746 faire
233 1728 287 1745 aux
302 1720 493 1745 fortifications
508 1720 544 1744 du
559 1726 699 1750 royaume.
720 1728 732 1744 »

98 1753 131 1784 84
150 1756 321 1791 Flameng
349 1755 528 1791 (Léopold),
560 1755 684 1783 célèbre
715 1756 924 1791 aquafortiste
954 1755 1251 1792 contemporain.—

152 1792 250 1820 Billet
266 1794 331 1819 aut.
348 1791 407 1827 sig.
425 1799 464 1818 au
481 1799 609 1827 crayon,
627 1792 636 1817 1
658 1799 686 1827 p.
704 1791 767 1818 in-8
783 1791 913 1828 oblong.
1183 1791 1198 1818 3
1237 1802 1250 1817 »

98 1825 132 1860 85
151 1832 289 1867 Fouché
323 1831 481 1867 (Joseph),
518 1830 641 1858 célèbre
677 1832 923 1860 conventionnel
961 1833 993 1860 et
1028 1832 1175 1860 ministre
1214 1832 1251 1859 de

152 1867 314 1902 Napoléon
331 1867 343 1894 I
345 1871 367 1884 er
372 1888 377 1894 .
388 1883 421 1886 —
431 1867 498 1895 Let.
516 1866 575 1902 sig.
593 1875 632 1894 au
649 1866 772 1895 colonel
789 1867 826 1895 de
843 1867 873 1895 la
889 1869 917 1894 U
925 1873 954 1885 mc
971 1867 1078 1904 légion
1096 1868 1132 1895 de
1150 1867 1252 1900 Paris,

154 1903 253 1940 (1830),
274 1904 284 1930 1
302 1911 331 1939 p.
349 1902 425 1930 in-4.
1185 1903 1200 1929 4
1238 1913 1252 1928 »

185 1944 316 1969 Curieuse
335 1943 414 1967 lettre
433 1942 585 1974 historique
608 1949 655 1967 sur
670 1943 696 1966 la
719 1943 883 1968 Révolution
906 1944 939 1968 de
970 1943 1034 1968 1830.
1054 1943 1076 1967 Il
1091 1944 1115 1968 le
1132 1943 1253 1974 prévient

158 1975 223 2007 qu’il
248 1982 264 1999 a
286 1975 376 1999 donné
399 1973 497 1998 l’ordre
520 1974 590 1998 dans
610 1975 701 1999 toutes
721 1975 760 1999 les
791 1974 897 2005 légions
917 1975 949 1999 de
977 1975 1043 1999 faire
1072 1974 1188 2006 prendre
1214 1974 1255 1999 les

155 2007 248 2031 armes
267 2007 282 2030 à
302 2013 340 2030 un
355 2005 488 2030 bataillon
504 2005 551 2044 qui
568 2007 670 2030 restera
685 2012 718 2029 en
741 2013 922 2036 permanence
942 2006 1011 2031 dans
1027 2006 1132 2037 chaque
1148 2006 1252 2030 mairie.

158 2038 199 2063 On
215 2038 306 2062 battra
321 2038 345 2062 le
360 2037 453 2068 rappel
469 2038 497 2061 et
511 2037 550 2061 les
561 2039 654 2061 autres
667 2036 814 2061 bataillons
826 2037 939 2062 devront
950 2038 1007 2062 être
1022 2038 1097 2069 prêts
1111 2038 1127 2068 à
1139 2037 1253 2068 prendre

157 2070 197 2094 les
212 2075 304 2095 armes
318 2068 435 2094 aussitôt
452 2067 532 2099 qu’ils
548 2075 581 2093 en
597 2070 741 2093 recevront
755 2068 860 2093 l’ordre.
