1432 2245
555 115 680 172 - 2 -
36 212 129 250 pièce
150 212 349 250 singulière,
372 212 471 242 écrite
491 219 620 242 comme
647 211 854 249 domestique
878 210 963 240 dans
987 219 1030 240 un
1054 210 1201 247 collège;

38 252 155 290 Ducis,
179 252 328 282 donnant
343 260 379 282 sa
394 251 579 282 démission
605 251 645 280 de
669 250 839 289 sénateur;
862 250 1007 287 Duclos;
1035 251 1204 285 Fénelon;

37 292 186 332 franc
203 292 242 322 de
264 292 500 331 Pompignan;
521 291 717 329 Massillon,
746 291 832 322 belle
859 291 952 321 lettre
972 291 1013 320 de
1040 291 1057 320 3
1079 299 1200 329 pages;

36 333 149 362 Henri
172 333 212 362 de
229 332 399 363 Nesmond
413 343 422 366 ;
452 332 592 362 Charles
615 331 780 361 Perrault
788 341 800 367 ;
822 331 987 370 Philippe
1012 330 1179 364 Quinault
1196 342 1206 365 ;

38 374 165 410 Racan,
181 373 384 411 autographe
399 381 484 410 rare,
501 372 579 402 bien
594 380 658 410 que
677 380 713 402 ce
732 380 772 402 ne
793 372 857 401 soit
875 372 998 410 qu’une
1013 372 1183 409 signature
1196 382 1203 409 ;

37 413 66 443 le
81 413 251 452 président
266 414 361 450 Rose,
379 413 435 451 qui
456 412 525 442 doit
539 413 660 451 figurer
680 420 809 442 comme
829 411 1016 442 desiderata
1032 412 1117 442 dans
1124 412 1203 442 bien

35 452 94 484 des
110 453 313 491 collections;
339 452 500 491 Voltaire,
517 455 577 483 etc.

76 506 324 537 Littérateurs
352 515 392 536 et
417 505 544 536 Poètes
570 505 575 536 :
602 505 742 545 Jacques
771 505 907 545 Amyot,
934 505 1028 543 pièce
1053 505 1205 535 curieuse

35 555 163 577 comme
177 547 303 585 évêque
318 546 514 584 d’Auxerre;
530 546 613 575 Jean
629 545 669 574 de
684 545 844 585 Barclay,
863 546 958 583 poète
975 545 1111 580 lorrain,
1129 546 1206 576 dont

35 587 84 617 les
111 587 332 625 autographes
357 589 432 616 sont
457 594 520 624 peu
544 586 733 624 communs;
762 586 889 625 Bayle-,
917 585 1208 622 Beaumarchais;

38 627 165 657 Claude
199 626 313 664 Binet,
353 626 442 656 l’ami
481 625 521 656 de
551 626 725 664 Ronsard,
759 628 790 656 et
820 625 910 655 aussi
942 635 1015 655 rare
1053 635 1117 664 que
1142 626 1187 656 lui
1198 636 1204 663 ;

36 666 281 706 Bolingbroke-,
297 667 327 697 le
340 666 418 705 père
434 666 633 703 Bouhours;
657 666 786 696 Claude
797 669 976 703 ossette,
991 666 1071 695 dont
1085 666 1114 696 le
1128 674 1205 696 nom

35 716 71 737 se
87 710 201 738 trouve
218 708 259 737 lié
278 709 296 737 à
312 706 398 736 celui
414 706 455 736 de
470 706 617 744 Boileau,
646 715 705 736 son
732 706 817 743 ami;
845 706 912 735 Des
931 707 1112 743 Yveteaux,
1142 714 1208 736 une

36 748 154 785 rareté,
175 749 283 778 même
299 755 428 777 comme
444 746 564 784 simple
580 746 764 785 signature;
793 746 954 784 Diderot-,
977 747 1061 776 Jean
1084 747 1206 785 Dorât,

37 788 131 826 poète
141 788 181 817 de
194 787 224 817 la
239 787 388 825 Pléiade;
406 786 549 816 Florian
563 797 570 824 ;
584 786 692 816 l’abbé
706 787 883 824 Grècourt,
896 787 1102 825 autographe
1117 795 1206 825 rare;

38 827 235 865 Helvétius-,
274 828 323 857 La
348 826 534 864 Fontaine-,
568 826 692 856 Pierre
720 826 759 855 de
785 826 969 864 l’Estoille,
1008 826 1207 865 l’historien;

38 868 203 903 François
219 867 411 904 Malherbe-,
434 866 579 907 Sylvain
597 867 772 896 Maréchal
786 867 792 905 ;
812 867 1010 904 Maucroix,
1030 876 1095 897 une
1113 867 1208 897 lettre

38 909 57 938 à
68 908 203 938 Boileau
213 910 244 938 et
253 908 318 938 fort
331 916 404 938 rare
414 908 420 944 ;
434 907 539 937 Louis
548 908 673 937 Racine
684 908 690 945 ;
701 908 882 947 Régnât
891 907 1207 945 Saint-Evremont-,

37 948 300 986 Saint-Simon,
326 948 465 978 l’auteur
490 947 549 978 des
571 947 753 977 Mémoires
760 958 773 984 ;
795 948 1067 987 Vauvenargues,
1085 950 1148 978 etc.
1172 965 1208 970 —

37 988 233 1018 N’oublions
248 997 310 1027 pas
325 988 408 1017 dans
424 988 472 1017 les
491 987 669 1018 modernes
688 996 752 1018 une
777 988 871 1018 lettre
895 989 973 1019 bien
996 988 1148 1018 curieuse
1169 988 1210 1018 de

38 1029 133 1058 Jules
145 1028 251 1058 Janin
267 1037 324 1058 sur
339 1036 399 1058 son
415 1029 534 1066 procès
550 1036 630 1059 avec
646 1028 737 1058 Félix
755 1030 845 1067 Pyat.

79 1087 288 1117 Souverains
322 1094 363 1115 et
396 1086 538 1116 Princes
571 1086 576 1115 :
612 1085 783 1125 Alphonse
811 1086 870 1123 II,
905 1086 953 1116 roi
990 1086 1031 1116 de
1065 1086 1206 1124 Naples;

40 1126 180 1156 Charles
196 1126 290 1156 Vile
296 1127 305 1156 t
316 1125 456 1155 Charles
471 1125 563 1155 VIII
572 1127 579 1164 ;
592 1126 698 1155 Louis
707 1126 768 1164 XI,
779 1126 883 1156 Louis
894 1126 968 1156 XIIetLouis
1132 1126 1211 1162 XV;

38 1167 143 1196 Louis
158 1166 247 1196 XIV
259 1168 308 1196 est
328 1166 519 1204 représenté
544 1174 603 1204 par
625 1175 689 1196 une
715 1166 810 1197 lettre
837 1166 1022 1205 historique
1051 1166 1111 1196 des
1136 1167 1212 1205 plus

37 1206 289 1245 remarquables
302 1206 458 1236 adressée
474 1208 491 1236 à
507 1206 645 1241 Catinat,
658 1208 690 1236 et
705 1207 761 1245 qui
773 1207 825 1236 n’a
833 1215 894 1245 pas
907 1208 1017 1237 moins
1030 1207 1071 1236 de
1082 1207 1099 1236 3
1109 1215 1212 1245 pages

41 1246 148 1278 in-fol.
165 1247 202 1276 —
218 1246 331 1276 Marie
345 1246 481 1283 Stuart,
505 1246 589 1276 belle
611 1247 703 1285 pièce
723 1247 784 1284 sig.
796 1247 802 1283 ;
833 1246 948 1276 Marie
977 1247 1160 1277 Leczinska
1181 1250 1212 1277 et

41 1287 381 1317 Marie-Antoinette.

80 1341 224 1371 Hommes
239 1340 362 1370 d’Etat
375 1339 381 1370 :
406 1339 514 1379 Voyer
528 1338 752 1378 d'Argenson,
764 1348 829 1370 une
846 1340 933 1370 belle
943 1340 1038 1370 lettre
1054 1341 1109 1379 qui
1123 1341 1213 1379 peint

40 1381 119 1411 bien
149 1381 235 1410 l’état
260 1380 320 1410 des
345 1380 467 1418 esprits
482 1380 581 1417 après
597 1379 627 1409 la
644 1380 765 1410 défaite
781 1381 821 1410 de
838 1380 992 1410 Rosbach
1004 1381 1009 1417 ;
1035 1381 1211 1418 Cousinot,

42 1420 121 1450 dont
135 1421 164 1450 le
180 1428 258 1449 nom
275 1420 381 1458 figure
398 1419 650 1458 probablement
666 1429 748 1457 pour
765 1420 795 1449 la
813 1421 978 1458 première
992 1420 1057 1451 fois
1073 1421 1156 1451 dans
1170 1430 1213 1451 un

43 1460 232 1498 catalogue;
262 1460 409 1489 Juvénal
435 1459 491 1488 des
513 1459 658 1495 Ursins;
672 1460 702 1489 le
722 1460 871 1490 cardinal
891 1460 931 1490 de
951 1461 1092 1501 Fleury,
1120 1461 1214 1491 lettre

45 1501 243 1539 importante
276 1509 332 1530 sur
364 1500 412 1529 les
438 1500 653 1538 jansénistes;
682 1499 767 1530 deux
799 1500 1105 1538 correspondances
1138 1501 1214 1532 bien

44 1541 215 1571 curieuses
230 1540 270 1570 de
289 1539 640 1579 Fontenay-Mareuil
660 1542 692 1569 et
707 1540 750 1570 du
766 1543 873 1571 comte
888 1540 929 1570 de
944 1541 1053 1579 Plélo,
1072 1543 1133 1572 etc.

86 1598 230 1628 Hommes
245 1607 286 1628 de
303 1605 432 1628 guerre
449 1597 454 1627 :
470 1597 565 1633 Jean,
581 1597 644 1627 duc
661 1597 681 1626 d
684 1597 827 1637 'Albany
836 1608 846 1633 ;
861 1598 988 1627 Galliot
1004 1599 1044 1628 de
1058 1599 1217 1629 Genouil-

46 1637 121 1675 hac,
145 1638 317 1676 précieuse
339 1637 434 1668 lettre
456 1639 473 1667 à
496 1637 632 1668 Charles
651 1638 740 1676 VIII;
765 1639 864 1667 Anne
885 1638 924 1667 de
946 1638 1215 1680 Montmorency,

47 1679 196 1708 donnant
233 1678 272 1708 de
312 1678 448 1707 curieux
486 1677 605 1707 détails
642 1686 700 1707 sur
736 1678 933 1716 l’entrevue,
971 1680 990 1708 à
1026 1680 1215 1718 Boulogne,

48 1718 182 1748 d’Henri
199 1718 272 1748 VIII
293 1720 323 1747 et
340 1717 380 1747 de
397 1718 557 1753 François
572 1718 621 1755 I";
640 1718 797 1748 Maurice
811 1718 851 1747 de
866 1718 965 1749 Saxe.
979 1721 1093 1749 —Les
1109 1721 1214 1758 géné¬

48 1767 129 1787 raux
153 1757 194 1787 de
219 1758 249 1787 la
272 1757 479 1796 République
506 1758 511 1787 :
539 1757 766 1794 Bernadotte;
795 1759 985 1795 Carteaux;
1009 1759 1160 1789 Davoust
1186 1763 1217 1790 et

49 1797 258 1827 Dumouriez
266 1808 279 1834 ;
293 1798 453 1827 Berthier
469 1797 500 1827 et
517 1797 588 1837 Ney
599 1808 609 1832 ;
624 1797 672 1827 les
688 1797 791 1828 frères
807 1799 973 1836 Faucher,
990 1802 1051 1830 etc.

89 1855 386 1886 Conventionnels
405 1855 410 1885 :
436 1854 557 1894 Boissy
576 1854 753 1894 d'Anglas,
772 1856 1012 1887 intéressantes
1030 1858 1143 1888 lettres
1162 1866 1219 1888 sur

51 1894 261 1932 Montgolfieretles
369 1896 545 1932 aérostats;
564 1895 702 1933 Chabot,
715 1896 866 1926 curieuse
876 1896 970 1927 lettre
982 1906 1112 1927 comme
1122 1907 1220 1936 capu¬

51 1936 119 1970 cin;
140 1936 340 1971 Couturier,
359 1935 535 1965 défenseur
549 1935 589 1965 de
603 1935 749 1974 Carrier;
767 1937 927 1966 Lacombe
943 1937 1200 1967 Saint-Michel
1208 1949 1220 1974 ;

51 1975 260 2015 Lanjuinais
271 1986 280 2010 ;
296 1975 447 2012 Manuel,
464 1975 482 2005 2
502 1975 615 2006 lettres
630 1977 649 2005 à
666 1984 702 2005 sa
720 1978 892 2007 maîtresse
902 1977 908 2015 ;
927 1977 1057 2007 Musset
1069 1989 1078 2012 ;•
1095 1978 1220 2007 Robes¬

48 2016 164 2055 pierre
178 2018 255 2045 aîné
271 2016 302 2046 et
322 2015 541 2054 Robespierre
550 2015 668 2054 jeune,
691 2016 721 2046 la
742 2016 837 2047 lettre
858 2017 899 2047 de
914 2026 950 2048 ce
968 2017 1102 2048 dernier
1120 2019 1140 2048 à
1160 2026 1219 2048 son

49 2055 137 2087 frère
169 2059 218 2087 est
250 2064 314 2086 une
347 2055 406 2086 des
438 2055 514 2093 plus
543 2056 712 2086 curieuses
741 2064 887 2087 connues
900 2057 906 2095 ;
944 2057 1220 2096 Sergent-Mar¬

51 2105 142 2134 ceau,
159 2099 219 2127 etc.
