1424 2299
610 139 642 143 -
663 122 679 150 3
700 138 732 143 -

126 197 266 228 Femmes
287 197 450 230 célèbres
471 199 478 230 :
504 199 672 229 Gabrielle
691 199 881 235 d’Estrées;
900 198 1017 229 Ninon
1036 198 1076 229 de
1095 200 1236 229 Lanclos
1244 210 1257 236 ;

86 237 117 267 la
134 239 302 277 marquise
317 239 356 268 de
375 239 592 277 Pompadour
607 239 639 270 et
654 239 720 269 M“‘
733 239 778 268 du
795 240 910 279 Barry
917 250 929 275 ;
944 239 1008 269 M"
1023 239 1063 269 de
1080 239 1255 279 Chalabre,

86 278 233 309 écrivant
246 280 265 309 à
280 279 514 318 Robespierre,
532 280 610 310 dont
627 279 690 310 elle
706 280 820 311 devint
835 280 867 309 la
882 282 1068 317 maltresse,
1085 289 1148 310 une
1164 280 1257 311 lettre

87 318 166 356 qu’il
202 320 309 350 aurait
346 328 390 358 pu
428 320 542 358 signer
580 320 777 359 lui-même;
816 320 856 350 M
856 326 870 335 m
873 324 881 334 °
915 320 955 350 de
989 319 1190 351 Maintenon
1227 323 1260 351 et

88 358 156 387 M"‘
175 358 365 398 d'Aumale,
386 361 404 390 3
424 360 537 391 lettres
558 361 787 398 charmantes;
809 361 876 390 M"‘
897 360 936 390 de
956 361 1191 401 Montpensier
1199 385 1206 397 ,
1227 361 1260 391 la

89 398 220 430 célèbre
239 399 434 438 frondeuse;
453 401 529 430 M""“
543 401 583 430 de
603 401 648 431 La
664 401 813 441 Fayette,
829 400 869 431 de
885 400 1062 442 Graffigny
1078 401 1109 433 et
1124 401 1261 431 d’Hou-

88 438 188 468 detot.

129 493 305 531 Peintres,
330 494 541 524 Sculpteurs
563 503 603 524 et
625 495 858 526 Architectes
881 495 887 525 :
912 495 1124 533 Baroncelli,
1149 496 1262 526 artiste

90 533 202 563 italien
223 533 268 563 du
291 538 348 563 xv*
365 534 484 572 siècle;
507 535 551 564 Le
572 534 744 564 Guerchin
758 545 768 569 ;
787 535 944 565 Léonard
963 535 1003 565 de
1029 535 1142 573 Vinci,
1169 536 1262 573 pièce

89 573 280 612 précieuse;
304 573 451 613 Caffieri,
470 574 658 613 Girardon,
678 575 773 605 Macè
798 576 829 606 et
850 575 1019 611 Falconet,
1042 575 1072 606 le
1095 576 1264 614 sculpteur

88 612 195 642 favori
222 613 263 643 de
288 615 347 643 M“‘
372 614 413 644 de
440 615 669 653 Pompadour;
698 615 839 655 Jacques
866 616 906 645 de
932 616 1055 646 Brosse
1079 616 1110 646 et
1136 616 1264 646 Claude

89 653 278 690 Perrault;
300 654 490 693 Mignard;
509 655 758 692 Bouchardon;
777 655 982 696 Hennequin
992 667 1004 692 ;
1023 656 1118 696 Hoey
1126 666 1139 693 ;
1154 656 1265 686 Houel

91 693 122 723 et
137 693 260 732 Joseph
283 694 415 725 Vernet.

130 746 379 778 Compositeurs
393 757 434 778 de
455 757 600 784 musique
623 749 628 779 :
657 749 843 779 Beethoven
861 749 892 780 et
907 749 1264 779 Mendelssohn-Bar-

91 786 219 826 tkoldy,
235 788 283 818 les
297 788 410 818 lettres
424 789 465 819 de
481 797 517 819 ce
531 789 665 820 dernier
679 798 719 819 en
733 789 879 826 français
892 792 965 820 sont
978 798 1042 828 peu
1055 798 1263 826 communes;

90 827 274 864 Sacchini;
298 828 445 866 Salieri,
472 829 567 859 lettre
592 832 623 859 et
648 838 800 860 morceau
826 830 867 860 de
891 830 1062 868 musique;
1088 830 1212 859 Mattéi
1236 833 1267 860 et

93 867 282 904 Paisiello;
302 869 488 906 Calvisius,
510 869 605 907 pièce
626 870 764 908 unique;
787 869 935 907 Nicolaï,
953 870 983 900 le
1003 870 1134 900 célèbre
1151 872 1267 900 auteur

94 906 155 937 des
174 908 333 947 Joyeuses
355 909 545 939 Commères
564 909 604 938 de
631 910 793 939 Windsor
800 921 813 946 ;
832 911 935 950 Lully
953 912 1052 950 père;
1072 910 1175 950 Lully
1192 910 1247 949 fils
1255 920 1267 946 ;

96 947 282 987 Champein
290 959 304 985 ;
321 949 446 989 Grètry
463 950 495 980 et
510 949 698 981 Boieldieu.

135 1002 296 1032 Artistes
325 1010 557 1038 dramatiques
587 1003 593 1033 :
628 1002 822 1042 Dorfeuille
832 1027 838 1041 ,
873 1003 968 1034 lettre
1002 1004 1155 1033 curieuse
1185 1012 1269 1041 pour

97 1041 255 1072 l’histoire
279 1042 323 1072 du
347 1043 474 1073 théâtre
500 1044 519 1073 à
543 1043 694 1081 l’époque
719 1043 759 1073 de
784 1043 815 1073 la
839 1043 1037 1074 Révolution
1049 1044 1055 1081 ;
1085 1043 1213 1083 Fleury
1238 1046 1269 1074 et

95 1080 237 1120 Lekain,
265 1091 328 1112 une
350 1083 410 1113 des
433 1083 511 1121 plus
533 1083 638 1113 belles
663 1084 775 1113 lettres
799 1084 962 1120 connues;
992 1084 1058 1113 M"°
1080 1084 1266 1121 Raucourt,

95 1122 200 1159 épitre
221 1122 407 1161 très-digne
426 1124 445 1153 à
464 1131 589 1161 propos
610 1123 651 1153 de
672 1123 730 1153 M""
750 1123 914 1162 Georges;
937 1123 1065 1162 hé,
1088 1124 1119 1154 la
1138 1124 1268 1154 célèbre

95 1161 272 1192 danseuse.

135 1216 288 1245 Savants
305 1224 345 1245 et
364 1214 539 1246 Médecins
559 1217 565 1246 :
589 1215 787 1251 Bourdelot,
807 1216 1026 1246 intéressante
1050 1216 1143 1246 lettre
1164 1224 1219 1245 sur
1240 1216 1268 1246 le

95 1255 199 1292 grand
214 1254 340 1293 Condé;
358 1255 555 1294 Broussais,
571 1257 676 1294 épitre
696 1255 942 1294 remarquable;
963 1255 1091 1289 Euler;
1113 1255 1268 1296 Geoffroy

96 1295 368 1333 Saint-Hilaire,
380 1297 576 1334 appréciant
588 1297 617 1326 le
628 1297 794 1326 caractère
807 1296 847 1326 de
858 1296 986 1333 George
998 1296 1084 1326 Sand
1098 1306 1104 1334 ;
1120 1296 1169 1326 les
1182 1296 1267 1326 deux

96 1335 201 1365 frères
217 1335 363 1365 Antoine
378 1336 409 1366 et
422 1336 583 1366 Bernard
596 1336 635 1365 de
647 1335 804 1372 Jussieu;
817 1337 848 1366 le
861 1336 965 1366 baron
981 1336 1111 1376 Larrey
1117 1346 1130 1372 ;
1141 1336 1270 1372 Linné;

98 1375 174 1415 Guy
203 1375 332 1413 Patin;
360 1377 506 1415 Poncet,
536 1376 740 1415 autographe
768 1377 862 1407 aussi
890 1384 963 1406 rare
995 1377 1267 1415 qu’intéressant;

104 1415 310 1455 Tournefort
328 1416 360 1447 et
380 1416 487 1448 Volta.

137 1469 261 1500 Divers
287 1470 294 1500 :
325 1469 429 1499 Saint
455 1469 596 1499 Vincent
622 1469 662 1498 de
690 1469 803 1504 Paul;
832 1468 1002 1505 Leibnitz;
1031 1469 1269 1505 Mélanchton;

96 1509 238 1548 Jacques
261 1510 377 1539 Lescot
385 1534 391 1547 ,
418 1509 506 1540 belle
531 1510 625 1539 lettre
653 1518 710 1539 sur
735 1518 780 1538 un
807 1517 954 1546 ouvrage
981 1509 1024 1539 du
1052 1509 1201 1539 cardinal
1226 1509 1267 1539 de

97 1549 282 1587 Richelieu,
306 1550 384 1580 dont
404 1550 425 1579 il
446 1550 525 1579 était
545 1549 575 1579 le
595 1549 798 1587 confesseur,
816 1551 847 1579 et
863 1549 941 1578 dont
961 1548 984 1577 il
1007 1549 1124 1579 écrivit
1143 1549 1175 1578 la
1194 1549 1264 1588 vie;

97 1589 298 1618 Daubenton
307 1600 319 1625 ;
335 1590 481 1620 Mesmer
489 1600 502 1625 ;
517 1589 736 1628 Montgolfier
755 1589 787 1620 et
809 1588 941 1618 Pilâtre
955 1588 995 1617 de
1013 1589 1135 1619 Rozier
1142 1600 1156 1625 ;
1171 1589 1268 1628 Ange

97 1629 262 1667 Politien,
279 1632 338 1660 etc.

430 1793 485 1825 M.
523 1793 936 1825 DUBRUNFAUT.

139 1893 188 1922 Né
209 1893 227 1921 à
248 1891 346 1927 Lille,
369 1891 399 1921 le
419 1892 458 1920 1"
477 1890 669 1929 septembre
692 1890 780 1927 1797,
801 1890 844 1919 M.
869 1889 1075 1920 Dubrunfaut
1095 1898 1192 1928 passa
1212 1898 1267 1919 ses

97 1932 281 1970 premières
300 1932 425 1961 années
445 1930 530 1960 dans
550 1933 633 1961 cette
653 1930 740 1959 ville.
763 1931 791 1959 A
811 1929 895 1967 l’âge
915 1929 954 1959 de
973 1930 1076 1959 douze
1090 1938 1163 1967 ans,
1181 1930 1201 1959 il
1219 1929 1267 1960 fut

97 1973 223 2010 envoyé
237 1979 297 2009 par
309 1979 343 2001 sa
362 1970 485 2001 famille
497 1979 539 2000 au
553 1970 679 2008 collège
693 1969 867 2006 Stanislas,
880 1971 899 1999 à
912 1970 1016 2007 Paris,
1030 1978 1113 2008 pour
1126 1969 1267 2000 achever

97 2020 152 2042 ses
172 2012 306 2049 études;
328 2012 403 2049 puis
423 2011 444 2040 il
465 2012 577 2042 revint
596 2012 616 2041 à
637 2010 730 2048 Lille,
752 2011 794 2039 où
814 2010 836 2039 il
854 2013 970 2040 trouva
985 2019 1029 2039 un
1045 2010 1167 2048 emploi
1183 2010 1268 2039 dans

96 2061 161 2082 une
181 2054 311 2082 maison
330 2052 371 2082 de
390 2052 534 2090 banque.
558 2053 617 2082 Ses
637 2051 855 2089 dispositions
874 2051 1104 2088 personnelles
1123 2059 1164 2081 ne
1181 2051 1267 2080 l’en¬

98 2093 273 2123 traînaient
297 2100 358 2130 pas
381 2092 425 2121 du
450 2094 520 2122 tout
542 2100 619 2122 vers
642 2092 674 2121 la
697 2091 845 2129 finance;
870 2090 971 2127 aussi,
994 2099 1035 2121 au
1059 2094 1170 2121 retour
1192 2090 1268 2120 d’un
