1432 2245
566 130 599 135 —
620 116 652 142 16
672 131 704 135 —

52 191 103 217 135
122 191 406 226 Vauvenargues
422 190 496 226 (Luc
511 190 548 218 de
569 191 719 227 Clapiers,
737 191 876 227 marquis
892 190 953 226 de),
969 190 1096 219 illustre
1112 198 1214 218 mora¬

123 226 195 254 liste
212 226 359 264 français.
372 242 403 246 —
417 227 589 262 Fragment
605 228 682 261 aut.,
698 227 713 254 2
729 235 758 268 p.
775 226 854 255 in-4.
1131 225 1163 253 45
1200 237 1214 251 »

169 262 283 287 Feuillet
290 262 397 287 “extrait,
411 262 444 287 de
459 269 507 287 son
525 263 675 287 manuscrit
689 263 797 287 intitulé
812 261 817 286 :
833 261 992 286 Nouveaux
1008 262 1182 287 caractères.

52 307 102 335 136
121 307 304 340 Verdollin
324 307 387 343 (L.),
406 306 520 341 député
541 307 594 335 des
614 307 896 343 Basses-Pyrénées
917 307 934 334 à
954 308 985 335 la
999 306 1211 335 Convention.

121 359 155 362 —
165 343 199 370 L.
217 351 244 370 a.
260 351 303 376 s.;
319 342 421 376 Paris,
438 342 471 369 26
486 342 656 371 novembre
673 344 751 378 1788,
768 345 778 370 1
798 351 827 379 p.
844 343 920 370 in-4.
937 342 1101 371 Curieuse.
1146 342 1162 369 5
1200 353 1214 367 »

52 391 100 419 137
121 392 293 425 Voltaire,
315 391 464 419 l’illustre
488 391 638 420 écrivain.
652 409 685 412 —
701 392 768 420 Let.
790 393 854 420 aut.
876 392 935 428 sig.
963 393 992 420 V.
1014 400 1051 419 au
1074 391 1214 427 marquis

121 427 158 455 de
167 427 374 461 Villevieille;
386 427 520 463 Forney,
530 427 633 460 1770,2
643 436 670 463 p.
679 426 750 464 in-4,fragment
924 427 961 455 de
972 427 1090 455 cachet.
1130 427 1163 453 45
1200 436 1212 452 >:

169 463 299 487 Curieuse
315 463 393 488 lettre
411 470 457 487 sur
479 462 502 487 le
517 462 649 495 Système
664 464 698 488 de
717 464 745 488 la
763 467 877 491 nature,
893 463 930 488 du
949 463 1034 487 baron
1049 462 1211 487 d’Holbach.

126 495 152 520 IL
159 496 201 519 est
213 495 246 518 de
259 501 308 519 son
326 494 396 522 avis,
413 495 431 518 il
448 501 462 524 y
478 501 494 519 a
508 488 557 519 dés
572 501 718 519 morceaux
736 495 910 526 d’éloquence
925 495 994 519 dans
1009 501 1038 518 ce
1053 494 1128 520 livre,
1144 493 1214 517 mais

122 526 156 549 ils
171 528 233 550 sont
249 526 332 556 noyés
347 526 416 550 dans
429 526 477 550 des
491 526 687 551 déclamations
703 528 729 551 et
742 527 810 551 dans
823 527 870 551 des
886 525 1055 557 répétitions.
1072 533 1083 548 «
1098 525 1133 549 Ce
1147 525 1215 549 n'est

123 558 200 588 point
219 564 257 581 un
274 564 393 587 ouvrage
408 557 454 588 qui
475 557 566 588 puisse
586 558 642 582 être
657 558 784 588 imprimé
803 558 818 582 à
839 557 930 587 Paris;
949 563 983 581 en
998 557 1114 581 rendant
1130 556 1215 586 gloire

123 590 138 612 à
159 589 235 616 Dieu,
260 589 278 612 il
299 588 339 613 dit
361 591 420 619 trop
440 589 465 612 la
484 588 568 613 vérité
586 595 640 612 aux
660 589 792 613 hommes.
814 589 837 613 Il
856 589 914 613 leur
932 588 989 612 faut
1004 595 1042 612 un
1059 588 1121 612 dieu
1140 587 1212 612 aussi

122 620 297 651 impertinent
311 619 469 651 qu’eux.;
488 620 521 643 ils
538 619 603 644 l’ont
619 620 741 651 toujours
755 620 803 644 fait
818 621 833 644 à
851 620 908 644 leur
923 620 1020 650 image.
1037 627 1048 642 »

411 763 857 817 CABINET

83 859 1187 941 D’AUTOGRAPHES

587 970 625 990 DE
644 970 684 990 LA

199 1016 447 1053 MAISON
480 1016 675 1053 Gabriel
704 1016 1067 1054 CHAR

540 1086 659 1112 DIRIGÉE
678 1094 736 1112 PAR

322 1137 504 1174 Eugène
527 1134 845 1167 CHAR
864 1137 955 1168 Fils

217 1202 377 1236 (Ancienne
394 1202 505 1229 Maison
520 1203 669 1236 CHARON,
687 1203 752 1237 puis
767 1204 839 1238 Aug.
856 1203 1049 1238 LAVERDET)

526 1261 626 1282 FONDÉE
641 1266 673 1282 EN
689 1261 741 1282 1838

407 1305 520 1342 Quai
543 1306 603 1337 du
629 1307 814 1343 Louvre,
839 1308 864 1337 8

88 1446 215 1474 Galerie
245 1445 498 1481 d’autographes,
523 1447 606 1473 sorte
636 1446 673 1473 de
697 1447 802 1474 musée
827 1447 1082 1483 autographique
1106 1447 1145 1475 où
1171 1447 1216 1475 les

52 1486 156 1523 pièces
172 1488 244 1514 sont
259 1485 417 1522 disposées
433 1485 508 1513 dans
524 1485 578 1513 des
593 1486 713 1520 cadres,
725 1495 799 1514 avec
814 1486 1010 1515 l’indication
1028 1488 1081 1516 des
1099 1488 1178 1524 prix.

88 1548 263 1577 Collection
293 1547 510 1575 considérable
536 1547 779 1584 d’autographes
801 1548 854 1577 des
880 1549 1049 1578 célébrités
1078 1549 1115 1577 de
1144 1551 1216 1578 tous

53 1597 167 1625 genres
179 1598 185 1617 :
200 1588 395 1622 souverains,
408 1587 546 1616 hommes
563 1587 676 1622 d’Iitat,
689 1588 901 1623 littérateurs,
913 1592 1051 1624 savants,
1065 1590 1215 1626 peintres,

53 1629 278 1659 dessinateurs,
310 1636 473 1664 graveurs,
503 1628 684 1662 musiciens,
715 1630 839 1657 acteurs
869 1632 901 1657 et
930 1632 1037 1658 autres
1067 1630 1216 1665 artistes;

53 1668 227 1697 nombreux
244 1670 369 1696 cartons
385 1668 422 1695 de
439 1668 541 1704 pièces
557 1669 707 1697 relatives
723 1677 785 1697 aux
802 1670 966 1705 provinces
986 1670 1023 1698 de
1044 1671 1164 1699 France
1185 1674 1217 1699 et

54 1717 116 1736 aux
131 1708 270 1736 familles
287 1708 406 1736 nobles.

88 1771 194 1799 Grand
211 1771 304 1799 choix
320 1770 562 1806 d’autographes
580 1778 658 1806 pour
673 1771 892 1800 l’illustration
910 1772 963 1800 des
982 1773 1087 1801 livres.

88 1832 336 1861 L’authenticité
346 1832 399 1860 des
408 1832 619 1868 autographes
631 1834 678 1861 est
690 1833 846 1869 garantie,
856 1842 928 1862 sans
938 1836 1072 1862 condition
1082 1836 1113 1862 de
1124 1839 1215 1870 temps,

54 1873 249 1901 c’est-à-dire
265 1873 344 1900 d’une
357 1875 472 1900 manière
486 1874 599 1900 absolue.

90 1935 190 1962 Achat
214 1935 250 1962 de
275 1935 460 1963 collections
483 1934 737 1971 d’autographes,
761 1943 797 1962 au
819 1939 967 1970 comptant;
993 1936 1154 1965 rédaction
1179 1937 1215 1964 de

54 1974 247 2010 catalogues,
271 1977 381 2003 ventes
404 1975 421 2002 à
444 1974 598 2002 l’amiable
622 1983 659 2002 ou
685 1983 746 2002 aux
766 1975 917 2004 enchères
940 1984 1020 2012 pour
1043 1977 1071 2004 le
1094 1979 1216 2008 compté

55 2015 108 2042 des
134 2023 343 2050 possesseurs.

227 2095 318 2116 Rouen.
328 2106 354 2110 —
366 2095 515 2121 Imprimerie
524 2095 544 2115 J.
556 2095 664 2121 Lecerf,
675 2100 718 2116 rue
729 2095 770 2116 des
781 2096 963 2121 Bons-Enfants,
974 2096 1048 2117 46-48.
