1432 2262
598 76 632 102 —
655 76 686 103 10
705 91 738 96 —

106 149 138 178 70
158 151 264 186 Guise
279 151 474 186 (Antoinette
490 151 527 178 de
544 152 813 179 Bourbon-Vendôme
818 173 824 184 ,
837 151 989 179 duchesse
1005 151 1064 187 de),
1081 151 1196 179 femme
1213 151 1250 178 de

158 186 275 214 Claude
296 186 332 214 de
353 186 518 220 Lorraine,
537 187 620 214 mère
641 187 694 215 des
715 187 822 215 Guise.
843 204 877 207 —
898 187 965 215 Let.
988 187 1066 223 sig.;
1086 186 1252 220 Joinville,

158 221 191 248 28
208 230 291 250 mars
308 222 386 255 1533,
406 223 446 251 1/2
461 230 492 258 p.
513 223 588 250 in-f.
610 225 688 250 Rare.
1163 222 1198 249 20
1237 232 1249 247 »

107 258 133 285 71
159 258 410 294 Haussonville
426 258 561 294 (Louise,
578 258 737 294 princesse
758 259 794 286 de
816 259 919 292 Broqlie
921 280 928 291 ,
950 260 1101 287 comtesse
1122 258 1170 293 d’),
1186 257 1251 285 fille

159 293 199 321 du
222 293 282 321 duc
301 294 408 322 Victor
427 296 459 322 et
479 302 564 322 sœur
584 294 624 321 du
646 295 705 322 duc
726 294 837 322 Albert
856 294 893 321 de
915 294 1054 330 Broglie,
1076 295 1189 322 femme
1210 294 1250 320 du

160 332 260 357 comte
282 329 533 358 d’Haussonville
555 329 802 364 l’académicien,
825 329 947 358 célèbre
968 331 1164 358 romancière
1181 338 1252 356 con¬

160 365 369 401 temporaine,
387 368 503 393 auteur
518 365 554 393 de
571 365 601 393 la
615 368 735 393 Jeunesse
750 370 781 394 et
802 366 855 394 des
875 368 1011 394 Dernières
1031 369 1125 393 annéts
1144 367 1176 393 de
1195 366 1253 392 lord

160 402 248 435 Byron
252 423 259 434 ,
276 402 332 429 née
349 410 386 429 en
405 402 482 435 1818,
499 403 598 429 morte
614 401 818 430 récemment.
833 418 869 421 —
888 402 925 429 L.
951 410 980 429 a.
1003 410 1026 430 s.
1048 402 1065 429 à
1080 402 1110 429 M
1113 407 1146 422 me
1162 401 1252 433 Caro,

164 438 171 463 1
194 445 223 471 p.
245 438 288 469 1/2
304 437 381 465 in-8.
1183 437 1198 464 8
1237 446 1249 461 »

108 471 140 500 72
160 473 338 508 Hautpoul
360 473 400 508 (la
421 474 572 500 comtesse
594 472 644 508 d’),
669 472 792 501 célèbre
816 473 905 509 poète
928 475 960 501 et
984 472 1193 500 romancière.
1219 488 1254 492 —

160 508 253 535 Pièce
270 509 347 544 sig.,
365 509 443 541 1827,
465 510 470 535 I
492 516 521 544 p.
544 508 606 535 in-4
622 509 683 536 obi.
1184 508 1200 535 3
1239 519 1251 533 »

197 544 270 574 Reçu
285 544 318 568 de
333 545 359 569 la
373 551 479 569 somme
492 544 525 568 de
538 544 583 567 2ÜU
595 544 627 569 fr.
643 551 749 569 comme
766 551 878 569 secours
892 545 908 569 à
922 544 984 569 titre
996 544 1253 574 d’encouragement

161 575 301 600 littéraire.

111 606 143 634 73
164 607 389 643 Havercamp
410 606 591 643 (Sigebert),
609 607 792 643 philosophe
813 609 845 635 et
866 607 1056 635 numismate
1077 606 1255 635 hollandais

162 643 201 670 du
219 651 297 670 xviii
300 648 311 663 6
323 643 429 676 siècle,
447 643 484 670 né
501 651 538 671 en
556 643 634 676 1663,
653 646 735 670 mort
750 651 787 670 en
806 643 925 670 1742.--
940 643 977 670 L.
998 651 1027 670 a.
1048 651 1061 671 s
1083 664 1090 675 ,
1107 651 1145 671 en
1163 642 1254 676 latin,

163 679 180 705 à
190 678 225 706 P.
237 678 344 713 Sandi,
357 679 374 706 à
389 678 531 713 Padoue;
550 679 664 715 Leyde,
680 679 757 712 1723,
775 680 785 705 1
806 687 837 715 p.
856 678 934 713 in-4,
950 678 1071 707 cachet.
1171 678 1203 705 13
1241 688 1253 703 »

112 715 144 742 74
164 715 331 750 Heinsius
356 714 463 750 (Nie.),
488 714 610 742 célèbre
636 714 830 751 philologue,
856 715 946 747 poète
972 715 1051 742 latin
1075 716 1107 742 et
1131 714 1254 741 homme

163 749 265 778 d’Etat
282 749 470 779 hollandais,
489 750 728 778 bibliothécaire
746 751 782 778 de
799 750 959 778 Christine
975 750 1011 777 de
1029 750 1143 783 Suède,
1160 750 1198 777 né
1215 758 1253 777 en

164 785 242 819 1620,
261 788 342 813 mort
358 794 396 813 en
416 787 494 814 1681.
513 803 547 806 —
563 786 598 814 L.
619 795 649 814 a.
669 795 711 820 s.,
728 795 765 814 en
783 786 875 820 latin,
892 787 909 813 à
924 786 980 814 Ch.
1001 786 1088 822 Bâti;
1105 785 1256 821 Cologne,

163 822 178 848 4
194 822 255 849 fév.
274 821 352 854 1673,
368 823 383 849 2
400 829 427 857 p.
445 823 521 849 in-4.
1168 822 1202 849 35
1241 832 1253 846 »

197 857 379 889 Importante
394 857 479 882 lettre
494 864 562 889 pour
577 864 608 881 sa
622 857 790 888 biographie.
809 857 930 882 Pendant
946 857 1089 882 l’invasion
1103 857 1151 881 des
1168 857 1256 882 Fran¬

165 889 223 918 çais
235 896 267 913 en
281 889 421 917 Hollande,
439 889 456 913 il
471 896 487 913 a
504 889 538 914 dû
554 889 731 913 abandonner
745 888 913 913 l’université
925 889 958 913 de
971 890 1061 919 Leyde
1076 891 1104 912 et
1115 895 1144 912 se
1160 889 1256 913 retirer

165 920 227 951 près
242 921 274 945 de
290 920 410 952 l’évêque
425 920 458 944 de
473 920 639 949 Paderborn,
653 921 689 944 où
702 921 720 944 il
735 927 751 944 a
765 921 822 951 pris
841 921 878 945 les
896 927 964 944 eaux
978 921 1010 945 de
1027 920 1217 951 Lippspringe.
1235 920 1254 944 Il

166 952 232 976 n'est
247 951 335 976 arrivé
349 952 365 976 à
381 952 520 976 Francfort
535 959 570 983 qu
581 952 661 982 après
675 952 699 975 la
715 952 780 976 foire
794 959 848 976 aux
863 952 951 981 livres,
967 953 983 976 à
996 959 1078 976 cause
1088 952 1124 976 du
1141 958 1256 982 passage

165 984 213 1007 des
227 986 339 1014 troupes
349 983 644 1012 brandebourgeoises;
660 983 679 1006 il
694 990 709 1007 a
726 990 763 1014 pu
777 984 928 1014 cependant
940 991 969 1007 se
984 990 1113 1013 procurer
1124 983 1163 1007 les
1179 986 1257 1007 notes

165 1015 196 1039 de
218 1015 290 1039 deux
307 1016 417 1039 savants
438 1022 484 1039 sur
511 1015 603 1039 Valère
629 1015 745 1039 Maxime
767 1017 793 1039 et
814 1015 921 1044 Sulpice
940 1015 1051 1044 Sévère;
1067 1015 1085 1039 il
1102 1021 1117 1044 y
1133 1021 1149 1038 a
1165 1022 1200 1039 vu
1219 1015 1257 1038 les

164 1047 297 1070 électeurs
314 1046 347 1070 de
360 1046 488 1076 Mayence
505 1048 530 1070 et
546 1046 579 1070 de
593 1046 795 1075 Brandebourg,
813 1046 836 1070 le
853 1047 904 1070 duc
919 1046 952 1070 de
971 1046 1109 1070 Lorraine.
1128 1046 1167 1070 De
1191 1046 1216 1070 là
1239 1045 1256 1069 il

165 1078 230 1102 s’est
251 1077 338 1107 dirigé
355 1084 401 1101 sur
421 1077 590 1106 Heidelberg,
609 1077 672 1108 près
691 1078 825 1102 l’électeur
846 1078 962 1108 palatin;
983 1077 1002 1101 il
1024 1084 1040 1102 a
1066 1077 1146 1101 visité
1170 1077 1256 1113 Spire,

167 1108 287 1137 Worms,
302 1108 430 1138 Mayence
445 1111 472 1132 et
489 1108 662 1133 Wiesbaden.
680 1108 700 1133 Il
720 1116 735 1133 a
748 1110 890 1134 rencontré
909 1110 924 1133 à
946 1109 1064 1139 Cologne
1086 1109 1110 1133 le
1131 1108 1258 1132 ministre

165 1141 198 1165 de
211 1140 311 1165 Prusse
324 1140 480 1170 Spanheim,
501 1142 551 1165 etc.

112 1171 145 1199 75
163 1173 274 1199 Henri
289 1172 350 1204 III,
367 1171 413 1199 roi
431 1171 467 1199 de
483 1171 623 1205 Castille,
640 1171 813 1199 sursommé
831 1171 849 1199 l’
851 1173 957 1206 Infirme
960 1193 967 1205 ,
988 1172 1038 1199 fils
1060 1172 1096 1199 de
1117 1171 1196 1199 Jean
1214 1170 1257 1203 I",

166 1207 203 1235 né
220 1208 237 1234 à
256 1207 379 1247 Burgos
403 1216 440 1234 en
465 1207 542 1240 1379,
566 1210 649 1235 mort
670 1216 709 1235 en
732 1207 813 1234 1406.
838 1224 873 1227 —
901 1207 971 1235 Let.
1001 1207 1063 1244 sig.
1091 1216 1129 1234 au
1157 1206 1256 1243 grand

167 1243 278 1271 amiral
298 1242 396 1279 Diego
412 1243 552 1271 Furtado
569 1243 606 1270 de
623 1243 786 1277 Mendoza;
805 1243 1036 1279 Guadayerma,
1057 1244 1073 1270 5
1094 1243 1167 1276 mai,
1189 1244 1199 1269 1
1223 1250 1254 1279 p.

166 1279 231 1306 in-4
247 1278 313 1306 obi.
333 1278 444 1307 Sceau.
467 1281 613 1307 Très-rare.
1171 1279 1204 1306 60
1244 1289 1256 1303 »

114 1316 147 1342 76
166 1316 276 1342 Henri
291 1315 348 1348 IV,
366 1315 413 1342 roi
425 1315 462 1342 de
475 1315 614 1349 Castille,
627 1314 806 1342 surnommé
818 1314 1010 1349 l’Impuissant,
1020 1314 1070 1342 fils
1082 1314 1118 1342 de
1129 1314 1207 1343 Jean
1219 1314 1258 1347 II,

166 1351 249 1378 frère
266 1350 427 1378 d’Isabelle
445 1350 481 1378 de
498 1351 640 1384 Castille,
657 1351 710 1386 qui
728 1350 774 1378 lui
790 1351 932 1383 succéda,
949 1351 987 1378 né
1010 1359 1047 1378 en
1072 1351 1150 1384 1425,
1177 1352 1259 1378 mort

167 1395 205 1414 en
223 1387 303 1413 1471.
322 1403 356 1406 —
371 1386 439 1414 Let.
456 1387 516 1422 sig.
534 1387 551 1414 à
565 1386 680 1414 Alvaro
697 1386 820 1419 Gomez,
841 1395 896 1414 son
917 1386 1087 1414 conseiller
1106 1389 1138 1414 et
1158 1387 1259 1414 secré¬

168 1422 264 1455 taire;
281 1422 417 1455 Madrid,
433 1423 449 1449 4
465 1422 529 1450 déc.
548 1423 624 1456 1463,
641 1422 684 1450 3/4
700 1422 736 1450 de
754 1430 784 1458 p.
805 1422 880 1450 in-4.
901 1422 1013 1451 Sceau.
1173 1422 1208 1450 35
1246 1432 1258 1447 »

116 1462 147 1490 77
168 1463 326 1497 Henrion
342 1462 454 1497 (Paul),
470 1462 684 1498 compositeur
699 1463 736 1489 de
753 1462 897 1499 musique
909 1462 1158 1498 contemporain,
1172 1462 1210 1489 né
1221 1470 1261 1489 en

168 1498 248 1526 1818.
269 1514 301 1518 —
317 1499 353 1525 L.
375 1507 404 1526 a.
424 1507 466 1532 s.,
483 1498 498 1526 3
515 1507 545 1534 p.
566 1498 646 1526 in-8.
667 1498 833 1526 Curieuse.
1192 1498 1208 1525 3
1246 1508 1259 1523 »

116 1539 148 1566 78
169 1539 323 1574 Hersent
338 1538 467 1574 (Louis),
483 1538 605 1566 célèbre
622 1538 746 1579 peintre
762 1538 936 1571 d’histoire,
949 1538 986 1566 de
1003 1538 1211 1566 l’Institut.—
1227 1538 1260 1566 L.

168 1583 198 1601 a.
218 1583 244 1602 s.
265 1575 282 1601 à
296 1574 341 1602 M.
368 1574 475 1609 David,
498 1575 669 1603 secrétaire
691 1574 819 1610 général
839 1574 892 1602 des
912 1574 1068 1608 Douanes,
1091 1574 1168 1608 1820,
1193 1575 1200 1601 î
1228 1582 1257 1609 p.

169 1610 211 1639 1/2
227 1612 292 1646 pet.
313 1610 389 1637 in-4.
1193 1610 1208 1637 4
1247 1620 1259 1635 »

118 1651 150 1678 79
171 1650 337 1686 Hervilly
353 1650 477 1686 (Ernest
493 1650 543 1686 d’),
560 1650 744 1678 littérateur
755 1652 786 1678 et
798 1652 913 1678 auteur
924 1650 1134 1685 dramatique,
1147 1652 1262 1678 auteur

171 1686 207 1713 de
223 1687 249 1713 la
264 1687 333 1714 Belle
347 1687 475 1714 Sainara.
489 1686 571 1714 —L.
592 1695 621 1714 a.
641 1694 684 1721 s.,
700 1695 738 1714 en
754 1694 835 1721 vers,
854 1687 871 1713 à
886 1686 930 1714 M.
950 1686 1111 1720 Bridault,
1131 1686 1263 1717 1879,1/2

173 1730 202 1757 p.
223 1722 303 1750 in-8.
324 1722 487 1750 Curieuse.
1041 1723 1045 1729 '
1192 1722 1208 1749 4
1247 1733 1261 1747 »

118 1762 152 1790 80
171 1762 377 1798 Holstenius
403 1762 499 1798 (Luc),
525 1761 623 1798 grand
646 1761 764 1796 érudit,
787 1761 1030 1790 bibliothécaire
1053 1761 1092 1790 du
1117 1761 1263 1796 Vatican,

171 1798 208 1825 né
225 1806 263 1825 en
281 1797 360 1832 1596,
377 1799 460 1826 mort
476 1806 514 1825 en
534 1798 609 1825 1661.
627 1813 658 1817 —
678 1798 694 1825 2
710 1797 733 1825 1.
754 1807 783 1825 a.
803 1806 825 1826 s.
844 1800 875 1826 et
891 1799 902 1825 1
922 1798 979 1826 let.
1001 1799 1066 1825 aut.
1083 1806 1121 1824 en
1138 1797 1230 1831 latin,
1247 1799 1263 1824 à

171 1833 352 1862 Ferdinand
369 1834 406 1861 de
422 1833 640 1869 Furstenberg
657 1836 689 1861 et
705 1842 743 1861 au
761 1833 902 1862 cardinal
920 1833 1024 1869 Ghisi;
1040 1833 1115 1868 1653,
1131 1834 1146 1860 4
1166 1842 1194 1869 p.
1216 1834 1263 1861 in¬

172 1869 227 1897 fol.
244 1872 276 1897 et
290 1870 306 1897 2
322 1878 353 1906 p.
374 1870 417 1900 1/2
434 1870 510 1898 in-4.
527 1869 770 1897 Intéressantes.
1179 1869 1211 1896 18
1250 1880 1262 1895 »

119 1910 149 1938 81
171 1911 357 1944 Hommius
373 1910 516 1945 (Festus),
533 1909 655 1937 célèbre
672 1909 866 1950 théologien,
883 1909 1029 1937 ministre
1046 1909 1063 1936 à
1077 1908 1193 1945 Leyde,
1210 1909 1264 1945 qui

171 1954 203 1974 se
219 1946 385 1982 distingua
400 1954 438 1973 en
455 1945 610 1974 Hollande
626 1945 703 1973 dans
719 1945 750 1973 la.
761 1946 886 1982 dispute
898 1946 952 1973 des
964 1945 1200 1974 Gomaristes.et
1212 1945 1265 1973 des

171 1981 364 2014 Arminiens,
388 1983 501 2009 auteur
525 1981 709 2016 d’ouvrages
732 1981 769 2009 de
792 1984 1005 2015 controverse,
1027 1980 1198 2009 secrétaire
1223 1981 1264 2009 du

173 2017 291 2054 synode
307 2017 344 2045 de
360 2017 538 2046 Dordrecht
553 2026 592 2044 en
608 2017 687 2050 1618,
704 2017 741 2045 né
758 2026 796 2045 en
814 2018 891 2045 1576.
905 2033 936 2037 —
952 2017 989 2045 L.
1009 2026 1038 2045 a.
1059 2025 1101 2051 s.,
1117 2025 1155 2044 en
1172 2016 1264 2052 latin,

173 2055 191 2081 à
206 2053 342 2083 Sibrand
359 2053 502 2083 Lubbert
517 2053 650 2090 (célèbre
666 2053 799 2081 docteur
814 2062 852 2081 en
869 2053 1042 2089 théologie,
1053 2052 1233 2089 professeur
1249 2054 1266 2081 à
