1432 2262
616 38 742 96 - 6 -
111 140 144 167 34
165 139 316 175 Coligny
332 138 502 177 (François
517 139 555 167 de
572 140 704 167 Chàtillon
709 160 716 173 ,
732 140 833 167 comte
846 139 906 175 de),
918 139 1031 167 amiral
1043 139 1080 167 de
1092 139 1257 175 Guyenne,

165 174 289 202 célèbre
302 175 431 211 général
449 174 502 210 qui
520 183 551 202 se
563 174 687 211 joignit
698 183 737 202 au
750 175 832 210 parti
849 175 903 203 des
920 175 1117 203 mécontents
1128 183 1166 202 en
1180 175 1258 208 1575,

166 219 370 247 gouverneur
386 211 423 238 de
439 210 611 246 Rouergue
633 214 664 238 et
680 210 717 237 de
734 210 950 246 Montpellier,
975 211 1025 238 fils
1049 211 1086 238 de
1109 210 1259 239 l'illustre

166 246 290 279 amiral,
307 247 346 274 né
363 255 400 273 en
418 246 496 280 1557,
515 248 598 274 mort
614 255 651 274 en
670 246 747 273 1591.
760 263 793 266 —
804 246 875 274 Let.
896 247 957 288 sig.
979 255 1053 274 avec
1064 247 1095 274 la
1105 246 1259 282 souscrip.

166 284 231 310 aut.
241 293 248 312 ;
264 282 485 318 Montpellier,
507 282 540 309 13
556 282 683 310 octobre
701 282 779 317 1589,
796 283 807 309 1
825 290 853 318 p.
871 282 972 310 in-tol.
990 282 1106 318 Légers
1122 291 1260 310 raccom¬

167 319 328 354 modages.
349 318 577 346 Intéressante.
1175 318 1209 346 35
1247 328 1260 343 »

113 358 147 386 35
166 359 365 392 Condorcet
379 357 483 392 (J.-M.
501 357 538 386 de
555 359 657 386 Caritat
672 357 741 393 de),
758 358 885 386 illustre
902 357 1175 392 mathématicien,
1192 358 1262 393 phi¬

167 394 295 430 losophe
312 397 344 422 et
360 394 556 427 littérateur,
569 394 827 428 conventionnel,
839 394 876 421 de
889 393 1077 422 l’Académie
1095 394 1263 430 française,

168 431 206 457 né
217 430 294 457 dans
303 430 420 458 l’Aisne
430 438 468 457 en
482 429 560 464 1743,
571 431 700 458 morten
713 429 867 457 1794.—L.
883 438 912 457 a.
926 431 990 463 s.,1
1004 438 1031 466 p.
1044 430 1139 458 in-18.
1178 430 1211 457 10
1249 440 1262 455 »

116 470 149 497 36
170 471 311 505 Créquy
328 469 495 508 (François
511 469 585 505 de),
609 469 732 497 célèbre
749 469 908 497 maréchal
925 470 961 497 de
978 470 1111 504 France,
1128 470 1210 498 rival
1226 470 1263 497 de

169 505 327 538 Turenne,
346 506 384 533 né
401 514 471 533 vers
487 506 566 537 1624,
584 510 667 533 mort
682 514 720 533 en
738 505 861 533 1687.—
877 506 913 533 L.
934 514 964 533 a.
984 514 1011 534 s.
1031 507 1068 533 de
1084 514 1140 534 son
1156 514 1264 533 mono¬

171 550 312 577 gramme
329 542 346 568 à
360 541 533 575 Pellisson;
550 541 670 577 Nancy,
687 542 703 568 6
714 541 879 569 décembre
892 541 970 576 1670,
988 543 998 568 1
1018 550 1048 578 p.
1064 542 1141 569 in-4.
1179 542 1213 569 40
1251 552 1264 567 »

210 577 393 602 Intéressante
414 577 499 607 pièce.
523 578 625 607 Malgré
649 584 693 602 ses
718 577 898 602 nombreuses
916 578 1103 609 occupations,
1126 578 1144 601 il
1169 578 1199 601 lit
1222 585 1266 602 ses

171 609 264 633 lettres
279 615 344 633 avec
362 609 503 639 beaucoup
519 608 701 639 d’agrément:
723 618 734 632 «
750 610 835 634 Laves
853 615 921 633 vous
940 609 1002 633 bien
1018 609 1083 640 qu’il
1097 609 1105 633 i
1128 616 1144 633 a
1164 616 1217 634 une
1234 609 1267 634 de

174 647 223 665 vos
237 640 324 664 amies
341 640 377 670 (M
380 640 403 655 ,,e
419 640 451 664 de
466 640 611 672 Scudéry),
631 641 646 664 à
666 641 712 671 qui
731 640 756 671 je
776 640 835 664 suis
856 641 914 664 ravi
937 647 989 671 que
1010 640 1063 665 l'on
1083 640 1142 665 dise
1166 647 1195 664 ce
1219 641 1266 672 qui

172 671 299 696 m'arrive
315 674 341 696 et
356 678 386 696 ce
402 672 448 702 qui
464 678 493 696 se
509 678 590 702 passe
604 678 650 696 sur
668 679 733 696 mon
748 671 819 702 sujet
830 680 854 695 ».
873 672 997 696 Allusion
1013 673 1029 696 à
1044 673 1070 696 la
1086 673 1219 703 conquête
1235 673 1268 696 de

175 704 200 727 la
217 703 345 728 Lorraine
361 709 367 727 :
383 710 394 725 «
406 704 518 727 Comme
532 703 584 734 j'ay
599 710 676 728 assez
691 704 724 728 de
741 710 852 728 courses
867 704 882 727 à
897 703 964 727 faire
982 710 1015 727 en
1035 703 1175 732 Lorraine,
1194 703 1219 734 je
1235 710 1268 728 ne

174 734 232 759 suis
246 741 296 765 pas
311 733 436 765 toujours
450 734 603 759 sédentaire
616 735 631 759 à
646 735 731 760 Nanci
744 744 768 760 ».

118 772 151 799 37
171 771 312 805 Daudet
327 770 472 805 (Ernest),
488 769 676 798 littérateur
691 772 722 798 et
738 770 917 798 romancier
933 771 1183 806 contemporain,
1196 771 1235 798 né
1252 770 1270 797 à

173 806 283 834 Nîmes
298 814 337 833 en
354 805 433 834 1837.
447 822 483 825 —
498 806 532 833 L.
550 815 579 833 a.
600 814 642 840 s.,
659 807 668 833 1
690 815 721 843 p.
742 806 818 834 in-8.
1200 807 1216 833 4
1255 816 1267 832 »

120 848 154 875 38
174 847 330 881 Decazes
346 846 385 881 (le
402 846 462 873 duc
474 846 566 880 Elie),
577 846 700 874 célèbre
710 846 834 874 homme
846 846 960 880 d’Etat,
973 846 1111 882 premier
1123 846 1269 875 ministre

175 882 213 910 de
242 882 338 910 Louis
367 881 480 910 XVIII.
497 899 531 902 —
547 882 583 909 L.
613 891 643 910 a.
672 891 698 910 s.
733 891 771 910 au
800 882 941 910 cardinal
971 882 1118 910 Consalvi
1129 893 1136 917 ;
1167 883 1270 911 Paris.

179 918 209 945 17
226 919 308 953 sept.
328 918 408 952 1819,
424 918 439 945 4
455 926 486 954 p.
506 918 588 946 in-4.
1186 919 1218 946 15
1256 929 1268 944 »

214 953 364 978 Très-belle
389 953 467 978 lettre
492 954 624 984 politique
648 954 716 978 dans
739 954 855 984 laquelle
879 953 898 978 il
925 957 966 978 est
989 954 1116 984 question
1145 954 1181 978 du
1202 961 1272 984 pape

179 986 227 1010 Pie
240 985 298 1009 VII.

124 1019 157 1046 39
177 1017 365 1051 Delacroix
384 1015 504 1051 (Eug.),
527 1015 651 1043 célèbre
674 1016 799 1052 peintre
825 1016 1000 1051 d’histoire,
1023 1017 1098 1044 chef
1110 1017 1147 1045 de
1164 1017 1272 1045 l’école

177 1052 388 1088 romantique.
405 1068 438 1072 —
453 1051 491 1079 L.
512 1060 541 1079 a.
562 1060 604 1086 s.,
620 1051 672 1087 3/4
687 1052 724 1080 de
741 1060 768 1088 p.
785 1053 861 1080 in-8.
1205 1053 1221 1080 5
1259 1064 1271 1079 »

125 1099 158 1126 40
177 1097 374 1132 Delaroche
394 1096 509 1132 (Paul),
531 1105 572 1124 un
597 1096 651 1124 des
675 1096 746 1133 plus
771 1097 912 1125 célèbres
937 1097 1078 1133 peintres
1103 1097 1139 1125 de
1166 1097 1273 1125 l’école

178 1133 345 1172 française.
361 1149 394 1152 —
412 1132 448 1160 L.
468 1141 498 1160 a.
518 1140 545 1160 s.
573 1132 589 1160 à
610 1132 750 1161 Edmond
772 1133 886 1168 Blanc;
911 1133 1020 1168 Rome,
1042 1133 1072 1160 21
1098 1142 1169 1161 nov.
1194 1134 1274 1168 1831,

177 1170 193 1198 3
210 1177 241 1205 p.
263 1170 324 1205 pet.
341 1169 416 1196 in-4.
1188 1169 1222 1197 20
1261 1179 1273 1195 »

217 1205 337 1236 Superbe
356 1205 434 1228 lettre
448 1204 482 1228 de
499 1210 530 1228 sa
548 1203 684 1234 jeunesse,
704 1204 773 1228 dans
796 1204 912 1236 laquelle
927 1205 946 1229 il
962 1205 1034 1236 parle
1050 1204 1082 1229 de
1098 1212 1142 1229 ses
1159 1207 1275 1229 travaux

183 1236 230 1268 qui
253 1237 387 1260 avancent
411 1236 583 1266 rapidement
605 1238 631 1260 et
653 1236 719 1260 dont
739 1243 775 1260 on
792 1236 850 1260 doit
868 1237 1017 1261 entretenir
1032 1236 1067 1260 M.
1088 1236 1194 1261 Thiers.
1211 1237 1232 1261 Il
1250 1237 1275 1261 le

182 1268 282 1293 félicite
297 1268 478 1291 chaudement
494 1267 597 1292 d’avoir
611 1267 701 1291 donné
716 1274 746 1291 sa
762 1267 922 1292 démission.
942 1277 953 1290 «
967 1268 1009 1292 Au
1024 1268 1115 1292 moins
1127 1275 1196 1292 vous
1211 1269 1275 1293 dor¬

183 1300 266 1324 mirez
281 1299 435 1330 tranquille,
452 1300 479 1323 et
491 1305 559 1323 vous
575 1305 607 1323 ne
623 1305 698 1323 serez
713 1299 775 1330 plus
788 1300 861 1324 forcé
876 1299 909 1323 de
925 1299 1031 1323 sourire
1046 1300 1062 1323 à
1076 1300 1171 1324 Judas.
1188 1308 1199 1322 »

128 1342 157 1368 41
179 1342 234 1368 Du
250 1339 388 1375 Chesne
417 1338 576 1375 (André),
601 1341 713 1367 savant
741 1339 896 1367 historien
927 1341 960 1368 et
989 1339 1204 1376 généalogiste
1235 1340 1275 1367 du

179 1384 247 1403 xvn
249 1380 259 1393 e
275 1375 381 1408 siècle,
398 1375 435 1402 né
452 1383 490 1402 en
506 1374 666 1403 Touraine
682 1383 721 1403 en
739 1375 816 1409 1584,
833 1377 917 1403 mort
932 1384 970 1403 en
990 1375 1065 1403 1640.
1081 1375 1163 1403 —L.
1184 1384 1213 1403 a.
1235 1384 1277 1410 s.;

182 1412 283 1444 Paris,
301 1412 310 1438 I
317 1415 326 1428 e
331 1417 336 1426 *
354 1410 520 1438 décembre
538 1410 616 1445 1633,
633 1412 643 1437 1
664 1419 692 1446 p.
710 1411 815 1439 in-fol.
832 1413 910 1439 Rare.
1191 1412 1224 1439 40
1264 1421 1276 1437 »

220 1446 372 1471 Très-belle
388 1446 474 1470 lettre.
492 1446 514 1470 Il
529 1449 594 1477 peut
608 1447 706 1476 garder
720 1455 731 1469 «
749 1447 772 1471 le
787 1447 867 1471 Livre
883 1447 931 1471 des
946 1447 1039 1471 lettres
1053 1447 1167 1472 escrites
1182 1454 1217 1472 au
1229 1454 1278 1478 roy

184 1479 268 1503 Louis
282 1478 305 1502 le
320 1478 417 1507 Jeune,
434 1486 445 1501 »
462 1478 508 1509 qui
522 1485 539 1502 n
550 1480 688 1502 entreront
707 1485 760 1509 que
780 1479 848 1503 dans
869 1478 893 1503 le
909 1479 921 1502 3
924 1484 932 1494 e
946 1479 1055 1503 volume
1070 1479 1103 1503 de
1118 1478 1162 1503 ses
1177 1478 1279 1511 Scrip-

181 1509 321 1534 Historiœ
333 1509 527 1534 Francorum.
545 1518 556 1532 «
569 1509 645 1534 Vous
660 1511 761 1534 m’avez
776 1510 859 1534 escrit
872 1517 924 1541 que
939 1517 1008 1534 vous
1021 1510 1096 1534 aviez
1112 1510 1139 1535 la
1159 1517 1216 1534 mer
1231 1511 1279 1535 des

185 1541 320 1566 Histoires
342 1547 375 1565 en
398 1541 464 1565 latin
488 1541 558 1565 mais
578 1547 630 1572 que
652 1541 686 1565 M.
709 1540 801 1566 Labbé
823 1542 922 1572 auquel
939 1548 1008 1565 vous
1029 1542 1111 1566 l’avez
1126 1542 1233 1572 prestée
1245 1549 1279 1567 en

184 1580 200 1597 a
223 1572 336 1597 arraché
351 1579 386 1597 ou
402 1574 498 1597 retenu
513 1572 645 1604 quelques
660 1573 774 1597 cahiers.
801 1572 874 1597 Vous
890 1573 1063 1603 m’obligerez
1080 1573 1221 1604 beaucoup
1246 1574 1278 1597 de

184 1611 228 1628 me
243 1605 347 1628 donner
371 1604 448 1628 advis
468 1603 582 1635 jusques
604 1605 619 1628 à
641 1604 702 1635 quel
723 1607 813 1635 temps
827 1604 902 1628 vient
921 1611 951 1629 ce
974 1605 1018 1635 qui
1035 1611 1104 1629 vous
1118 1612 1151 1629 en
1168 1607 1248 1630 reste.
1267 1613 1278 1628 »

185 1636 237 1659 Par
252 1636 278 1659 là
292 1635 312 1660 il
327 1635 450 1665 pourrait
463 1636 585 1660 combler
597 1637 729 1667 quelques
743 1636 862 1660 lacunes.

129 1677 163 1704 42
183 1676 375 1711 Dumoulin
390 1675 533 1711 (Pierre),
551 1675 675 1704 célèbre
695 1676 877 1712 théologien
901 1676 1081 1708 calviniste,
1107 1676 1216 1713 appelé
1241 1685 1279 1704 en

182 1712 372 1748 Angleterre
385 1719 441 1747 par
450 1711 586 1748 Jacques
602 1713 611 1738 1
619 1717 641 1729 er
652 1720 732 1748 pour
748 1712 852 1748 lequel
868 1711 890 1739 il
907 1720 1053 1748 composa
1063 1712 1168 1740 divers
1184 1712 1280 1740 écrits

183 1747 433 1784 apologétiques,
455 1747 494 1775 né
515 1756 554 1775 en
580 1747 654 1782 1568,
679 1749 762 1776 mort
783 1756 822 1776 en
848 1748 926 1776 1658.
945 1764 980 1768 —
1003 1747 1090 1779 Quit.
1114 1750 1179 1777 aut.
1201 1748 1279 1786 sig.;

184 1783 297 1818 Sedan,
314 1783 349 1811 25
364 1792 447 1812 mars
464 1783 542 1819 1637,
560 1785 569 1811 1
581 1784 610 1819 /2
626 1793 655 1820 p.
672 1785 753 1812 in-18
769 1784 831 1812 obi.
1193 1784 1227 1812 20
1266 1795 1278 1810 »

130 1830 163 1857 43
183 1830 396 1865 Dupanloup
421 1829 488 1865 (F.),
514 1830 541 1856 le
568 1829 692 1857 célèbre
714 1829 832 1865 évêque
856 1829 1030 1857 d’Orléans.
1045 1845 1078 1849 —
1104 1829 1140 1857 L.
1174 1838 1204 1857 a.
1238 1838 1280 1862 s.;

186 1866 215 1892 17
232 1864 313 1892 avril
330 1865 408 1899 1849,
427 1866 477 1900 1/2
490 1872 519 1901 p.
537 1865 629 1893 in-18.
1212 1865 1228 1892 8
1267 1876 1279 1891 »

222 1901 352 1925 Curieuse
365 1901 443 1925 lettre
458 1901 570 1925 relative
585 1902 601 1925 à
616 1908 645 1925 sa
663 1901 832 1926 nomination
844 1902 860 1925 à
873 1901 991 1925 l’évêché
1001 1900 1150 1926 d’Orléans.
1160 1909 1171 1923 «
1184 1901 1224 1925 Ne
1237 1908 1281 1926 me

185 1932 300 1956 félicitez
315 1932 392 1963 point
405 1940 412 1957 :
428 1939 463 1957 on
476 1933 527 1956 m’a
544 1933 594 1957 fait
605 1939 659 1957 une
674 1932 791 1957 affreuse
803 1932 934 1957 violence.
952 1932 1026 1956 Priez
1043 1939 1112 1963 pour
1126 1932 1182 1956 moi
1195 1939 1200 1955 :
1217 1933 1283 1958 c’est

184 1965 245 1988 tout
258 1970 288 1988 ce
302 1970 354 1995 que
368 1964 413 1995 j’ai
428 1964 452 1988 la
468 1965 541 1989 force
557 1964 590 1989 de
605 1971 673 1989 vous
688 1964 754 1988 dire.
772 1973 782 1987 »

131 2002 164 2029 44
183 2003 372 2037 Duperron
395 2002 540 2039 (Jacques
563 2002 675 2038 Davy),
699 2002 860 2036 cardinal,
884 2002 1011 2030 illustre
1037 2001 1219 2038 théologien
1250 2004 1282 2030 et

183 2038 367 2075 diplomate,
384 2038 422 2066 né
439 2038 516 2066 dans
531 2038 577 2066 les
593 2039 743 2067 environs
759 2038 797 2066 de
814 2038 1000 2072 Coutances,
1016 2037 1045 2066 le
1062 2038 1095 2065 19
1111 2038 1281 2066 novembre
