1424 2315
641 101 675 105 —
695 86 724 112 Il
748 100 777 105 —

199 157 386 187 l’Académie
403 160 440 187 de
458 160 630 194 Prancher,
646 161 700 197 qui
722 161 835 189 assista
854 162 935 189 aussi
960 170 997 189 au
1019 161 1136 198 synode
1157 161 1194 189 de
1214 161 1291 188 Dor¬

198 193 333 231 drecht);
351 196 467 231 Leyde,
484 197 516 224 10
532 198 592 225 oct.
610 197 688 230 1607,
706 198 716 224 1
737 205 765 232 p.
783 197 852 224 in-f.
1205 196 1238 224 20
1277 207 1290 221 »

235 229 313 256 Belle
324 232 413 263 pièce.
432 232 453 256 Il
467 239 482 256 a
497 233 582 256 remis
596 240 627 257 sa
639 233 718 257 lettre
733 234 748 257 à
763 233 855 257 Pierre
870 232 978 257 Bertius
986 242 990 262 ;
1013 232 1031 256 il
1049 233 1086 257 lui
1105 233 1179 263 parle
1194 232 1293 257 d'élec¬

198 261 270 286 tions
288 264 416 288 relatives
430 264 445 287 à
462 263 627 288 l’Académie
639 264 672 288 de
687 264 832 289 Francher.
850 265 872 288 A
888 264 985 294 Leyde,
1003 271 1037 288 on
1054 271 1087 289 ne
1102 266 1166 288 veut
1180 271 1229 295 pas
1244 264 1292 288 des

199 292 337 325 Français,
354 302 388 320 on
408 295 446 319 les
461 296 556 320 trouve
571 298 631 326 trop
646 296 806 320 bouillants.

145 323 178 351 82
197 324 353 361 Hotman
368 326 551 365 (François),
567 326 691 355 célèbre
708 326 940 362 jurisconsulte
962 328 994 354 et
1016 326 1183 363 publiciste
1205 326 1292 354 fran¬

198 360 262 397 çais
279 362 320 390 du
336 368 400 390 xvi"
415 362 521 393 siècle,
544 362 582 389 né
603 371 641 390 en
664 363 742 396 1524,
763 365 846 390 mort
865 371 905 390 en
929 362 1003 390 1590.
1021 378 1053 383 —
1074 363 1109 390 L,
1135 372 1164 389 a.
1190 370 1231 394 s.,
1252 370 1290 389 en

200 397 291 431 latin,
308 398 324 425 à
344 398 423 426 Jean
440 398 477 425 de
497 398 691 434 Clanbourg,
707 398 938 434 jurisconsulte
960 399 977 425 à
996 398 1182 432 Francfort;
1205 397 1291 431 Bâle,

198 432 232 459 29
248 441 330 461 mars
347 434 426 467 1579,
444 435 454 461 1
476 442 505 469 p.
526 434 602 462 in-f.
620 434 738 470 Légers
755 434 1039 469 raccommodages.
1057 436 1132 462 Rare.
1206 434 1240 461 35
1278 444 1290 459 »

146 467 180 495 83
200 469 322 499 Huber
337 469 485 504 (Michel),
501 469 609 497 fécond
633 470 828 500 littérateur,
849 470 903 506 qui
924 470 1077 498 traduisit
1096 478 1133 497 en
1155 469 1292 507 français

199 504 342 541 Lessing,
360 506 506 539 Gessner,
524 505 786 540 Winckelmann,
806 509 884 539 etc.,
907 506 943 532 né
966 514 1002 533 en
1028 506 1106 540 1775,
1122 506 1137 533 3
1153 513 1184 541 p.
1210 499 1288 532 iri-4.

199 542 280 567 Rare.
1208 541 1241 568 15
1278 551 1291 566 »

231 576 250 599 Il
263 576 302 601 lui
316 576 413 601 envoie
428 577 451 601 le
466 577 586 607 premier
602 578 709 601 volume
722 578 755 602 de
773 584 801 601 sa
818 576 974 602 traduction
991 577 1039 602 des
1059 576 1223 608 Réflexions
1241 583 1294 600 sur

200 607 229 631 la
242 607 388 638 peinture.
403 607 587 638 d'Hagedorn.

146 637 179 666 84
198 640 313 674 Hume
328 639 459 675 (David),
473 640 599 667 illustre
611 639 796 675 philosophe
809 639 942 674 anglais,
957 648 997 667 un
1008 639 1061 667 des
1073 639 1143 674 plus
1154 638 1293 666 célèbres

199 674 356 702 écrivains
373 675 413 702 du
429 681 520 702 xvm"
536 675 642 708 siècle,
660 676 698 703 né
715 684 753 703 en
770 676 848 708 1711,
866 677 949 703 mort
965 684 1002 703 en
1023 675 1139 702 1776.—
1156 674 1192 702 L.
1213 684 1243 702 a.
1263 683 1289 703 s.

200 710 218 736 à
233 710 277 738 M.
297 710 333 738 de
354 710 486 744 Brandt,
507 711 646 746 premier
665 711 782 747 écuyer
802 712 841 738 du
865 711 972 746 prince
993 711 1080 746 royal
1101 711 1138 738 de
1161 711 1292 744 Prusse;

200 745 407 782 Edimbourg,
423 746 456 773 27
473 746 592 774 février
608 747 685 781 1757,
703 748 713 773 1
734 755 762 783 p.
780 748 822 776 1/2
839 746 913 775 in-f.
935 746 1064 775 Cachet.
1088 746 1204 782 Légers
1225 754 1292 774 rac¬

199 782 432 818 commodages.
1190 782 1240 810 150
1278 792 1290 807 »

229 818 384 842 Précieuse
399 818 492 842 lettre.
509 817 530 842 Il
546 825 561 842 a
574 819 598 842 le
609 818 717 843 dessein
735 819 767 843 de
779 818 885 849 publier
897 825 940 842 ses
956 818 1148 842 dissertations
1158 818 1190 842 de
1199 818 1293 842 l'hiver

199 849 355 879 précédent;
373 849 439 874 elles
450 849 564 873 traitent
579 850 612 873 de
627 849 768 879 l'histoire,
785 851 817 874 de
834 850 856 874 la
870 850 991 879 religion,
1008 850 1056 874 des
1071 849 1206 881 passions,
1222 850 1254 873 de
1268 850 1292 873 la

197 881 333 910 tragédie;
352 881 368 904 il
385 880 424 905 s’v
443 881 510 904 mêle
524 888 561 905 un
575 888 627 912 peu
640 881 673 905 de
688 882 829 912 politique.
850 880 872 904 Il
887 881 912 905 le
928 881 1025 905 félicite
1040 882 1073 905 de
1088 887 1233 905 conserver
1249 888 1293 905 ses

198 913 279 940 goûts
294 912 520 943 philosophiques
531 919 565 936 au
579 912 671 936 milieu
684 916 721 937 du
736 913 809 937 bruit
821 912 869 936 des
883 919 982 938 armes,
998 919 1032 937 en
1047 913 1135 943 pleine
1150 919 1247 941 guerre
1260 912 1293 936 de

199 946 259 973 sept
275 950 334 968 ans.
350 943 475 968 Frédéric
494 943 519 967 II
535 951 564 968 se
586 946 692 968 montre
707 945 721 968 à
734 944 760 968 la
775 944 827 968 fois
839 943 927 974 grand
941 944 1051 973 général
1068 946 1092 967 et
1110 945 1207 968 savant
1226 943 1292 968 esti¬

201 975 288 999 mable
303 982 356 999 aux
371 975 446 1000 côtés
461 975 493 999 de
509 975 689 1006 Maupertuis.

144 1007 178 1034 85
196 1007 665 1041 Isabelle-Claire-Eugénie,
682 1006 747 1034 fille
760 1006 796 1034 de
809 1006 956 1042 Philippe
969 1006 995 1034 II
1007 1007 1039 1034 et
1050 1005 1241 1033 d’Elisabeth
1255 1006 1292 1033 de

197 1042 329 1075 France,
348 1044 434 1070 tante
451 1042 488 1069 de
505 1042 535 1070 la
550 1042 639 1070 reine
654 1043 744 1070 Anne
765 1042 959 1075 d’Autriche,
976 1042 1090 1069 femme
1111 1041 1147 1069 de
1169 1041 1294 1069 l’archi¬

198 1077 257 1105 duc
273 1078 396 1111 Albert,
413 1077 537 1106 célèbre
554 1079 773 1113 gouvernante
790 1078 843 1106 des
860 1078 1072 1114 Pays-Bas.—
1089 1077 1158 1105 Let.
1177 1077 1236 1113 sig.
1253 1085 1291 1104 en

198 1113 348 1152 français,
366 1122 403 1141 au
422 1114 482 1141 duc
498 1116 535 1141 de
551 1114 721 1148 Lorraine;
737 1114 915 1147 Bruxelles,
932 1114 948 1141 5
963 1113 1040 1141 août
1056 1113 1133 1147 1621,
1153 1115 1160 1140 1
1187 1121 1217 1149 p.
1247 1113 1294 1148 1/2

199 1150 405 1178 in-f.°Sceau.
426 1149 514 1177 Belle
531 1150 632 1185 pièce.
1225 1149 1240 1176 6
1279 1159 1293 1172 »

145 1187 179 1213 86
197 1186 287 1213 Jean
301 1187 342 1219 II,
359 1186 407 1213 roi
423 1185 461 1213 de
477 1185 619 1219 Castille,
639 1185 689 1213 fils
710 1185 747 1212 de
769 1185 867 1213 Henri
889 1185 942 1218 III,
965 1185 1072 1220 prince
1093 1184 1215 1212 célèbre
1239 1193 1296 1220 par

199 1230 248 1249 ses
268 1225 378 1249 vertus
398 1224 429 1249 et
448 1229 503 1249 son
524 1229 661 1256 courage
686 1221 851 1254 militaire,
875 1221 929 1256 qui
950 1220 1097 1260 répandit
1124 1220 1222 1256 parmi
1245 1228 1295 1248 ses

198 1257 299 1293 sujets
316 1257 343 1284 le
361 1257 439 1293 goût
454 1257 491 1284 de
509 1257 539 1285 la
554 1257 658 1292 poésie
680 1260 712 1284 et
732 1257 768 1284 de
790 1257 820 1284 la
840 1256 966 1284 culture
990 1256 1233 1288 intellectuelle,
1257 1256 1294 1283 né

200 1301 237 1320 en
256 1292 333 1326 1405,
351 1295 435 1321 mort
449 1301 486 1320 en
511 1293 588 1320 1454.
607 1309 641 1312 —
657 1293 750 1320 Pièce
767 1293 845 1329 sig.;
862 1292 987 1328 janvier
1003 1293 1082 1327 1447,
1101 1294 1108 1319 I
1131 1300 1161 1328 p.
1185 1291 1291 1319 in-fol.

201 1331 346 1356 Très-rare.
1209 1327 1242 1355 70
1281 1337 1293 1352 »

235 1364 369 1395 Privilège
384 1364 500 1389 accordé
512 1371 546 1388 au
561 1366 650 1389 comte
663 1363 789 1388 Fernand
805 1364 838 1388 de
853 1365 983 1389 Cordova.

146 1397 177 1424 87
198 1398 335 1424 Jeanne
350 1397 552 1429 d’Orléans,
569 1398 722 1424 comtesse
739 1395 994 1430 deTaillebourg
1010 1397 1042 1422 et
1057 1394 1296 1430 d’Angoulème,

199 1432 351 1459 duchesse
369 1432 405 1459 de
423 1431 541 1465 Valois,
557 1433 645 1459 tante
663 1432 700 1458 de
718 1431 869 1469 François
885 1432 896 1459 I
899 1436 921 1449 er
925 1453 931 1463 ,
948 1431 1013 1459 fille
1030 1430 1067 1458 de
1086 1431 1177 1463 Jean,
1194 1434 1296 1457 comte

201 1467 439 1503 d’Angouléme,
455 1468 569 1495 femme
586 1467 623 1495 de
640 1467 781 1500 Charles,
798 1461 893 1495 tiaron
918 1467 955 1494 de
972 1466 1115 1502 Coëtivy,
1136 1467 1236 1494 morte
1258 1474 1296 1493 en

203 1503 281 1531 1520.
303 1519 334 1523 —
351 1503 444 1531 Pièce
460 1504 523 1539 sig.
543 1512 599 1531 sur
614 1502 715 1538 vélin;
734 1503 830 1537 Blois,
846 1504 880 1531 20
891 1502 983 1540 janv.
1004 1502 1082 1535 1518,
1099 1504 1110 1529 1
1130 1511 1161 1538 p.
1182 1501 1297 1529 double

202 1540 264 1567 in-4
280 1539 345 1567 obi.
365 1541 446 1567 Rare.
1209 1537 1243 1565 20
1282 1547 1296 1562 »

147 1576 180 1604 88
199 1575 325 1610 Judith
344 1575 460 1610 (Julie),
487 1574 610 1602 célèbre
636 1574 842 1602 comédienne
865 1574 905 1602 du
930 1572 1244 1611 Théâtre-Français.
1264 1589 1299 1593 —

199 1611 237 1639 L.
257 1620 286 1638 a.
307 1619 334 1638 s.
355 1611 373 1638 à
389 1610 489 1638 Emile
506 1610 543 1637 de
560 1610 722 1644 Girardin,
742 1611 750 1637 1
771 1618 801 1646 p.
824 1610 897 1638 in-8.
914 1610 1080 1638 Curieuse.
1229 1609 1244 1636 4
1284 1620 1296 1634 »

147 1648 180 1675 89
199 1647 342 1681 Jussieu
357 1646 605 1681 (Ant.-Laurent
620 1646 679 1681 de),
696 1654 797 1673 neveu
814 1646 851 1673 de
867 1645 1007 1674 Bernard
1026 1649 1058 1673 et
1077 1645 1106 1673 le
1130 1644 1297 1673 continua¬

200 1686 273 1711 teur
289 1682 326 1709 de
342 1690 391 1710 ses
407 1682 615 1710 découvertes
631 1681 668 1709 de
685 1681 870 1718 botanique,
887 1682 925 1709 né
942 1683 959 1709 à
974 1682 1074 1717 Lyon.
1100 1697 1135 1700 —
1161 1681 1195 1708 L.
1216 1688 1245 1707 a.
1266 1689 1292 1708 s.

204 1719 221 1745 à
234 1718 371 1754 Jacques
387 1717 526 1751 Laffitte;
545 1719 577 1744 14
594 1717 765 1745 novembre
782 1717 860 1750 1830,
878 1719 889 1744 1
909 1726 940 1754 p.
961 1717 1037 1745 in-4.
1212 1715 1244 1743 15
1283 1727 1295 1742 »

147 1755 181 1782 90
202 1754 307 1789 Keith
333 1753 412 1789 (lord
440 1753 585 1789 George),
610 1753 658 1781 dit
681 1754 787 1788 Mylord
809 1754 942 1781 Maréchal
945 1775 952 1787 ,
979 1760 1182 1789 gouverneur
1206 1751 1243 1779 de
1268 1752 1298 1780 la

202 1789 401 1825 principauté
419 1789 456 1816 de
473 1788 666 1822 Neuchâtel,
690 1788 813 1817 célèbre
830 1797 886 1825 par
901 1798 949 1817 ses
965 1789 1119 1817 relations
1135 1796 1209 1815 avec
1225 1787 1298 1816 J.-J.

201 1826 376 1858 Rousseau,
394 1825 447 1861 qui
465 1824 628 1860 l’appelait
646 1833 702 1852 son
723 1825 810 1861 père.
835 1841 869 1844 —
890 1825 960 1852 Let.
985 1826 1062 1860 sig.,
1083 1832 1121 1851 en
1142 1823 1298 1859 français;

202 1861 391 1894 Neuchâtel,
407 1861 437 1888 21
457 1860 628 1888 novembre
645 1860 725 1894 1757,
741 1861 757 1888 2
773 1869 803 1897 p.
825 1861 901 1888 in-4.
1211 1861 1245 1888 25
1283 1870 1296 1885 »

233 1897 362 1922 Curieuse
375 1897 454 1921 lettre
465 1903 511 1920 sur
522 1896 636 1921 l'affaire
653 1896 734 1921 d'une
750 1897 907 1921 demoiselle
923 1896 1060 1921 Croulait.

147 1931 176 1957 91
201 1929 377 1963 Kinglake
397 1927 549 1963 (A.-W.),
571 1927 694 1955 célèbre
720 1928 876 1956 historien
901 1928 1025 1963 anglais
1048 1927 1297 1962 contemporain,

202 1965 239 1992 né
255 1973 292 1992 en
312 1965 391 1991 1811.
410 1980 443 1983 —
459 1963 496 1990 L.
517 1972 546 1990 a.
567 1972 580 1991 s
601 1984 608 1996 ,
627 1963 705 1996 1865,
724 1964 733 1990 1
755 1972 785 1999 p.
806 1964 887 1991 in-8.
1228 1963 1245 1990 5
1282 1974 1296 1988 »

148 2001 182 2029 92
203 2000 383 2035 Kotzebue
405 1999 568 2035 (A,-F.-F.
595 1998 652 2034 de),
676 1999 857 2027 romancier
878 1998 1018 2030 célèbre,
1045 1997 1214 2034 publiciste
1236 2007 1298 2027 aux

202 2044 298 2072 gages
314 2035 351 2063 de
368 2035 399 2063 la
414 2034 697 2068 Sainte-Alliance,
715 2035 870 2063 assassiné
887 2043 942 2071 par
958 2034 1055 2063 Sand.
1074 2050 1109 2054 —
1129 2033 1165 2061 L.
1185 2042 1215 2061 a.
1235 2043 1261 2062 s.
1282 2036 1299 2062 à

203 2073 243 2101 M.
254 2071 423 2105 Kummer;
434 2070 554 2105 Berlin,
566 2070 665 2104 1804,1
678 2078 707 2106 p.
719 2071 759 2106 pl,
772 2072 846 2105 in-4,
856 2070 977 2099 cachet.
988 2070 1075 2098 Belle
1086 2070 1191 2098 lettre.
1214 2070 1247 2097 10
1286 2082 1297 2096 »
