1432 2245
644 55 782 113 - 14 -
196 153 305 181 Melun
322 162 360 181 en
379 153 458 181 1808.
477 170 511 173 —
526 154 563 181 L.
588 162 618 181 a.
644 162 670 181 s.
702 154 719 181 à
740 154 784 181 M.
812 153 967 184 Gondoin,
994 162 1055 181 aux
1079 153 1291 186 Vives-Eaux,

196 190 266 225 près
283 189 320 217 de
336 189 530 224 Dammarie;
547 189 713 224 Beaulieu,
729 190 763 217 24
779 190 887 218 nivôse
904 198 943 217 an
958 189 1013 224 IX,
1029 190 1045 217 2
1063 197 1092 225 p.
1113 189 1190 217 in-4.
1216 191 1292 216 Très-

195 234 256 252 rare
262 246 268 252 .
1206 224 1239 252 40
1279 234 1291 249 »

226 261 297 285 Belle
320 261 398 285 lettre
421 261 504 285 écrite
528 267 634 285 comme
657 260 722 291 juge
742 262 775 286 de
796 262 860 292 paix
880 261 916 286 du
941 263 1039 285 canton
1060 261 1093 286 de
1117 260 1293 285 Boissise-la-

194 291 337 320 Bertrand,
349 293 413 323 près
424 292 457 316 de
472 292 572 316 Melun.

125 323 174 350 117
195 325 383 359 Marossan
399 323 468 359 (de),
484 323 585 351 favori
602 323 643 351 du
664 323 725 351 duc
740 323 777 351 de
794 323 930 359 Luynes,
947 324 1013 360 qui,
1035 323 1156 359 d'après
1176 322 1293 351 Riche¬

195 359 259 387 lieu
277 360 384 387 aurait
395 359 526 395 préparé
538 359 653 387 l’achat
663 359 854 395 d’Avignon;
872 359 894 387 il
907 360 1007 387 servit
1019 359 1290 387 d’intermédiaire

195 403 233 422 en
250 396 319 422 1610
334 398 425 423 entre
442 395 541 422 Marie
558 395 595 422 de
611 394 755 429 Médicis,
773 395 938 423 Richelieu
952 398 984 423 et
993 395 1022 423 le
1032 395 1092 423 duc
1104 395 1141 422 de
1154 396 1290 431 Luynes.

194 447 227 451 —
243 431 280 458 L.
301 440 331 458 a.
351 439 393 466 s.;
409 431 581 463 Tonneins,
602 432 607 457 I
615 436 638 451 er
654 430 730 459 août
745 431 845 466 (1621),
862 432 871 458 1
893 439 923 467 p.
943 431 1049 459 in-fol.
1069 431 1214 459 Cachets.
1234 429 1288 457 Lé¬

196 467 286 502 gères
303 466 452 494 brûlures
468 466 650 502 atteignant
666 467 695 495 le
711 468 811 494 texte.
830 469 909 494 Rare.
1205 466 1238 493 20
1279 477 1290 491 »

128 510 176 536 118
195 510 375 545 Martillac
390 509 561 545 (Gabrielle
577 509 635 544 de),
652 509 734 537 amie
750 509 787 536 de
804 509 834 537 M
838 514 880 528 mes
897 509 933 536 de
952 509 1089 545 Sévigné
1110 510 1142 537 et
1162 509 1199 536 de
1220 508 1291 536 Gri-

195 553 327 581 gnan.—
342 545 358 571 2
371 545 389 573 1.
403 554 430 573 a.
443 553 466 573 s.
479 553 517 572 au
531 545 672 581 marquis
681 545 718 573 de
729 545 759 573 la
768 545 885 577 Garde;
903 546 1032 578 1697-98,
1044 546 1060 573 6
1072 553 1100 581 p.
1110 544 1185 572 in-4.
1205 544 1239 572 30
1278 555 1291 568 »

225 581 312 605 Belles
326 582 419 605 lettres
432 581 501 605 dans
516 573 659 612 lesquelles
674 581 723 605 elle
736 581 810 612 parle
826 581 859 605 de
874 581 899 605 M
902 586 925 595 me
941 581 974 605 de
989 581 1120 611 Grignan.

125 619 175 646 119
194 620 375 654 Massenet
385 619 443 654 (J.),
453 619 577 647 célèbre
589 619 814 655 compositeur,
823 621 938 647 auteur
948 616 1128 647 d’Mroà
1137 621 1168 646 et
1177 618 1217 646 du
1231 619 1290 646 Cid.

196 670 226 674 —
239 654 338 683 Billet
353 658 421 682 aut.
441 655 518 691 sig.,
536 656 546 680 1
566 663 598 690 p.
618 655 715 682 in-18.
1224 655 1238 681 7
1278 664 1290 678 «

125 691 175 718 120
194 690 420 727 Maupertuis
436 690 543 727 (P.-L.
563 693 670 718 Moreau
681 690 740 725 de),
750 690 872 718 célèbre
884 690 1045 725 géomètre
1057 692 1089 719 et
1101 692 1292 720 astronome,

195 726 232 753 de
249 726 368 754 l’Acad.
388 727 430 754 fr.
450 743 484 746 —
499 726 535 754 L.
556 735 585 754 a.
606 735 647 761 s.;
667 727 828 761 Postdam,
847 726 877 753 12
894 734 976 754 mars
996 727 1071 760 1748,
1092 727 1143 761 3/4
1159 726 1196 753 de
1212 734 1290 762 page

196 762 276 790 in-4.
1205 761 1239 789 20
1277 772 1290 786 »

225 798 315 823 Lettre
327 798 410 822 écrite
428 805 463 822 au
481 804 543 822 nom
558 798 591 822 de
606 797 732 823 Frédéric
748 797 774 822 II
789 804 824 822 au
838 797 909 828 sujet
924 798 957 822 de
972 797 1138 822 l’Académie
1153 798 1186 822 de
1200 797 1291 822 Berlin

194 831 220 853 et
242 830 278 853 du
299 829 430 860 privilège
450 829 482 853 de
498 829 522 853 la
546 836 660 853 censure
680 832 729 853 des
746 829 828 853 livres
845 836 850 852 :
865 837 876 852 «
894 830 930 854 Sa
947 828 1059 859 Majesté
1074 831 1157 859 ayant
1171 835 1291 853 reconnu

195 860 260 891 qu’il
270 861 417 885 entraînait
429 860 462 885 de
478 862 538 891 trop
554 861 657 891 grands
669 861 878 885 inconvénients
891 861 961 885 dans
975 855 1001 885 là
1015 861 1144 889 librairie,
1162 861 1212 886 elle
1229 861 1293 885 s’est

195 892 362 917 déterminée
377 892 392 916 à
408 892 431 916 le
444 892 585 923 révoquer.
608 901 619 915 »

125 930 170 957 121
194 931 372 965 Mayenne
387 930 451 964 (Ch.
475 929 512 957 de
534 932 661 958 Lorraine
664 929 671 964 ,
695 929 755 957 duc
777 929 837 965 de),
862 930 960 966 grand
984 930 1154 966 capitaine,
1178 930 1292 958 lieute¬

195 971 273 994 nant
289 966 417 1002 général
434 966 475 993 du
492 974 654 1001 royaume,
672 966 699 993 le
716 966 790 993 chef
803 966 840 993 de
857 965 887 993 la
903 966 1016 1002 Ligue.
1041 983 1075 986 —
1097 966 1134 993 L.
1155 975 1185 994 a.
1205 975 1231 994 s.
1252 975 1291 994 au

196 1001 255 1029 duc
279 1002 315 1029 de
339 1002 472 1030 Bavière
495 1001 653 1035 (Frédéric
676 1001 727 1035 IV,
750 1001 824 1029 chef
843 1001 880 1029 de
904 1002 934 1029 la
956 1002 1057 1037 Ligue
1080 1002 1291 1038 catholique);

194 1037 297 1071 Paris,
315 1038 348 1065 15
364 1039 443 1073 sept.
463 1037 540 1068 1593,
557 1037 572 1064 3
589 1046 620 1073 p.
641 1037 717 1065 in-f.
738 1037 869 1065 Cachet.
1191 1038 1239 1066 150
1278 1049 1291 1063 »

226 1073 318 1098 Lettre
335 1074 485 1104 historique
500 1073 582 1098 d’une
597 1073 700 1104 grande
715 1073 897 1104 importance.
913 1073 935 1097 Il
951 1082 962 1096 «
979 1074 1075 1105 espère
1090 1081 1157 1098 avec
1172 1075 1198 1099 la
1212 1074 1293 1104 grâce

193 1105 225 1129 de
238 1105 308 1129 Dieu
322 1112 376 1136 que
388 1112 433 1129 ses
448 1105 555 1129 actions
569 1112 601 1129 ne
617 1104 777 1135 produiront
792 1105 849 1129 rien
865 1112 900 1129 au
912 1105 1050 1136 préjudice
1062 1105 1095 1130 de
1113 1108 1191 1130 noire
1204 1106 1293 1130 sainte

191 1136 308 1166 religion
319 1143 356 1167 ny
368 1136 404 1161 du
416 1137 478 1161 bien
489 1137 601 1166 général
611 1137 644 1160 de
656 1136 681 1160 la
696 1136 842 1160 crestienté
856 1144 877 1160 ».
890 1136 995 1161 Détails
1008 1143 1055 1160 sur
1065 1138 1104 1161 les
1117 1137 1293 1162 conférences

192 1168 225 1192 de
240 1168 374 1192 Suresnes
394 1169 421 1192 et
435 1168 460 1192 la
478 1168 552 1192 trêve
571 1169 604 1192 de
620 1168 644 1191 la
669 1166 777 1191 Villette
799 1174 805 1190 :
826 1176 837 1190 «
856 1167 906 1191 Sur
927 1168 1062 1192 certaines
1081 1170 1244 1193 ouvertures
1266 1170 1293 1192 et

193 1199 380 1230 propositions
400 1200 446 1231 qui
463 1205 532 1224 nous
549 1202 597 1223 ont
614 1199 671 1223 esté
691 1199 786 1223 faictes
806 1205 856 1229 par
870 1199 910 1223 les
927 1199 1098 1230 catholiques
1117 1200 1253 1225 assistans
1267 1200 1291 1223 le

193 1237 239 1260 roy
255 1231 288 1255 de
313 1231 434 1255 Navarre
455 1238 503 1255 sur
522 1230 667 1255 l’occasion
687 1230 721 1254 de
746 1230 916 1255 l’assemblée
932 1231 1072 1261 generaliede
1131 1238 1181 1256 nos
1197 1233 1290 1261 estais,

193 1262 265 1286 leurs
287 1262 402 1293 députés
426 1264 452 1286 et
472 1263 511 1286 les
533 1264 642 1286 nostres
668 1268 697 1285 se
723 1264 785 1286 sont
806 1268 873 1286 veus
894 1264 921 1286 et
946 1262 1054 1287 conféré
1076 1263 1218 1287 ensemble
1243 1263 1292 1287 des

193 1300 309 1323 moyens
324 1295 478 1318 d’asseurer
494 1295 587 1318 nostre
602 1293 674 1317 dicte
688 1292 806 1323 religion
820 1295 846 1317 et
857 1293 890 1317 de
906 1294 1032 1318 restablir
1044 1297 1085 1318 cet
1098 1295 1177 1318 estât.
1190 1294 1258 1318 Mais
1273 1294 1292 1318 il

196 1325 254 1349 n’en
271 1327 313 1349 est
328 1331 442 1350 encores
454 1325 512 1349 rien
528 1324 642 1349 succédé
657 1324 737 1348 sinon
754 1325 779 1348 la
795 1325 944 1349 resolution
960 1325 1041 1350 d’une
1054 1326 1139 1350 trefve
1155 1325 1292 1355 generalle

194 1357 227 1380 de
248 1356 315 1380 trois
334 1363 414 1387 moys
431 1357 463 1381 de
483 1357 599 1387 laquelle
617 1363 652 1380 on
676 1358 719 1379 est
741 1355 804 1380 d’un
828 1362 958 1381 commun
983 1357 1061 1381 advis
1085 1357 1199 1382 accordé
1224 1364 1293 1387 pour

194 1388 298 1412 donner
317 1389 435 1419 quelque
452 1387 560 1412 relâche
575 1390 601 1412 et
620 1387 810 1417 soulagement
828 1394 864 1411 au
881 1388 978 1418 peuple
993 1388 1040 1420 qui
1058 1389 1141 1413 estoit
1155 1391 1292 1413 extrême¬

195 1421 271 1443 ment
295 1412 400 1447 affligé.
428 1428 439 1442 »
466 1419 572 1443 Durant
596 1425 626 1443 ce
652 1420 756 1449 temps,
783 1418 802 1442 il
824 1419 948 1443 attendra
972 1420 997 1444 la
1022 1420 1141 1445 décision
1166 1420 1203 1444 du
1223 1426 1294 1451 pape

193 1450 316 1475 Clément
332 1451 393 1475 VIII
409 1451 508 1482 auquel
523 1451 541 1474 il
555 1457 570 1474 a
585 1450 689 1480 envoyé
704 1457 758 1474 une
773 1450 944 1475 ambassade.

126 1488 175 1515 122
195 1489 364 1520 Mérimée
379 1488 546 1524 (Prosper),
564 1488 686 1516 célèbre
703 1488 843 1515 écrivain
865 1489 1077 1525 romantique,
1099 1489 1237 1517 l’auteur
1257 1489 1294 1517 de

194 1525 273 1552 Clara
288 1526 382 1558 Gazul,
405 1524 543 1552 membre
566 1524 603 1552 de
625 1523 744 1552 l’Acad.
765 1524 807 1551 fr.
826 1540 861 1543 —
880 1524 917 1552 L.
938 1533 968 1552 a.
993 1533 1019 1553 s.
1045 1525 1062 1552 à
1082 1525 1216 1559 Bérard;
1239 1525 1294 1553 Sa¬

195 1560 277 1587 medi
294 1561 328 1588 20
345 1560 419 1594 mai,
437 1561 448 1587 1
468 1568 499 1596 p.
521 1560 599 1587 in-8.
1213 1562 1237 1588 Il
1279 1571 1293 1586 »

227 1596 247 1620 Il
272 1596 310 1620 lui
336 1603 461 1621 annonce
480 1602 533 1627 que
553 1596 577 1620 le
598 1595 676 1620 dîner
696 1595 744 1619 des
768 1595 941 1626 bibliophiles
956 1599 997 1620 est
1012 1596 1065 1621 fixé
1087 1603 1122 1620 au
1139 1596 1169 1620 22
1191 1596 1256 1626 mai,
1279 1597 1294 1620 à

196 1627 425 1652 Saint-Germain.

126 1662 176 1690 123
196 1664 367 1699 Mérimée
379 1663 527 1699 (Prosp.)-
544 1662 637 1690 Pièce
654 1662 737 1690 deux
753 1662 813 1690 fois
829 1662 950 1698 signée,
963 1664 1066 1697 1854,1
1085 1672 1114 1700 p.
1131 1663 1205 1692 in-f.
1226 1664 1241 1691 3
1281 1674 1293 1689 »

226 1698 301 1729 Reçu
314 1699 347 1724 de
362 1706 411 1724 son
429 1699 586 1723 traitement
601 1705 708 1723 comme
718 1699 847 1723 sénateur
863 1698 983 1729 pendant
998 1707 1034 1724 un
1045 1700 1184 1724 trimestre
1195 1709 1201 1730 ;
1219 1700 1295 1731 pièce

197 1731 322 1755 curieuse
338 1731 385 1762 qui
401 1731 523 1756 contient
536 1736 586 1754 son
602 1729 734 1754 certificat
749 1730 782 1754 de
797 1730 849 1754 vie.

128 1768 178 1795 124
198 1769 364 1804 Mignard
380 1769 522 1804 (Pierre),
545 1776 586 1796 un
608 1767 662 1796 des
682 1767 752 1803 plus
773 1768 890 1803 grands
912 1768 1053 1804 peintres
1075 1769 1115 1796 du
1138 1769 1234 1797 siècle
1257 1769 1294 1797 de

197 1804 292 1833 Louis
308 1804 428 1832 XIV.—
444 1804 479 1832 L.
501 1812 530 1831 a.
550 1812 577 1832 s.
597 1812 636 1831 au
654 1803 778 1839 peintre
791 1803 943 1840 Garigue,
956 1805 974 1832 à
984 1804 1173 1838 Versailles;
1191 1805 1293 1837 Paris,

198 1848 232 1867 ce
251 1840 418 1874 mercredi,
440 1841 450 1867 1
479 1848 508 1876 p.
535 1840 609 1874 in-4,
636 1839 797 1875 fragment
820 1839 856 1866 de
880 1839 1000 1867 cachet.
1025 1840 1118 1867 Pièce
1141 1841 1242 1877 fripée
1263 1844 1296 1868 et

199 1884 239 1903 un
256 1884 316 1912 peu
334 1876 459 1904 tachée.
479 1878 559 1903 Rare.
1209 1876 1242 1904 60
1280 1887 1294 1901 »

230 1911 251 1935 Il
265 1912 304 1935 lui
318 1912 368 1936 fait
385 1912 434 1937 des
448 1911 530 1936 offres
543 1918 611 1942 pour
626 1910 724 1934 l’achat
740 1910 773 1934 de
786 1917 836 1935 son
856 1911 963 1935 tableau
980 1911 1168 1942 représentant
1181 1912 1206 1937 le
1224 1912 1264 1937 roi
1278 1913 1294 1936 à

199 1942 303 1967 cheval.

128 1973 179 2001 125
198 1975 364 2009 Mignard
374 1974 553 2009 (Pierre).—
569 1972 738 2004 Quittance
755 1972 814 2008 sig.
831 1981 887 2000 sur
901 1973 1002 2005 vélin;
1019 1973 1098 2007 1693,
1115 1974 1188 2002 in-8.
1209 1974 1243 2001 20
1282 1985 1294 2000 »

128 2016 179 2044 126
199 2017 393 2051 Montbrun
409 2018 529 2051 (Pierre
546 2016 583 2044 de
600 2015 752 2049 Rellegarde
766 2016 798 2042 de
809 2016 998 2049 Souscarrière,
1015 2016 1156 2053 marquis
1172 2017 1229 2052 de),
1246 2017 1296 2045 fils

200 2053 326 2080 naturel
343 2052 380 2080 de
397 2053 504 2089 Roger
520 2053 556 2079 de
580 2050 781 2086 Bellegarde,
798 2058 995 2086 personnage
1019 2052 1141 2079 célèbre
1164 2060 1220 2088 par
1239 2061 1295 2081 son
