1424 2299
635 67 759 126 - 5 -
128 164 164 192 25
184 165 353 199 Gallières
368 164 528 203 (François
544 165 603 199 de),
620 165 743 193 célèbre
760 165 899 194 écrivain
913 167 943 193 et
955 165 1126 201 diplomate
1138 166 1273 193 français

183 200 223 227 du
242 201 338 236 règne
355 201 392 228 de
408 200 505 228 Louis
520 200 602 232 XIV,
620 202 758 229 membre
779 202 816 229 de
838 201 1024 229 l’Académie
1045 200 1215 239 française,
1238 201 1274 229 né

183 236 201 263 à
214 236 379 272 Thorigny
395 245 432 263 en
450 236 643 264 Normandie
659 246 697 265 en
719 238 791 270 1645,
810 244 892 265 mort
906 245 942 264 en
963 237 1074 264 1717.—
1092 237 1169 265 L."a.
1181 246 1204 263 s.
1218 237 1234 264 à
1246 237 1276 265 la

184 272 341 308 marquise
358 271 554 306 d’Huxelles;
572 272 835 306 Fontainebleau,
857 275 884 301 18
900 276 960 301 oct.
978 273 1054 304 1695,
1072 273 1085 300 7
1104 281 1130 308 p.
1147 273 1190 303 1/4
1201 272 1274 301 in-4.

185 307 320 343 Légères
341 307 448 336 taches
464 307 664 336 d’humidité.
686 309 845 345 Quelques
862 317 1006 344 passages
1021 312 1076 336 ont
1091 308 1139 336 été
1156 309 1276 341 légère¬

185 348 271 370 ment
289 343 455 372 bétonnés.
477 345 622 371 Très-rare.
1192 345 1224 371 75
1262 355 1274 369 »

219 379 310 403 Lettre
325 380 491 410 importante
505 382 650 404 contenant
665 380 713 404 des
728 380 826 405 détails
843 387 891 404 sur
908 380 931 404 la
950 380 1081 411 politique
1099 380 1232 409 française
1249 382 1276 404 et

183 410 334 441 étrangère.
358 411 503 435 Nouvelles
522 411 555 435 de
575 411 599 435 la
619 418 718 441 guerre
733 419 766 435 en
782 411 916 441 Hongrie,
938 418 971 435 en
990 411 1186 441 Transylvanie
1200 414 1226 435 et
1242 418 1274 436 en

183 442 310 473 Turquie.
328 442 404 466 Prise
419 449 468 473 par
483 442 531 466 des
546 445 700 467 armateurs
715 443 833 472 français
847 443 880 467 de
895 442 1058 467 Saint-Malo
1073 444 1105 467 de
1120 444 1187 467 trois
1202 442 1275 467 vais¬

182 480 267 497 seaux
290 473 397 504 anglais
420 476 601 504 appartenant
625 474 639 497 à
664 474 689 498 la
711 474 876 504 Compagnie
900 474 947 498 des
973 474 1061 498 Indes.
1084 474 1218 498 Situation
1243 474 1276 498 de

184 504 373 533 l’Angleterre;
390 506 480 529 retour
493 505 529 529 du
543 505 634 536 prince
648 505 795 536 d'Orange;
812 505 971 530 dissolution
988 505 1023 529 du
1040 505 1202 535 Parlement,
1218 508 1271 530 etc.

129 536 163 563 26
184 537 344 570 Garteret
363 536 464 571 (lord),
486 540 586 564 comte
609 536 645 563 de
666 536 863 567 Grandville,
886 536 1008 564 célèbre
1029 537 1152 564 homme
1173 536 1277 565 d’Etat

183 572 316 608 anglais,
336 572 480 600 ministre
497 572 534 599 de
551 572 690 608 Georges
709 573 744 601 IL
762 573 892 599 vice-roi
912 571 1079 605 d’Irlande,
1097 574 1277 608 protecteur

183 607 236 635 des
252 613 317 635 arts
333 611 365 636 et
381 608 433 635 des
450 608 572 639 lettres,
593 613 673 635 mort
688 617 725 636 en
746 609 864 636 1766.—
881 608 950 636 Lot.
971 608 994 635 si
1001 617 1033 643 g.
1053 616 1127 636 avec
1144 608 1174 636 la
1189 617 1276 636 sous-

184 644 228 670 cri
234 645 278 679 pt.
299 650 381 677 aut.,
398 652 434 671 en
453 643 602 678 français,
619 653 635 671 a
650 644 776 678 Haller;
794 644 950 677 Hanov.c,
972 645 1000 670 14
1016 643 1089 679 juin
1111 644 1184 677 1746,
1210 646 1215 670 I
1243 653 1272 681 p.

191 680 237 713 1/2
253 673 332 707 in-4.
1192 680 1224 707 22
1263 691 1275 704 »

218 715 240 739 Il
254 715 278 739 le
295 715 425 739 remercie
440 715 472 739 de
488 716 583 740 l'envoi
599 715 632 739 de
647 722 691 740 ses
707 716 821 747 poésies.

128 750 161 778 27
184 752 268 787 Gats
291 751 360 787 (J.),
382 750 504 778 célèbre
529 751 618 787 poète
643 751 830 785 hollandais,
854 751 1078 779 ambassadeur
1102 760 1138 779 en
1164 751 1278 786 Angle¬

184 791 280 817 terre,
307 787 344 814 né
369 795 406 814 en
438 787 511 819 1577,
539 792 621 814 mort
644 796 682 814 en
712 787 788 814 1660.
808 804 842 807 —
865 788 897 815 L.
923 797 952 815 a.
978 796 1004 815 s.
1029 795 1067 814 au
1091 787 1278 815 stathouder

184 822 462 853 Frédéric-Henri;
479 823 522 850 La
536 822 635 859 Haye,
657 823 684 850 15
696 822 769 858 juin
789 823 865 857 1646,
884 825 891 850 1
915 832 941 859 p.
958 823 1028 851 in-f.
1045 825 1125 851 Rare.
1191 823 1225 850 25
1263 833 1275 847 »

128 863 162 889 28
183 864 443 895 Cécile-Renée,
469 862 557 889 reine
581 862 617 889 de
642 863 792 899 Pologne,
813 863 878 891 tille
900 863 936 890 de
959 862 1147 899 l’empereur
1168 862 1276 890 Ferdi¬

184 899 263 925 nand
282 898 321 932 II,
338 898 451 926 femme
468 898 508 926 du
527 897 572 925 roi
591 898 743 931 Ladislas,
761 899 817 926 née
834 908 871 926 en
892 899 968 932 1611,
986 901 1085 926 morte
1103 907 1139 926 en
1162 899 1276 926 1644.—

185 934 253 961 Let.
283 934 345 970 sig.
375 942 448 961 avec
474 934 504 962 la
528 934 699 970 souscript.
728 939 811 968 aut.,
837 943 874 962 en
901 934 1070 968 allemand,
1096 935 1110 961 à
1136 942 1170 962 sa
1193 942 1278 962 sœur

182 970 399 1002 Marie-Anne,
435 970 549 997 femme
584 970 621 997 de
657 970 827 998 l’Electeur
861 970 1079 1000 Maximilien;
1116 969 1276 1003 Varsovie,

183 1005 217 1033 29
228 1004 302 1042 juin
318 1005 396 1038 1642,
416 1006 423 1032 1
445 1013 473 1041 p.
492 1005 564 1033 in-f.
1191 1006 1225 1034 20
1264 1017 1276 1030 »

128 1042 162 1069 29
183 1042 327 1077 Gharlet
342 1041 475 1077 (N.-T.),
492 1041 616 1069 célèbre
635 1041 757 1076 peintre
774 1043 806 1069 et
822 1041 1035 1070 dessinateur.
1057 1057 1086 1061 —
1109 1041 1144 1069 L.
1165 1051 1194 1068 a.
1214 1050 1239 1069 s.
1262 1042 1278 1069 à

183 1077 291 1105 Alfred
310 1077 346 1105 de
364 1078 499 1110 Musset;
519 1077 550 1104 12
564 1076 693 1113 janvier
712 1077 786 1110 1840,
802 1077 852 1111 3/4
869 1077 906 1105 de
925 1086 951 1113 p.
970 1078 1049 1105 in-4.
1209 1078 1226 1103 5
1264 1088 1275 1102 »

218 1113 239 1137 Il
258 1114 282 1138 le
299 1114 356 1144 prie
374 1113 510 1138 d’obtenir
525 1113 716 1137 l’inhumation
735 1114 856 1143 gratuite
874 1114 936 1138 d’un
959 1113 1067 1137 nommé
1082 1113 1195 1137 Grumcl
1212 1113 1278 1137 lais¬

182 1147 244 1169 sant
258 1152 309 1169 une
321 1151 424 1176 pauvre
437 1151 522 1169 veuve
535 1151 600 1169 avec
615 1145 750 1175 plusieurs
763 1144 871 1169 enfants
884 1146 952 1169 dans
966 1145 990 1169 la
1005 1145 1110 1169 misère.

128 1181 162 1208 50
182 1180 484 1220 Châteaurenault
518 1180 797 1220 (François-Louis
832 1181 868 1208 de
904 1181 1043 1214 IIuusselet,
1077 1181 1177 1207 comte
1212 1180 1276 1215 de),

182 1216 308 1245 illustre
326 1216 427 1245 marin
445 1216 485 1244 du
502 1216 597 1244 siècle
618 1218 655 1245 de
678 1216 772 1244 Louis
792 1216 874 1246 XIV,
893 1216 1098 1250 vice-amiral,
1121 1215 1276 1244 maréchal

182 1252 219 1281 de
235 1253 366 1286 France,
384 1261 587 1288 gouverneur
603 1253 639 1280 de
657 1252 826 1289 Bretagne,
842 1254 879 1280 né
896 1261 932 1280 en
951 1252 1029 1286 1634,
1046 1257 1128 1280 mort
1143 1261 1181 1279 en
1202 1252 1276 1280 1716.

182 1305 217 1309 —
233 1289 325 1317 Pièce
341 1289 400 1324 sig.
418 1297 473 1316 sur
489 1288 686 1324 parchemin;
705 1289 806 1321 Brest,
824 1289 903 1323 1678,
920 1290 929 1315 1
951 1297 977 1324 p.
996 1288 1074 1315 in-8.
1192 1288 1224 1314 12
1263 1299 1275 1313 »

220 1326 293 1355 Heçu
306 1325 339 1349 de
352 1326 376 1349 la
390 1331 495 1349 somme
508 1325 541 1348 de
555 1325 617 1348 neuf
631 1327 707 1349 cents
720 1325 803 1349 livres
816 1332 885 1356 pour
900 1325 964 1349 trois
978 1325 1048 1349 mois
1061 1324 1093 1348 de
1108 1330 1151 1348 ses
1162 1324 1277 1354 appoin¬

185 1359 301 1381 tements
317 1363 424 1381 comme
440 1356 577 1387 capitaine
593 1356 625 1381 de
639 1357 772 1380 vaisseau.

129 1391 157 1419 31
184 1393 326 1427 Ghifflet
341 1391 613 1428 (Jean-Jacques),
638 1394 750 1420 savant
774 1391 916 1419 médecin
939 1393 971 1419 et
995 1391 1150 1419 historien
1174 1392 1277 1420 franc-

182 1428 325 1459 comtois,
342 1428 379 1455 né
396 1428 413 1454 à
430 1428 602 1465 Besançon,
626 1430 709 1455 mort
731 1436 768 1455 en
791 1428 869 1455 1660.
884 1444 919 1447 —
934 1427 971 1455 L.
991 1436 1021 1454 a.
1041 1436 1082 1462 s.;
1099 1427 1276 1458 Bruxelles,

183 1463 216 1491 12
231 1464 350 1492 février
370 1463 451 1498 1632,
468 1465 478 1490 1
499 1457 647 1499 p/in-fol.
663 1466 733 1492 Rare
739 1484 745 1491 .
1191 1464 1224 1492 30
1263 1474 1275 1490 v

220 1500 293 1524 Belle
311 1500 390 1524 lettre
409 1499 517 1524 d’envoi
538 1499 571 1524 de
590 1507 640 1524 son
660 1506 780 1530 ouvrage
803 1499 814 1523 «
830 1499 962 1531 Insignia
980 1499 1128 1530 gentilitia
1147 1500 1275 1531 equiium

186 1531 299 1555 orclinis
316 1531 434 1556 Velleris
450 1531 536 1555 aurei
549 1538 574 1556 ».

127 1566 161 1595 32
182 1568 312 1602 Coitier
329 1567 447 1603 (Jacq.),
459 1566 488 1594 le
500 1566 623 1594 célèbre
637 1566 777 1594 médecin
790 1567 827 1594 de
839 1566 935 1594 Louis
945 1566 1001 1600 XI,
1015 1566 1053 1593 né
1065 1575 1101 1594 en
1118 1566 1275 1594 Franche-

182 1603 300 1636 Comté,
314 1605 397 1630 mort
408 1610 479 1630 vers
494 1602 569 1630 1505.
582 1619 614 1623 —
630 1602 698 1630 Let.
717 1603 776 1638 sig.
789 1611 863 1630 avec
875 1603 905 1630 la
916 1611 1015 1630 sousc.
1029 1604 1105 1637 aut.;
1123 1602 1166 1630 La
1177 1603 1276 1631 Motte

182 1638 298 1674 d’Egry
307 1638 448 1673 (Loiret),
459 1638 573 1674 14juil.
583 1638 681 1673 (1480),
692 1639 701 1665 1
716 1647 745 1674 p.
756 1639 831 1666 in-4.
845 1639 980 1666 Montée.
993 1640 1126 1665 Très-rare
1129 1659 1135 1665 .
1176 1639 1223 1666 110
1261 1649 1273 1664 »

219 1674 240 1698 Il
256 1681 380 1699 annonce
396 1681 447 1706 que
464 1675 487 1698 le
496 1674 536 1698 roi
550 1675 587 1698 lui
603 1682 618 1698 a
631 1674 720 1699 donné
735 1682 767 1699 en
784 1675 960 1705 récompense
976 1675 1023 1698 des
1036 1674 1098 1705 cinq
1109 1676 1185 1698 cents
1194 1674 1276 1699 livres

185 1706 308 1730 tournois
325 1714 336 1729 «
348 1713 401 1736 que
415 1705 440 1737 je
456 1705 559 1735 dévoyé
573 1706 649 1730 avoir
665 1708 691 1730 et
706 1706 823 1736 prandre
842 1713 890 1730 sur
907 1706 1023 1730 Arnault
1043 1705 1165 1733 Luillier,
1187 1707 1275 1730 tréso¬

184 1738 237 1762 rier
254 1738 287 1762 de
301 1738 496 1765 Carcassonne,
518 1737 543 1761 la
563 1737 657 1761 moitié
679 1737 711 1762 de
730 1738 754 1761 la
775 1744 880 1762 somme
899 1738 931 1761 de
951 1737 1060 1762 deniers
1081 1744 1132 1768 que
1154 1739 1217 1767 peut
1240 1745 1275 1762 ou

183 1776 282 1799 pourra
302 1769 396 1793 devoir
420 1768 560 1792 Anthoine
581 1768 727 1795 Biboteau,
748 1769 910 1793 demeurant
933 1769 949 1792 à
974 1769 1106 1798 Langres,
1128 1769 1244 1793 commis
1259 1770 1274 1793 à

183 1800 421 1825 recevoir.le
437 1802 584 1831 payement
603 1800 651 1824 des
672 1801 729 1824 Iran
733 1807 746 1824 s
768 1800 889 1825 archiers
907 1800 940 1824 de
959 1800 1145 1830 Ghampaigne
1163 1803 1189 1824 et
1208 1807 1275 1831 pays

182 1831 322 1856 d’environ
338 1833 396 1856 esta
400 1838 431 1855 ns
451 1831 527 1856 soulz
547 1831 573 1855 la
597 1831 696 1861 charge
715 1832 748 1855 de
768 1832 802 1855 M.
822 1832 854 1856 de
874 1831 1061 1856 Baudricourt.
1079 1839 1090 1854 »
1111 1832 1148 1855 Le
1162 1832 1200 1856 roi
1217 1832 1275 1856 leur

181 1864 249 1888 écrit
264 1870 331 1894 pour
346 1863 418 1887 viser
434 1863 471 1887 les
487 1865 611 1893 comptes
626 1863 661 1886 du
676 1863 715 1886 dit
730 1862 863 1888 Biboteau
879 1865 905 1887 et
922 1863 1057 1887 satisfaire
1072 1863 1180 1887 Coitier.

126 1900 160 1927 33
182 1900 324 1927 Colbert
338 1900 381 1926 de
397 1899 590 1934 Seignelay
607 1898 721 1934 (J.-B.),
738 1898 862 1926 célèbre
879 1899 1025 1927 ministre
1042 1899 1078 1926 de
1094 1898 1125 1926 la
1141 1898 1273 1932 marine,

179 1935 229 1962 fils
250 1934 289 1962 du
315 1934 413 1969 grand
441 1933 584 1966 Colbert,
608 1934 646 1961 né
662 1942 700 1961 en
718 1934 795 1967 1651,
814 1939 897 1962 mort
912 1943 948 1962 en
970 1934 1045 1962 1690.
1061 1951 1095 1954 —
1110 1934 1145 1962 L.
1168 1943 1196 1962 a.
1217 1943 1240 1963 s.
1258 1935 1274 1962 à

179 1971 210 1998 M
214 1976 246 1990 me
262 1970 299 1998 de
316 1969 457 1998 Barillon
474 1970 603 2003 (femme
621 1970 657 1997 de
669 1970 917 1999 l’ambassadeur
929 1970 965 1998 de
978 1971 1097 1998 France
1110 1979 1147 1998 en
1160 1971 1274 2006 Angle¬

180 2006 276 2042 terre)
288 2016 294 2040 ;
311 2006 326 2032 8
344 2005 403 2033 mai
426 2005 500 2038 1688,
518 2006 527 2032 1
548 2013 579 2040 p.
600 2006 650 2040 1/2
665 2005 741 2033 in-8.
1187 2006 1220 2033 22
1259 2017 1271 2031 »

220 2042 254 2066 Le
269 2042 309 2067 roi
324 2048 462 2072 approuve
481 2042 506 2066 le
527 2048 631 2071 voyage
651 2042 683 2066 de
705 2042 730 2066 M
733 2048 757 2057 mo
777 2043 810 2066 de
835 2042 952 2067 Barillon
969 2049 1003 2066 en
1026 2042 1193 2071 Angleterre.
1208 2050 1219 2065 «
1241 2042 1273 2067 Je

184 2074 312 2099 voudrais
328 2073 389 2098 bien
404 2073 468 2104 qu’il
482 2075 649 2103 approuvast
662 2080 743 2103 aussy
761 2073 822 2098 bien
837 2076 928 2099 vostre
945 2076 1037 2099 retour
1052 2073 1093 2104 icy
1106 2082 1130 2097 ».
