1424 2299
634 72 759 129 - 9 -
134 169 161 196 61
186 169 300 204 Gondi
315 168 482 205 (Alphonse
500 169 557 204 de),
573 170 799 198 surintendant
815 170 851 197 de
869 170 898 198 la
915 170 1034 198 maison
1051 171 1088 198 de
1105 170 1277 199 Catherine

187 204 223 232 de
240 204 380 238 Médicis,
399 206 480 233 mort
497 206 513 232 à
528 205 673 242 Avignon
689 214 726 234 en
745 206 824 234 1574.
848 222 877 226 —
900 206 1005 237 Quitt.
1025 206 1087 242 sig.
1108 215 1163 234 sur
1179 206 1277 240 vélin,

188 240 264 274 1570,
281 241 348 268 in-8
364 240 425 268 obi.
1209 242 1225 269 5
1263 252 1277 267 »

217 276 291 306 Reçu
307 277 339 300 de
354 277 379 300 la
396 283 500 301 somme
516 277 548 301 de
563 278 633 301 deux
648 280 725 302 cents
740 277 822 301 livres
838 278 968 304 tournois,
987 285 1054 309 pour
1069 285 1114 302 ses
1129 278 1276 309 appointe¬

187 310 276 332 ments
291 314 397 332 comme
408 310 504 332 maître
524 308 622 333 d’hôtel
637 309 669 333 de
684 309 708 333 la
729 309 803 333 reine
820 308 852 333 de
869 309 998 337 Navarre,
1015 310 1133 341 pendant
1150 310 1189 334 les
1206 309 1277 334 mois

187 339 280 363 d’avril
296 340 312 363 à
327 340 480 370 septembre
498 339 565 364 1570.

134 371 167 398 62
187 371 350 405 Grævius
366 370 490 405 (J.-G.),
507 371 630 399 célèbre
647 371 830 408 philologue
851 373 883 399 et
902 371 1009 400 érudit
1029 372 1199 404 allemand,
1216 372 1275 399 fixé

187 415 225 434 en
242 406 395 435 Hollande
411 407 450 435 où
468 407 490 435 il
507 407 616 436 devint
632 407 886 444 historiographe
903 407 939 436 de
957 407 987 436 la
1004 408 1121 437 maison
1140 408 1177 436 de
1198 407 1277 437 Nas¬

187 451 254 476 sau,
270 443 309 470 né
325 452 362 470 en
380 443 458 476 1622,
476 446 558 471 mort
573 452 611 471 en
629 444 749 471 1703.—
765 445 797 472 L.
815 453 842 471 a.
859 452 900 478 s.,
917 453 955 472 en
973 445 1064 478 latin,
1082 445 1099 472 à
1114 444 1168 472 Ch.
1186 444 1257 472 Dati
1269 454 1276 477 ;

187 479 396 513 Amsterdam,
419 479 495 513 1668,
515 480 531 506 2
551 488 582 515 p.
611 479 649 508 1/2
670 480 748 508 in-4.
777 480 864 508 Belle
889 483 921 508 et
946 480 1157 508 intéressante
1181 480 1277 508 lettre

187 514 359 542 littéraire.
1195 517 1224 544 15
1262 526 1275 540 »

134 550 167 578 63
187 551 337 578 Granier
352 552 395 578 de
412 550 615 587 Cassagnâc
631 551 705 587 (A.),
724 550 892 587 publiciste
909 555 941 579 et
958 551 1125 579 historien.
1142 567 1174 571 —
1190 552 1227 579 L.
1249 560 1276 579 a.

186 594 212 613 s.
234 586 251 613 à
265 586 308 614 M.
329 586 366 614 de
382 586 531 620 Calonne,
548 586 647 623 (1856),
663 587 678 613 2
695 595 725 623 p.
746 587 841 615 in-18.
858 586 941 615 Jolie
957 587 1064 615 lettre.
1208 588 1224 614 4
1263 597 1276 612 »

133 627 167 654 64
186 627 376 654 Granvelle
385 626 529 662 (Antoine
542 629 673 661 Perrmot,
690 627 830 654 cardinal
848 627 905 661 de),
923 628 1061 662 premier
1077 627 1222 655 ministre
1239 627 1278 655 de

186 662 427 693 Charles-Quint
442 665 474 690 et
490 662 526 689 de
542 662 689 699 Philippe
711 663 748 694 II,
769 662 887 699 évéque
908 662 1044 696 d’Arras,
1071 664 1108 690 né
1133 671 1171 690 en
1199 663 1277 697 1517,

188 704 269 726 mort
284 707 322 726 en
343 698 452 726 1586.—
469 698 505 725 L.
526 707 555 725 a.
575 707 601 726 s.
623 699 639 725 à
655 698 781 726 Matheo
795 698 949 735 Yarquez,
966 699 1136 727 secrétaire
1149 698 1186 726 de
1201 699 1277 726 Phi¬

186 733 269 769 lippe
286 734 309 761 11
326 744 332 769 ;
356 734 487 768 Madrid,
504 734 538 761 24
554 742 635 762 mars
652 734 729 769 1582,
751 736 756 761 1
779 743 808 770 p.
834 735 872 765 1/2
892 734 962 762 in-f.
979 734 1105 762 Cachet.
1129 737 1196 762 Rare
1214 744 1230 761 a
1232 738 1272 762 ut.

186 771 228 803 sig
235 791 241 797 .
1191 770 1223 798 70
1265 780 1277 795 »

215 806 336 836 Superbe
351 806 437 830 lettre.
454 805 494 829 En
509 806 684 836 récompense
699 806 732 830 de
745 813 789 830 ses
804 806 922 830 services
937 807 964 830 et
978 806 1011 830 de
1022 813 1090 830 ceux
1101 806 1134 830 de
1145 813 1194 830 son
1208 806 1278 830 frère

185 837 302 861 Antoine
321 837 354 861 de
371 838 538 867 Chantonay,
558 838 582 862 le
604 837 644 862 roi
663 838 777 862 accorde
798 838 814 862 à
833 844 883 862 son
903 844 988 861 neveu
1007 838 1031 861 le
1052 839 1141 862 comte
1159 838 1191 862 de
1209 837 1279 862 Gan-

187 870 287 896 tecrov,
306 868 331 892 la
347 869 549 893 commande,le
563 868 764 899 d’Esparagoça
780 869 814 893 de
832 869 923 895 Lares,

132 904 166 932 65
187 905 335 938 Grenier
349 905 422 939 (A.),
440 904 561 932 célèbre
578 907 687 932 acteur
702 904 743 932 du
760 904 882 932 théâtre
899 905 953 932 des
971 904 1129 932 Variétés.
1139 920 1168 924 —
1187 905 1224 932 L.
1249 913 1277 932 a.

184 948 210 967 s.
231 941 248 967 à
264 940 425 973 Siraudin,
447 942 451 967 I
475 948 504 976 p.
525 940 604 967 in-8.
1208 941 1224 968 5
1263 950 1276 965 »

216 976 369 1006 Spirituelle
385 976 636 1000 recommandation
651 983 684 999 en
700 976 792 1000 faveur
806 976 838 1000 de
855 976 889 999 M.
902 976 1041 1007 Alphonse
1055 976 1168 1006 Dumas,
1178 983 1216 1000 un
1228 976 1278 1001 des

184 1009 295 1032 auteurs
307 1007 354 1032 des
368 1007 521 1038 Petits-fils
537 1007 571 1032 de
587 1007 723 1032 Mènélas.

133 1043 166 1070 66
186 1044 274 1070 Gros
295 1044 338 1071 de
358 1044 446 1078 Boze
467 1043 615 1078 (Claude),
636 1043 788 1071 trésorier
807 1043 844 1070 de
867 1043 1002 1074 France,
1027 1043 1124 1079 garde
1147 1043 1201 1070 des
1223 1043 1271 1070 mé

185 1079 297 1107 dailles
313 1080 349 1106 de
366 1079 395 1106 la
411 1079 633 1115 Bibliothèque
650 1079 689 1106 du
707 1079 765 1112 roi,
783 1079 819 1106 de
840 1078 957 1106 l’Acad.
979 1079 1021 1106 fr.
1045 1095 1080 1098 —
1102 1080 1170 1106 Let.
1197 1078 1275 1115 sig.;

185 1115 286 1149 Paris,
304 1115 334 1142 17
351 1123 433 1142 mars
453 1115 526 1149 1705,
543 1116 559 1142 3
576 1123 605 1151 p.
627 1115 669 1148 1/4
685 1115 764 1143 in-4.
786 1117 861 1143 Rare.
1187 1114 1221 1142 20
1261 1126 1273 1139 »>

220 1151 239 1174 Il
260 1151 297 1175 lui
316 1158 438 1175 annonce
460 1158 512 1182 que
532 1151 695 1175 l’Académie
714 1151 789 1175 vient
805 1151 839 1175 de
863 1157 986 1175 nommer
1005 1151 1075 1175 deux
1095 1150 1187 1181 sujets
1209 1156 1277 1180 pour

186 1182 296 1212 remplir
310 1183 335 1206 la
350 1183 425 1213 place
442 1182 580 1207 d’associé,
598 1185 711 1206 vacante
730 1189 779 1213 par
798 1182 823 1206 la
842 1182 991 1206 démission
1010 1182 1042 1205 de
1063 1181 1096 1205 M.
1118 1181 1224 1210 Rollin;
1247 1189 1276 1206 ce

185 1216 247 1238 sont
263 1221 267 1237 :
285 1214 318 1238 M.
336 1214 480 1238 Bourdelin
497 1216 523 1238 et
538 1214 623 1238 l’abbé
636 1213 776 1244 Fraguier.
794 1214 812 1237 11
832 1214 905 1244 parle
921 1213 1027 1237 ensuite
1043 1214 1075 1238 de
1098 1213 1123 1237 la
1143 1213 1277 1237 disserta¬

186 1245 241 1269 tion
256 1252 303 1269 sur
315 1245 339 1269 le
354 1245 446 1270 Janus
465 1246 512 1270 des
526 1245 647 1275 anciens,
662 1247 714 1269 etc.

132 1281 164 1308 67
185 1282 404 1317 Grumbkow
420 1280 778 1317 (Frédéric-Guillaume
795 1281 852 1314 de),
870 1280 994 1316 général
1010 1280 1165 1316 prussien,
1176 1280 1277 1307 favori

184 1316 221 1344 de
233 1317 582 1344 Frédéric-Guillaume
595 1317 605 1344 I
609 1322 632 1336 er
636 1339 642 1349 ,
655 1316 708 1353 qui
720 1316 891 1344 s’entendit
902 1324 976 1343 avec
989 1315 1277 1351 Seckendorfpour

187 1352 297 1388 perdre
315 1353 343 1380 le
360 1353 450 1380 futur
466 1352 615 1380 Frédéric
629 1352 656 1380 II
673 1358 705 1379 et
724 1352 753 1380 le
774 1352 853 1379 faire
875 1351 1064 1380 déshériter.
1083 1368 1117 1371 —
1137 1351 1174 1379 L.
1195 1360 1225 1379 a.
1245 1360 1272 1379 s.

185 1397 223 1416 en
249 1388 376 1423 abrégé,
402 1397 439 1416 en
466 1388 614 1421 français,
640 1388 657 1415 à
679 1387 892 1422 Seckendorf;
922 1388 955 1415 13
980 1396 1061 1415 mars
1087 1387 1166 1421 1736,
1197 1388 1207 1413 1
1241 1395 1272 1423 p.

185 1419 264 1452 in-4.
1187 1422 1221 1450 25
1258 1434 1272 1447 »

218 1461 306 1484 Lettre
321 1460 479 1491 historique.
495 1460 516 1484 Il
532 1460 570 1484 lui
583 1466 707 1484 annonce
723 1466 774 1491 que
790 1460 828 1484 les
844 1459 1032 1490 négociations
1045 1465 1114 1490 pour
1129 1459 1153 1483 la
1168 1461 1230 1489 paix
1244 1459 1278 1483 de

188 1492 290 1516 Vienne
301 1494 364 1516 sont
379 1499 411 1515 en
427 1492 516 1516 bonne
534 1491 602 1515 voie.
625 1500 636 1515 «
654 1491 756 1515 Toutes
770 1491 810 1515 les
825 1491 970 1515 difficultés
990 1494 1052 1515 sont
1070 1490 1193 1521 aplanies
1210 1497 1276 1515 avec

187 1523 329 1553 l’Espagne
342 1526 369 1547 et
384 1523 408 1547 la
424 1523 615 1553 Sardaigne...
641 1522 677 1546 La
693 1522 770 1547 santé
783 1523 819 1546 du
837 1523 877 1546 roi
896 1529 929 1547 va
947 1529 979 1546 en
997 1523 1186 1552 augmentant,
1207 1523 1234 1545 et
1257 1521 1276 1546 il

186 1554 227 1578 n’a
242 1554 339 1585 jamais
353 1555 443 1579 mieux
454 1554 606 1579 marché...
627 1553 812 1578 Lichtenstein
826 1554 863 1578 lui
878 1560 893 1577 a
909 1553 1012 1584 envoyé
1026 1554 1097 1577 deux
1107 1553 1232 1577 hommes
1242 1559 1276 1577 au

185 1586 244 1610 delà
259 1587 293 1610 de
305 1586 348 1609 six
362 1586 448 1617 pieds.
466 1594 476 1609 »
495 1587 544 1617 (On
561 1585 615 1609 sait
629 1592 681 1616 que
701 1585 994 1610 Frédéric-Guillaume
1014 1584 1216 1609 collectionnait
1236 1584 1276 1608 les

185 1617 288 1642 soldats
302 1617 507 1649 gigantesques,
521 1617 591 1641 mais
605 1616 703 1647 jamais
717 1617 734 1640 il
749 1623 782 1640 ne
796 1617 899 1641 voulait
913 1617 952 1640 les
967 1617 1032 1640 faire
1048 1616 1222 1645 combattre.)

131 1656 163 1684 68
184 1656 348 1690 Guerchy
363 1655 403 1688 (M
408 1656 436 1673 ,le
451 1655 509 1690 de),
522 1655 587 1683 fille
604 1655 780 1682 d’honneur
796 1654 913 1682 d’Anne
930 1654 1124 1685 d’Autriche,
1137 1654 1276 1681 fameuse

185 1699 240 1726 par
254 1699 302 1718 ses
319 1691 522 1729 galanteries,
538 1690 736 1718 chansonnée
753 1698 809 1726 par
825 1690 930 1725 Foret,
942 1690 1042 1718 rivale
1058 1690 1095 1717 de
1114 1689 1218 1717 Ninon
1235 1689 1272 1717 de

184 1726 329 1754 Lanclos.
349 1726 434 1754 —L.
455 1736 484 1754 a.
505 1735 531 1755 s.
552 1728 569 1754 à
589 1728 619 1754 la
639 1727 797 1762 marquise
823 1726 859 1754 de
883 1726 965 1754 Yard
971 1734 1002 1754 es
1012 1736 1018 1761 ;
1042 1726 1076 1753 20
1098 1725 1276 1761 septembre

184 1762 284 1798 (1659),
300 1763 316 1789 3
334 1771 362 1798 p.
384 1762 457 1797 in-8,
474 1762 598 1790 cachets
620 1762 637 1789 à
659 1770 707 1789 ses
733 1770 845 1790 armes.
871 1762 929 1790 Les
955 1762 1037 1790 deux
1062 1761 1206 1789 feuillets
1228 1760 1278 1788 dé¬

184 1798 302 1826 tachés.
1189 1797 1224 1824 35
1262 1807 1275 1822 »

216 1834 366 1858 Très-belle
382 1834 459 1858 lettre
473 1841 520 1858 sur
534 1834 560 1858 la
575 1835 648 1858 mort
663 1833 696 1858 de
707 1833 732 1858 la
745 1834 898 1858 maréchale
906 1834 939 1858 de
949 1834 1107 1858 Guébriant,
1119 1833 1277 1857 belle-sœur

183 1866 216 1891 de
230 1866 256 1890 la
271 1866 408 1897 marquise
424 1866 457 1890 de
472 1865 583 1889 Vardes.

131 1902 165 1930 69
185 1902 390 1935 Guichenon
414 1901 562 1935 (Samuel,
588 1902 689 1928 comte
713 1901 777 1937 de),
803 1900 1060 1936 historiographe
1083 1900 1120 1927 de
1144 1900 1276 1934 France,

185 1939 300 1965 auteur
316 1937 352 1965 de
370 1937 506 1965 YHistoire
520 1938 551 1964 de
566 1939 654 1964 Bresse
668 1939 701 1965 et
716 1937 744 1965 le
759 1937 778 1964 Y
780 1939 896 1964 Histoire
905 1938 1090 1971 généalogique
1099 1940 1130 1963 de
1140 1937 1166 1963 la
1176 1937 1277 1963 maison

182 1975 271 2008 royale
286 1974 317 2000 de
332 1974 424 2001 Savoie
427 1995 433 2006 ,
451 1973 488 2000 né
505 1973 522 2000 à
537 1972 646 2000 Mâcon
664 1981 702 2000 en
723 1973 798 2005 1607,
816 1975 899 2000 mort
914 1981 953 2000 en
970 1973 1050 2000 1664.
1075 1988 1108 1991 —
1128 1971 1164 1999 L.
1190 1980 1220 1999 a.
1245 1980 1272 2000 s.

185 2010 201 2036 à
216 2009 260 2037 M.
282 2009 327 2036 Du
345 2008 499 2042 Bouchet;
518 2009 636 2045 Bourg,
651 2009 666 2035 8
684 2008 744 2037 fév.
762 2009 840 2041 1647,
857 2008 873 2035 2
889 2017 920 2044 p.
937 2009 1013 2036 in-4.
1025 2007 1150 2036 Cachet.
1189 2007 1223 2035 30
1262 2018 1274 2033 »

219 2045 239 2069 Il
256 2045 354 2075 répond
368 2046 383 2069 à
396 2045 487 2069 divers
498 2045 735 2075 renseignements
746 2045 792 2076 qui
803 2045 840 2069 lui
852 2047 915 2070 sont
924 2044 1075 2070 demandés
1084 2050 1131 2068 sur
1141 2043 1166 2067 la
1178 2044 1279 2074 généa¬

184 2077 254 2107 logie
269 2077 302 2101 de
315 2077 446 2108 quelques
459 2077 583 2101 familles.
