1424 2315
574 38 696 96 - 7 -
125 136 201 171 1556,
219 139 301 165 mort
326 137 343 164 à
365 137 466 170 Paris,
483 137 510 164 le
526 138 543 164 5
558 137 734 172 septembre
751 137 829 164 1618.
847 152 879 156 —
893 137 909 163 2
927 136 1027 172 pièces
1043 144 1098 164 sur
1113 136 1212 167 vélin,

125 172 202 200 dont
218 181 279 200 une
294 172 418 213 signée;
438 173 536 205 Paris,
553 172 632 200 avril
653 174 726 207 1615,
744 173 816 204 in-4,
839 172 1088 208 endommagées.
1131 171 1161 198 10
1200 182 1212 196 »

164 208 185 231 1°
199 208 374 233 Nomination
392 215 439 238 par
454 208 478 232 le
492 208 616 233 Cardinal
634 209 672 232 Ou
677 215 783 239 perron,
798 215 903 233 comme
916 207 1084 239 archevêque
1099 207 1133 231 de
1146 208 1213 232 Sens

126 241 152 263 et
166 240 252 269 grand
268 239 411 264 aumônier
426 240 459 264 de
475 240 584 268 France,
604 240 636 264 de
655 241 743 265 Pierre
763 239 850 264 David
870 247 883 263 a
904 239 929 263 la
948 239 1068 270 chapelle
1085 241 1111 262 et
1127 238 1215 262 mala-

128 270 215 295 drerie
230 271 263 294 de
278 271 485 302 Guerquesalles
501 270 601 301 (Orne).
612 271 671 295 —2"
686 271 881 296 Confirmation
898 270 932 295 de
953 273 1022 294 celte
1045 269 1212 294 nomination

126 308 175 333 par
190 302 214 326 le
229 303 269 326 roi
285 302 367 326 Louis
384 302 456 331 XIII,
475 309 579 327 comme
593 304 675 332 ayant
691 303 762 326 droit
778 311 789 325 «
804 303 836 326 de
851 302 980 333 pourvoir
993 310 1006 325 a
1025 301 1216 325 l'administra¬

127 333 186 357 tion
207 333 239 357 de
261 336 323 358 tous
343 333 381 357 les
399 333 558 364 hospitaux,
581 340 625 358 ma
629 334 758 358 ladreries
779 336 805 357 et
825 336 900 358 autre
920 333 991 357 lieux
1014 332 1165 363 pitoyables
1182 333 1215 357 de

125 366 216 389 nostre
236 371 378 395 royaume.
399 373 410 387 »

71 396 105 423 45
124 397 178 423 Du
203 396 545 432 Plessis-Liancourt
569 395 792 432 (Guillaume),
818 396 941 424 célèbre
970 396 1142 432 diplomate
1173 395 1213 423 du

123 436 188 459 xvi°
204 431 310 463 siècle,
327 431 442 467 chargé
457 431 612 459 d’affaires
628 432 664 459 de
682 432 779 460 Henri
793 432 820 460 II
834 441 872 459 en
889 432 1007 465 Suisse,
1024 430 1062 459 né
1079 439 1117 458 en
1136 431 1214 465 1491,

126 470 207 494 mort
226 475 263 494 en
284 467 358 495 1550.
375 483 407 487 —
424 467 491 495 Let.
508 467 584 503 sig.;
601 467 778 504 Fribourg,
798 469 827 494 16
843 467 923 495 avril
947 467 1024 503 1550,
1045 467 1095 502 3/4
1118 466 1155 494 de
1180 475 1210 502 p.

125 502 230 530 in-fol.
1130 503 1163 530 15
1200 513 1213 528 »

162 537 251 562 Lettre
265 538 416 569 historique
430 538 541 563 relative
553 540 568 563 à
585 539 608 562 la
624 539 687 569 paix
702 545 767 563 avec
781 538 966 569 l’Angleterre.
985 539 1018 562 Le
1031 538 1070 562 roi
1086 538 1217 568 d'Angle¬

127 571 197 593 terre
212 578 222 591 «
237 570 302 594 rend
316 577 344 593 sa
360 570 422 594 ville
437 570 470 594 de
485 569 644 600 Boulongne
659 573 685 594 et
700 570 881 595 entièrement
898 572 954 594 tout
969 570 992 594 le
1011 576 1077 601 pays
1092 570 1124 593 de
1143 570 1217 594 Bou-

127 601 250 630 lonnoys,
271 601 346 625 aussi
373 604 430 625 tout
454 608 483 625 ce
505 608 558 633 que
582 601 647 625 ledit
668 601 704 627 roi
721 601 909 632 d’Angleterre
923 602 1008 625 tenoit
1022 608 1057 625 au
1077 601 1216 630 royanime

125 631 270 657 d’Escosse
286 641 297 655 »

72 664 105 691 46
126 665 323 695 Duverdus,
342 663 465 691 célèbre
483 662 664 700 philosophe
685 663 888 699 sensualiste,
904 664 1036 700 disciple
1052 665 1088 691 et;
1099 664 1161 692 ami
1179 663 1216 691 de

127 699 277 727 Gassendi
295 699 348 736 qui
373 708 408 727 en
433 700 520 736 parle
536 699 612 728 dans
638 704 687 728 ses
707 702 827 727 (Encres.
843 699 878 727 —
892 699 926 727 L.
945 708 971 728 a.
989 709 1013 728 s.
1037 700 1065 726 'à
1079 699 1217 728 Thomas

126 734 261 764 Hobbes,
285 735 313 763 le
339 735 461 763 célèbre
486 740 602 763 auteur
626 736 666 763 du
693 737 858 770 Léviathan);
883 736 982 770 Paris,
1005 736 1036 762 16
1057 736 1117 763 mai
1137 735 1216 766 1654,

129 770 144 798 3
160 779 188 806 p.
205 770 282 798 in-i.
1129 771 1164 799 25
1203 782 1214 796 »

159 807 178 830 Il
191 806 229 830 lui
247 807 322 837 parle
337 806 447 831 d’abord
463 806 496 830 de
512 806 612 831 calculs
635 807 892 838 trigonométriques
914 809 939 831 et
961 807 999 831 lui
1021 809 1130 832 raconte
1155 814 1216 838 que,

125 838 224 862 durant
244 838 285 864 les.
303 838 426 862 derniers
447 838 574 866 troubles,
594 838 610 862 il
631 845 643 862 a
666 841 702 863 dû
722 839 818 862 cacher
839 846 883 862 ses
903 838 984 863 livres
1003 841 1029 862 et
1046 845 1090 863 ses
1109 839 1217 869 papiers

127 869 190 894 chez
207 876 244 893 un
265 869 413 899 bourgeois
433 869 467 893 de
483 869 506 893 la
531 876 579 893 rue
601 869 789 895 Saint-Denis.
813 870 832 893 11
849 869 946 894 insiste
960 877 1007 894 sur
1028 877 1071 894 ses
1091 873 1218 901 rapports

125 907 191 924 avec
206 901 348 928 Gassendi,
369 907 413 931 qui
435 907 468 924 va
487 900 554 925 faire
569 901 711 931 imprimer
730 901 778 925 son
794 901 925 932 Epicure.
945 901 964 925 Il
982 901 1107 926 voudrait
1125 901 1217 926 savoir

127 932 133 955 1
143 931 258 962 Anglais
273 939 341 962 pour
356 932 405 956 lire
419 934 606 956 couramment
622 932 644 957 le
660 932 818 957 Leviathan
834 933 866 956 de
878 932 997 957 Hobbes.

79 964 105 991 17
126 964 285 999 Enghien
309 963 685 999 (Louis-Antoine-Henri
711 964 747 991 de
776 963 936 994 Bourbon,
957 963 1016 991 duc
1037 963 1086 999 d’j,
1107 963 1217 992 fusillé

126 999 203 1027 dans
228 1001 273 1027 les
297 999 395 1027 fossés
417 998 454 1027 de
479 997 658 1027 Vincennes
684 1008 739 1036 par
763 999 855 1027 ordre
880 1000 915 1027 de
940 999 1098 1033 Napoléon
1120 999 1141 1027 l"
1146 1005 1155 1019 r
1158 1021 1165 1032 ,
1188 1000 1216 1027 le

126 1036 155 1062 21
175 1043 258 1062 mars
275 1035 352 1062 1804.
369 1051 402 1055 —
418 1035 450 1063 L.
469 1044 496 1062 a.
518 1043 559 1067 s.;
581 1035 679 1070 (1796),
695 1035 746 1070 3/4
769 1035 805 1062 de
828 1044 854 1071 p.
879 1035 955 1063 in-i.
983 1038 1121 1063 Ties-raie
1141 1040 1216 1062 auto¬

127 1072 225 1106 graphe
238 1072 322 1104 signé.
1112 1072 1163 1099 300
1203 1081 1214 1096 »

155 1107 324 1137 Importante
344 1106 421 1131 lettre
442 1106 592 1137 historique
612 1107 694 1131 écrite
715 1113 820 1130 comme
842 1106 1036 1131 commandant
1053 1107 1086 1130 de
1101 1106 1216 1131 l’avant-

126 1138 210 1167 garde
224 1138 257 1162 de
272 1138 381 1162 l’armée
397 1138 429 1162 de
444 1138 533 1162 Condé
549 1145 596 1162 sur
611 1138 635 1162 le
647 1137 728 1161 Rhin.
745 1137 800 1162 Elle
816 1140 856 1162 est
873 1138 983 1162 relative
1003 1139 1015 1161 à
1038 1138 1064 1162 la
1080 1138 1215 1168 capitula¬

126 1170 183 1193 tion
199 1170 245 1201 qui
261 1170 333 1193 avait
353 1169 394 1193 été
408 1169 636 1200 provisoirement
649 1170 760 1194 conclue
774 1171 850 1193 entre
868 1170 903 1193 lui
924 1172 951 1193 et
967 1170 1004 1193 les
1023 1171 1216 1201 avant-postes

125 1200 252 1231 français.
268 1201 383 1226 Suivant
397 1208 426 1225 ce
442 1200 505 1232 qu’il
521 1201 559 1224 lui
574 1208 589 1225 a
602 1200 703 1232 appris,
721 1201 738 1224 il
754 1208 769 1224 a
785 1201 841 1231 prié
858 1201 890 1224 M.
910 1201 1044 1225 Williams
1061 1201 1094 1225 de
1109 1201 1216 1226 vouloir

126 1232 186 1256 bien
206 1238 313 1262 rompre
332 1232 371 1256 les
390 1232 498 1257 articles
513 1231 546 1256 de
568 1234 637 1256 cette
652 1231 838 1263 capitulation.
857 1241 867 1254 «
887 1232 1049 1256 ,l’attendrai
1068 1233 1106 1256 les
1121 1233 1216 1257 ordres

126 1264 159 1287 de
175 1263 208 1287 M.
226 1263 372 1288 l’archiduc
388 1263 497 1288 Charles
515 1270 567 1294 que
582 1270 644 1288 mon
664 1263 750 1294 grand
771 1264 833 1294 père
850 1264 884 1292 (le
902 1264 993 1294 prince
1008 1263 1041 1287 de
1056 1265 1158 1293 Condé)
1172 1271 1215 1288 me

127 1295 182 1319 fera
197 1301 292 1326 passer
306 1302 374 1325 pour
391 1295 534 1319 continuer
548 1301 582 1319 ou
601 1301 690 1319 cesser
710 1296 784 1319 toute
805 1295 982 1326 capitulation
1002 1301 1067 1319 avec
1089 1295 1214 1320 l’ennemi

126 1326 195 1350 dans
210 1328 280 1350 cette
295 1327 389 1357 partie.
410 1335 421 1350 »

72 1357 105 1385 48
125 1358 326 1385 Ferdinand
348 1359 381 1385 Ie
383 1363 396 1378 r
401 1357 406 1391 ,
431 1357 478 1385 dit
502 1358 525 1385 le
546 1359 617 1385 Juste
641 1358 673 1385 et
699 1358 833 1385 VHonnète
837 1366 844 1392 ,
869 1358 916 1385 roi
941 1357 1097 1393 d’Aragon
1120 1361 1153 1385 et
1177 1358 1214 1385 de

126 1393 266 1428 Castille,
289 1393 339 1422 fils
364 1393 401 1421 de
423 1393 502 1422 Jean
525 1393 536 1421 I
539 1398 562 1412 er
565 1415 572 1427 ,
596 1393 633 1420 né
656 1401 694 1421 en
717 1394 793 1424 1373,
815 1396 898 1422 mort
917 1402 956 1421 en
978 1394 1055 1421 1416.
1072 1410 1106 1413 —
1120 1394 1215 1422 Pièce

125 1449 202 1483 sig.;
226 1449 353 1477 Médina
373 1449 423 1478 del
444 1449 570 1483 Campo,
586 1449 618 1476 27
636 1449 697 1476 mai
722 1450 801 1483 14—,
818 1451 829 1476 1
855 1458 887 1483 p.
907 1449 974 1477 in-4
996 1449 1060 1478 obi.
1087 1449 1213 1478 Cachet.

127 1487 271 1513 Très-rare.
1129 1485 1163 1513 75
1201 1496 1213 1512 »

73 1528 106 1555 49
126 1527 336 1561 Ferdinand,
364 1527 468 1556 infant
490 1529 522 1556 et
545 1528 604 1555 duc
626 1527 663 1555 de
684 1527 807 1561 Parme,
829 1528 916 1556 élève
932 1528 969 1556 de
986 1527 1159 1561 Condillac,
1176 1528 1215 1556 né

125 1572 162 1591 en
182 1564 257 1596 1751,
276 1564 359 1591 mort
374 1572 413 1591 en
432 1564 507 1591 1802.
523 1580 558 1584 —
574 1564 607 1591 L.
624 1572 653 1591 a.
674 1571 716 1597 s.,
733 1572 770 1590 en
788 1564 935 1602 français,
952 1573 991 1592 au
1008 1565 1110 1592 comte
1126 1563 1215 1592 d'Ar-

126 1599 249 1636 gental;
275 1599 421 1633 Colorno,
448 1600 461 1627 7
483 1599 612 1636 janvier
637 1599 716 1633 1780,
736 1599 787 1634 3/4
807 1600 844 1627 de
861 1608 891 1636 p.
912 1602 974 1636 pet.
999 1600 1072 1628 in-4.
1099 1599 1217 1628 Cachet

127 1637 144 1662 à
158 1643 206 1663 ses
223 1643 335 1663 armes.
353 1635 440 1663 Belle
457 1635 566 1664 lettre.
1129 1635 1163 1663 20
1202 1646 1215 1662 »

73 1671 107 1699 50
126 1671 336 1702 Ferdinand,
355 1671 505 1699 archiduc
522 1670 715 1704 d’Autriche,
731 1670 780 1699 fils
797 1671 833 1699 de
850 1671 1114 1705 Marie-Thérèse,
1131 1671 1216 1699 frère

126 1706 163 1734 de
180 1706 490 1740 Marie-Antoinette,
508 1706 675 1743 dépossédé
692 1714 748 1742 par
768 1707 813 1735 les
833 1707 983 1746 Français
1008 1715 1046 1734 en
1072 1707 1151 1742 1796,
1178 1707 1216 1735 né

127 1751 165 1770 en
188 1743 266 1776 1754,
292 1744 375 1770 mort
398 1751 434 1770 en
462 1743 540 1771 1806.
556 1759 585 1763 —
609 1742 643 1770 L.
666 1750 695 1770 a.
716 1750 758 1777 s.,
781 1751 817 1771 en
842 1743 990 1782 français,
1013 1751 1052 1771 au
1075 1744 1217 1779 marquis

127 1777 336 1812 Gherardini;
352 1778 386 1806 30
401 1779 528 1807 octobre
546 1779 623 1812 1779,
639 1778 655 1805 2
672 1786 699 1814 p.
717 1773 793 1806 in-4.
1129 1779 1164 1807 25
1203 1790 1215 1805 »

158 1813 302 1844 Très-jolie
318 1814 396 1838 lettre
416 1814 485 1839 dans
509 1815 624 1846 laquelle
643 1814 660 1838 il
676 1814 751 1844 parle
765 1814 798 1839 de
812 1815 838 1839 la
858 1815 1000 1839 naissance
1023 1815 1087 1839 d’un
1108 1815 1158 1843 fils,
1181 1815 1217 1840 du

128 1845 254 1871 carnaval
267 1845 299 1869 de
313 1845 413 1876 Naples
428 1848 454 1870 et
467 1847 503 1870 du
515 1853 619 1876 voyage
632 1845 697 1876 qu’il
709 1852 743 1870 va
757 1847 950 1877 entreprendre
965 1847 981 1871 à
995 1849 1099 1871 travers
1109 1846 1216 1877 l’Italie,

127 1878 192 1902 dont
207 1877 232 1901 la
248 1876 330 1901 durée
347 1883 379 1900 ne
394 1883 454 1901 sera
468 1885 517 1908 pas
532 1877 656 1902 moindre
670 1877 703 1901 de
718 1877 760 1901 six
777 1878 856 1902 mois.

73 1909 104 1936 51
127 1908 270 1943 Fieubet
304 1907 458 1943 (Gaspard
493 1908 555 1944 de),
590 1908 759 1936 conseiller
792 1908 896 1938 d’Etat
931 1911 964 1937 et
995 1909 1148 1937 trésorier
1180 1909 1217 1937 de

126 1944 304 1980 l’Epargne.
320 1959 354 1963 —
369 1943 471 1975 Quitt.
488 1944 547 1980 sig.
565 1952 619 1972 sur
635 1943 736 1978 vélin;
755 1944 832 1979 1633,
850 1947 861 1972 1
880 1954 908 1981 p.
926 1946 1002 1978 in-4,
1020 1945 1082 1973 obi.
1149 1945 1165 1972 6
1204 1956 1216 1971 »

73 1980 107 2008 52
126 1980 296 2015 Flourens
316 1979 485 2016 (Gustave),
506 1980 628 2008 célèbre
650 1980 934 2015 révolutionnaire,
957 1982 1010 2009 tué
1033 1981 1173 2017 pendant
1188 1981 1218 2009 la

128 2016 309 2045 Commune.
325 2031 360 2035 —
376 2015 412 2043 L.
433 2025 462 2044 a.
483 2025 510 2044 s.
530 2016 548 2043 à
562 2015 702 2044 Gaillard
720 2016 804 2052 père,
821 2017 850 2046 le
867 2017 994 2046 fameux
1010 2017 1084 2045 chef
1097 2017 1133 2045 de
1151 2017 1218 2045 bar¬

128 2052 264 2086 ricades;
281 2050 314 2079 23
328 2052 507 2087 septembre
525 2052 603 2086 1870,
620 2053 629 2078 1
651 2059 681 2087 p.
703 2051 782 2079 in-8.
1134 2053 1167 2080 10
1204 2064 1218 2078 »
