2017 3004
706 407 1090 74 LETTRES AUTOGRAPHES

844 522 811 57 ET DOCUMENTS HISTORIQUES

756 676 969 45 MAISON FONDÉE EN 1830 PAR J. CHARAVAY AINÉ

1133 760 229 34 et dirigée par

862 829 759 46 ÉTIENNE CHARAVAY FILS ET SR

783 895 921 38 ARCHIVISTE PALÉOGRAPHE, EXPERT EN AUTOGRAPHES

902 968 675 55 A Paris, rue de Furstenberg, 3

657 1110 1149 49 Achat de Collections d’autographes au comptant; échanges; commissions

796 1152 892 45 ventes publiques et à l’amiable; rédaction de catalogues;

717 1193 1038 44 copies certifiées de chartes, documents et autographes; vérification

948 1233 582 39 de pièces et certificats d’authenticité.

697 1360 1110 59 M. Étienne Charavay achète <i>au comptant</i> les autographes anciens

651 1405 1156 59 et modernes, les manuscrits, les chartes, les documents historiques

650 1449 266 31 de toute nature.

694 1498 1111 54 Il possède dans son cabinet une collection très considérable de

648 1538 1157 54 lettres autographes de célébrités françaises et étrangères en tout

648 1578 510 47 genre, classées comme il suit:

690 1632 1111 56 Rois et reines de France; — souverains étrangers; — écrivains;

645 1664 1158 60 — Académie française; — clergé;. — hommes d’État; — maréchaux

645 1712 1157 54 de France; — savants; — peintres ; — sculpteurs; — graveurs; —

644 1752 1156 52 architectes; — compositeurs de musique; — acteurs; — révolution

644 1792 1158 52 française; — documents historiques; — chartes; — documents sur

643 1831 886 50 les provinces de France et les familles nobles, etc.

685 1878 1116 60 Chaque mois, M. Étienne Charavay publie un <i>Bulletin d’auto¬</i>

642 1925 1157 57 <i>graphes à prix marqués</i>, qui est envoyé gratuitement à tous ceux qui

642 1965 872 51 en font la demande. Ce bulletin paraît depuis 1846.

687 2018 749 49 L’authenticité des autographes est garantie.

685 2066 1112 62 M. Étienne Charavay procède également par voie d’échange. Il

641 2111 1156 53 prie MM. les Amateurs de lui transmettre la liste de leurs doubles

640 2150 1122 55 et celle de leurs desiderata: il s’occupera aussitôt de les satisfaire.

682 2204 1114 56 Il prévient MM. les Amateurs qu’il met à leur disposition des

640 2243 1154 56 <i>Cartons d’autographes à prix marqués de 50 centimes à 3 francs</i>,

638 2284 1154 57 dans lesquels ils pourront venir faire des recherches tous les jours,

637 2322 1155 56 <i>rue de Furstenberg, 3,</i> de neuf heures du matin à six heures du

637 2363 77 30 soir.

822 2450 799 38 Paris. — Imprimerie L. MARETHEUX, 1, rue Cassette. — 7776.
