1432 2245
577 47 610 75 —
630 47 646 75 2
665 63 698 68 —

93 125 157 154 Les
184 124 326 154 femmes
358 123 507 153 célèbres
533 133 538 153 :
568 125 652 153 cette
676 123 762 154 série
792 132 831 153 ne
856 123 1037 161 comprend
1065 130 1128 161 que
1162 121 1221 152 des

54 177 167 214 pièces
191 177 287 207 d’une
309 177 409 207 haute
425 176 549 214 valeur,
571 177 635 206 soit
658 185 717 214 par
741 176 849 207 l’éclat
869 176 928 206 des
948 184 1055 213 noms,
1077 176 1141 205 soit
1161 184 1221 213 par

53 229 194 261 l’intérêt
206 230 250 260 du
262 233 413 267 contenu,
426 230 521 260 telles
535 237 599 267 que
612 230 659 260 les
674 230 787 260 lettres
803 230 842 260 de
859 231 918 259 M"
934 229 975 259 de
985 230 1126 267 Sévigné
1138 231 1169 259 et
1180 229 1221 259 de

52 284 157 313 Marie
173 284 294 320 Stuart,
309 283 387 314 dont
402 292 486 313 nous
501 282 674 321 parlerons
689 285 706 313 à
723 283 753 313 la
768 284 813 313 fin
826 283 866 313 de
883 285 966 313 cette
981 283 1105 321 notice;
1123 283 1199 321 puis
1212 293 1217 312 :

52 336 208 367 viennent
219 337 250 366 la
264 339 427 367 comtesse
438 337 478 367 de
494 337 650 368 Soissons
661 346 666 375 ;
685 337 855 367 Elisabeth
870 336 911 366 de
922 338 1065 374 Nassau,
1078 337 1169 366 mère
1181 336 1221 366 de

51 391 99 419 Tu
105 398 205 420 renne
219 400 225 427 ;
257 390 435 426 Françoise
461 389 501 420 de
529 389 718 427 Vendôme,
749 390 898 420 écrivant
925 390 965 419 de
992 398 1050 420 son
1082 389 1220 420 château

52 443 182 481 d’Anet,
204 446 246 474 où
261 444 324 474 elle
342 444 420 474 était
440 443 544 473 exilée
555 453 560 482 ;
586 443 617 473 la
641 444 813 482 princesse
840 443 880 473 de
905 443 1026 480 Fondé,
1058 444 1148 473 mère
1177 443 1221 472 du

50 497 163 527 Grand
187 497 314 535 Fondé;
339 497 370 526 la
396 497 559 527 duchesse
575 497 615 527 de
638 498 684 527 La
705 496 883 527 Trémoille
894 507 901 535 ;
928 497 959 526 la
988 497 1157 535 marquise
1181 497 1221 526 de

52 551 251 589 Montespan
271 553 302 580 et
324 551 385 580 M“"
407 550 446 580 de
463 551 667 588 Maintenue,
690 553 883 581 maîtresses
898 549 939 580 de
957 550 1058 580 Louis
1072 550 1147 580 XIV
1161 574 1168 586 ,
1191 553 1222 579 la

52 603 146 634 lettre
156 604 197 634 de
206 606 290 634 cette
299 604 462 641 dernière,
473 603 570 633 d’une
589 604 795 642 importance
810 604 960 642 capitale,
974 605 1024 633 est
1037 603 1192 633 adressée
1204 604 1221 632 à

50 657 176 688 Racine
193 658 212 687 à
226 665 350 695 propos
361 657 402 687 de
416 665 452 687 sa
466 657 614 695 tragédie
631 657 651 687 d
656 656 809 692 'Esther;
824 658 884 687 M“
899 658 949 687 Du
966 658 1081 695 Barry,
1097 657 1128 686 M
1132 662 1145 671 m
1148 660 1156 670 “
1173 658 1221 686 Du

51 710 228 748 Fhastelet,
247 710 378 748 parlant
398 710 441 740 du
461 718 588 749 voyage
609 711 649 740 de
669 711 816 740 Voltaire
838 719 878 740 au
900 718 996 748 camp
1016 710 1056 740 de
1078 709 1222 748 Philips-

50 764 172 802 bourg;
195 765 254 793 M“‘
272 763 312 793 de
329 763 429 800 Staël,
446 764 630 794 autorisant
645 772 705 794 son
721 764 849 794 éditeur
864 765 882 793 à
902 763 984 794 faire
999 772 1063 794 une
1079 763 1223 794 seconde

50 817 176 847 édition
192 817 232 847 de
247 816 435 856 Delphine;
456 817 666 854 M”'Tallien,
685 817 887 847 demandant
900 818 919 847 à
934 819 1126 855 emprunter
1138 816 1223 847 deux

50 873 142 901 cents
158 870 244 900 louis
260 879 302 900 au
322 871 484 909 banquier
500 872 705 909 Perregaux;
728 872 761 900 M
764 877 777 886 ra
780 876 788 886 “
807 871 994 907 Récamier,
1012 871 1043 901 la
1060 873 1223 901 comtesse

50 924 91 954 de
108 924 138 954 la
154 925 267 961 Torre,
284 923 446 954 félicitant
459 924 548 954 Jules
565 924 668 954 Favre
685 924 725 955 de
741 925 772 954 la
789 923 924 955 défense
940 924 1097 961 d’Orsini,
1114 926 1176 954 etc.

88 1009 199 1038 Parmi
232 1009 280 1038 les
330 1008 552 1046 autographes
594 1008 633 1038 de
667 1008 887 1046 souverains,
923 1016 964 1038 on
1001 1016 1176 1046 remarque
1215 1017 1221 1037 :

50 1061 187 1092 Fharles
216 1062 295 1098 VII,
325 1061 482 1097 François
510 1063 555 1099 I",
583 1061 728 1099 superbe
757 1061 852 1092 lettre
882 1063 898 1091 à
938 1061 1200 1098 Fharles-Quint
1215 1070 1221 1098 ;

51 1115 151 1145 Louis
172 1115 259 1151 XIII,
281 1114 376 1144 lettre
396 1115 415 1144 à
435 1114 539 1144 Marie
557 1114 598 1145 de
621 1114 771 1152 Médicis,
793 1116 825 1145 et
844 1114 1023 1145 document
1039 1115 1223 1152 historique

49 1176 107 1198 sur
123 1169 153 1198 le
168 1169 282 1206 prince
301 1168 341 1197 de
361 1167 482 1198 Fondé.
502 1185 534 1189 —
560 1168 681 1198 Louise
699 1168 739 1198 de
762 1168 893 1205 Savoie,
911 1169 1004 1198 Anne
1021 1168 1222 1204 d’Autriche,

51 1221 223 1252 Elisabeth
238 1222 395 1258 Farnèse,
412 1221 516 1251 Marie
537 1221 728 1257 Leczinska,
752 1221 841 1251 enfin
861 1221 1130 1251 Marie-Thérèse
1154 1221 1222 1259 qui,

49 1282 106 1304 sur
133 1275 162 1304 le
188 1274 281 1312 point
302 1274 343 1304 de
366 1277 484 1304 mettre
506 1283 549 1304 au
571 1275 691 1304 monde
716 1275 1040 1312 Marie-Antoinette,
1060 1274 1224 1304 demande

48 1329 68 1358 à
83 1327 150 1358 l’un
166 1328 207 1358 de
223 1336 277 1358 ses
292 1327 464 1358 ministres
479 1328 610 1365 100,000
625 1328 741 1358 florins
757 1336 840 1366 pour
856 1338 869 1356 «
888 1328 1027 1366 pouvoir
1042 1327 1225 1358 accoucher

53 1382 325 1420 tranquillement
344 1391 371 1411 ».
400 1398 437 1402 —
463 1382 569 1419 Après
597 1382 645 1411 les
668 1390 884 1421 monarques,
909 1390 992 1411 nous
1012 1381 1201 1420 ajouterons
1219 1390 1223 1409 :

56 1435 156 1465 Louis
169 1436 201 1465 I"
217 1434 257 1464 de
269 1435 380 1472 Guise,
395 1435 443 1464 dit
454 1435 483 1464 le
496 1434 650 1464 Fardinal
666 1434 726 1465 des
741 1435 933 1471 Bouteilles,
950 1437 982 1465 et
997 1434 1182 1472 Richelieu,
1199 1434 1228 1463 le

55 1488 189 1519 célèbre
205 1488 356 1518 ministre
372 1488 413 1518 de
428 1488 529 1518 Louis
545 1488 633 1517 XIII.

96 1574 159 1602 Les
170 1572 371 1602 maréchaux
385 1572 425 1602 de
440 1573 565 1602 France
580 1575 611 1602 et
626 1572 675 1602 les
686 1573 853 1609 guerriers
866 1575 940 1602 sont
953 1580 1017 1610 peu
1027 1573 1226 1610 nombreux,

58 1626 142 1655 mais
158 1625 283 1655 choisis
302 1634 308 1655 :
325 1625 356 1655 le
372 1624 436 1655 duc
452 1624 493 1654 de
508 1625 622 1662 Biron,
639 1626 659 1655 à
675 1633 797 1663 propos
817 1625 857 1655 de
878 1625 908 1655 la
931 1625 1022 1663 prise
1047 1626 1088 1655 de
1111 1626 1206 1663 Dijon
1219 1635 1225 1663 ;

59 1680 89 1709 le
105 1679 170 1709 duc
189 1678 292 1709 Henri
309 1678 348 1708 de
367 1678 609 1716 Montpensier;
629 1678 659 1708 le
675 1678 739 1708 duc
755 1678 958 1716 d’Epernon;
977 1679 1185 1717 Finq-Mars,
1200 1679 1229 1708 le

59 1732 190 1763 célèbre
209 1732 314 1762 favori
341 1731 381 1761 de
407 1732 508 1761 Louis
533 1732 619 1768 XIII,
649 1732 822 1769 précieuse
848 1732 953 1769 lettre,
979 1734 1010 1762 et
1037 1733 1067 1762 le
1096 1733 1160 1762 duc
1189 1733 1230 1762 de

61 1786 226 1821 Bouillon,
235 1794 297 1815 son
308 1785 468 1823 complice
478 1795 484 1823 ;
496 1785 735 1822 Saint-Preuil,
749 1787 941 1816 surnommé
950 1785 982 1816 la
1000 1786 1218 1815 Tête-de-Fer
1222 1810 1228 1823 ,

62 1847 127 1869 une
147 1839 206 1869 des
221 1839 373 1868 victimes
389 1838 429 1868 de
445 1838 630 1875 Richelieu,
648 1839 853 1877 autographe
873 1839 913 1869 de
937 1841 1026 1870 toute
1051 1840 1173 1878 rareté;
1202 1840 1231 1869 le

64 1892 177 1923 Grand
206 1892 328 1929 Fondé,
357 1893 522 1929 Turenne,
546 1892 769 1930 Roquelaure,
795 1892 1009 1930 d’Artaignan
1029 1895 1060 1923 et
1080 1895 1125 1923 La
1145 1894 1232 1923 Tour

65 1946 286 1984 d’Auvergne.
307 1962 340 1967 —
375 1946 401 1974 A
425 1945 496 1975 leur
523 1945 609 1975 suite
635 1945 795 1975 viennent
821 1945 869 1975 les
896 1946 1022 1976 marins
1047 1946 1196 1976 illustres
1224 1956 1230 1975 :

67 1999 207 2029 l'amiral
224 1999 264 2029 de
280 1998 426 2037 Foligny,
446 2000 646 2037 Laperouse,
671 1999 783 2037 Bruix,
804 1999 931 2029 Nelson
947 2001 979 2029 et
1005 1999 1226 2030 Duchaffault.
