1432 2245
634 83 666 108 —
688 81 721 108 16
742 97 773 107 .-

119 158 162 182 185
179 158 201 181 R
206 157 228 181 A.
232 157 250 181 Y
256 157 279 182 N
282 157 327 181 AL
350 157 447 188 (l’abbé
472 157 636 187 Guil.-Th.),
659 157 765 182 célèbre
785 156 905 181 écrivain
928 156 1099 188 philosophe,
1120 158 1153 181 né
1168 157 1184 181 à
1200 156 1289 180 Saint-

180 188 291 213 Géniez.
318 202 348 206 —
373 189 520 218 Fragment
542 190 636 219 autog.
667 189 701 213 de
726 187 777 212 son
794 187 924 212 Histoire
937 187 971 212 de
989 188 1227 213 Vétablissement
1240 186 1288 211 des

180 220 347 251 Européens
360 219 435 243 dans
449 219 488 243 les
500 219 693 248 Deux-Indes,
713 220 739 243 13
755 226 783 250 p.
802 220 818 243 à
834 219 988 249 mi-marge,
1007 220 1096 249 grand
1108 219 1168 243 in-f.
1228 219 1242 242 4
1277 226 1288 241 »

119 251 164 275 186
181 250 309 278 RODAT,
330 251 430 282 député
446 251 478 275 de
491 251 717 281 l’Aveyron.—L.
736 257 762 274 a.
781 258 818 281 s.;
840 250 938 278 Rodez,
954 258 989 274 an
1006 250 1068 279 XII,
1083 250 1089 274 1
1102 257 1127 281 p.
1142 249 1208 274 in-4.
1228 250 1242 273 2
1277 258 1288 273 »

120 282 163 306 187
181 282 337 307 SECONDS
348 282 466 314 (J.-L.),
485 282 585 313 député
607 283 641 307 de
663 282 821 312 l’Aveyron.
845 295 868 300 —
884 282 964 306 Pièce
979 284 1038 307 aut.
1062 282 1129 312 sig.,
1145 281 1213 310 1789,
1230 280 1237 304 1
1257 287 1285 311 p.

183 314 221 341 1/2
237 313 306 337 in-4.
1229 312 1243 336 2
1277 320 1289 335 »

120 345 163 369 188
182 344 330 369 SERIEYS
350 345 451 375 (Ant.),
477 344 631 369 littérateur
656 346 682 369 et
706 344 905 376 bibliographe,
930 344 964 369 né
984 345 1053 369 dans
1075 344 1233 374 l’Aveyron.
1260 357 1289 360 —

182 376 215 400 L.
236 383 264 400 a.
281 383 317 403 s.,
333 377 348 400 à
362 376 397 400 M.
414 376 544 402 Peuchet,
562 375 627 405 1817,
648 376 653 399 1
677 383 702 407 p.
719 376 785 400 in-4.
1229 376 1243 399 3
1278 382 1290 398 v

215 407 320 428 Relative
334 408 348 428 à
362 413 404 428 son
419 412 523 433 ouvrage
538 412 579 428 sur
593 408 615 428 le
630 408 695 433 llégne
708 408 732 427 de
747 408 807 427 Louis
821 407 891 427 XVil.

122 433 165 458 189
183 433 365 463 SOLIGNAC,
384 434 504 465 général,
523 433 556 458 né
571 435 587 458 à
602 434 714 458 Milhau.
735 448 763 451 —
780 436 811 459 L.
831 441 858 458 a.
874 441 911 461 s.,
930 433 998 463 1819,
1017 433 1025 457 1
1042 440 1069 464 p.
1089 433 1157 457 in-4.
1229 432 1244 456 2
1279 441 1290 456 »

121 464 165 488 190
182 465 320 490 TAURIN
335 466 430 495 (Louis
444 465 500 494 de),
519 471 692 495 gouverneur
707 466 740 490 de
758 464 984 496 Saint-Affrique.
1000 478 1024 482 —
1037 464 1117 489 Pièce
1135 464 1202 494 sig.;
1222 463 1290 491 1717,

184 496 250 521 in-8.
1231 494 1245 519 2
1279 503 1290 518 »

122 527 163 551 191
182 527 349 552 TEDENAT
368 528 431 558 (P.),
446 527 680 556 mathématicien,
695 529 817 553 membre
829 529 861 553 de
876 528 1013 558 plusieurs
1024 528 1141 552 sociétés
1153 528 1290 553 savantes,

185 560 218 583 né
247 559 262 582 à
286 558 492 584 Saint-Géniez.
508 572 538 576 —
553 559 585 584 L.
615 566 642 583 a.
669 566 706 590 s.;
732 560 931 587 Saint-Géniez,
960 565 994 583 an
1021 559 1068 586 IV,
1085 558 1095 583 1
1110 566 1139 589 p.
1167 558 1206 586 1/2
1221 557 1288 583 in-4.

184 590 325 614 Curieuse.
1231 590 1244 613 3
1280 596 1291 611 »

123 620 167 645 192
184 621 254 646 TOU
259 621 404 646 ROUVRE
421 622 512 652 (A.-J.
532 621 586 651 de),
604 622 707 653 évêque
723 622 756 646 de
771 622 871 646 Rodez.
886 636 911 639 —
927 622 957 646 L.
979 628 1006 646 a.
1026 628 1049 646 s.
1069 621 1084 644 à
1100 620 1137 645 M.
1155 621 1188 645 de
1202 620 1293 644 Saint-

183 653 288 681 Julien;
304 653 405 680 Rodez,
427 653 494 680 1725,
513 651 528 676 4
543 659 572 683 p.
591 652 658 677 in-4.
680 653 823 678 Curieuse.
1233 651 1246 675 3
1281 659 1293 674 »

124 682 168 707 193
189 683 373 709 VAUCELLE
390 684 426 715 (le
442 685 531 708 comte
546 684 599 713 de),
615 684 726 713 général
745 685 871 714 français,
889 684 922 709 né
936 684 1005 708 dans
1021 683 1174 713 l’Aveyron.
1182 682 1250 706 —L.
1267 689 1292 707 a.

184 721 221 742 s.,
237 714 424 745 Saint-Rémy.
446 714 513 742 1818,
533 715 547 739 2
564 722 591 746 p.
611 715 673 740 in-f.
1233 713 1246 737 2
1281 722 1292 737 »

125 746 168 772 194
188 746 320 771 VAYSSE
339 747 376 770 de
397 745 561 770 VILLIERS
579 746 743 778 (R.-J.-E.),
762 747 915 772 littérateur
930 750 957 772 et
972 748 1060 778 poète,
1077 746 1111 770 né
1129 746 1145 770 à
1161 745 1294 769 Rodez.—

185 779 218 803 L.
240 785 265 802 a.
289 786 326 805 s.,
347 778 415 806 1821,
436 778 445 801 1
465 784 493 809 p.
515 778 586 802 in-4.
1232 776 1247 801 2
1283 784 1295 800 »

124 810 169 833 195
189 809 364 837 VERGNET,
383 810 483 840 député
500 810 533 834 de
548 809 740 840 l’Aveyron.—
747 811 777 835 L.
792 817 817 834 a.
833 818 865 841 s.;
883 811 951 837 1843,
972 810 981 834 1
998 817 1024 841 p.
1041 809 1069 833 in
1083 809 1108 833 4.
1233 809 1249 833 2
1283 817 1295 832 v

123 840 167 864 196
188 840 352 865 VESAURO
364 841 421 871 (J.),
436 840 535 871 député
550 841 583 865 de
598 840 616 865 P
618 842 756 872 Aveyron.
763 855 793 859 —
799 842 830 866 L.
847 849 871 866 a.
887 850 920 873 s.;
939 841 1006 872 1825;
1023 840 1033 865 1
1051 848 1076 872 p.
1095 840 1160 864 in-4.
1234 839 1248 864 2
1283 848 1294 863 »
1328 854 1331 858 -

124 871 168 896 197
188 872 296 896 VIALA
313 872 375 903 (S.),
392 871 503 902 général
519 872 646 902 français,
661 873 695 897 né
710 872 726 896 à
741 873 845 898 Rodez.
859 887 888 891 —
899 874 931 898 L.
953 880 981 899 a.
1003 880 1040 903 s.;
1061 872 1130 899 1867,
1149 871 1162 895 3
1180 878 1208 902 p.
1229 872 1292 896 in-f.

186 902 327 928 Curieuse.
1231 903 1244 927 3
1282 910 1293 924 v

128 935 169 959 198
188 933 412 962 DOCUMENTS,
435 933 477 958 143
495 934 589 959 lettres
607 942 642 959 ou
662 935 753 966 pièces
770 936 806 960 du
824 942 876 961 xvi
878 940 887 950 e
904 943 940 960 au
957 940 1022 960 xix°
1039 933 1297 959 siècle.—Curieux

186 966 333 990 document
351 966 504 990 manuscrit
527 966 560 990 de
582 966 640 990 1587
658 973 706 990 sur
721 974 774 991 une
792 967 909 991 sédition
926 967 973 991 des
991 966 1129 991 habitants
1145 966 1178 989 de
1194 966 1219 989 la
1233 965 1296 989 ville

183 997 217 1021 de
243 996 354 1025 Milhau,
379 1003 445 1021 sous
463 997 486 1021 le
504 1000 720 1026 gouvernement
742 998 774 1022 de
793 998 827 1022 M.
850 998 883 1022 de
901 998 1064 1026 Chastillon;
1091 997 1159 1028 quit.
1178 996 1230 1026 sig.
1249 996 1297 1020 des

188 1034 375 1058 gouverneurs
393 1028 441 1052 des
461 1028 619 1053 différentes
636 1029 714 1053 villes
735 1030 762 1053 et
786 1029 976 1059 places-fortes
1000 1029 1032 1052 de
1054 1027 1215 1057 l’Aveyron,
1232 1034 1298 1051 sous

189 1059 272 1083 Henri
290 1059 337 1086 IV,
356 1060 440 1084 Louis
467 1060 534 1083 XIII
552 1061 579 1084 et
588 1060 672 1084 Louis
683 1060 748 1084 XIV
757 1069 763 1090 ;
776 1061 880 1085 dossier
893 1060 1059 1084 intéressant
1069 1066 1116 1083 sur
1134 1060 1160 1083 la
1178 1059 1298 1083 Révolu¬

190 1090 258 1120 tion;
270 1091 449 1115 nombreuses
456 1091 547 1122 pièces
555 1091 686 1115 émanant
693 1098 727 1115 ou
741 1093 908 1116 concernant
913 1091 938 1115 le
949 1091 1047 1121 clergé,
1055 1091 1081 1114 la
1091 1090 1223 1117 noblesse,
1234 1091 1298 1117 etc.;

187 1122 282 1146 lettres
299 1122 442 1146 adressées
459 1124 475 1145 à
493 1122 633 1153 Napoléon
653 1122 702 1150 III,
719 1122 735 1146 à
752 1122 899 1147 l’occasion
917 1123 950 1147 de
967 1129 1018 1147 son
1034 1122 1197 1146 avènement
1213 1128 1248 1146 ou
1266 1121 1299 1145 de

186 1153 277 1177 divers
294 1154 426 1177 attentats
445 1155 538 1177 contre
556 1160 587 1177 sa
604 1160 750 1184 personne,
769 1156 831 1181 etc.,
852 1156 905 1178 etc.
1222 1152 1252 1176 75
1287 1160 1298 1175 v

306 1236 572 1283 CABINET
611 1238 1125 1284 D’AUTOGRAPHES

445 1315 593 1344 MAISON
619 1314 751 1345 Gabriel
777 1315 983 1345 CHARAVAY

199 1376 352 1411 Dirigée
394 1383 466 1410 par
507 1376 667 1410 Eugène
711 1376 1054 1404 CHARAVAY
1097 1375 1229 1403 FILS

291 1432 423 1457 (Ancienne
431 1432 522 1453 Maison
532 1432 648 1458 Charon,
657 1432 712 1457 puis
720 1431 779 1457 Aug.
790 1432 937 1457 Laverdet,
945 1431 1030 1452 fondée
1038 1437 1068 1452 en
1075 1431 1137 1456 1838)

492 1481 525 1514 8,
553 1480 638 1515 quai
664 1481 713 1507 du
739 1481 889 1513 Louvre,
920 1481 942 1507 8

161 1569 309 1593 Collection
325 1569 513 1594 considérable
528 1569 748 1600 d’Autographes
762 1569 811 1593 des
826 1569 969 1594 célébrités
984 1569 1017 1593 de
1028 1570 1091 1593 tous
1104 1575 1203 1599 genres
1213 1575 1218 1593 :
1239 1574 1302 1592 sou¬

130 1601 247 1628 verains,
256 1601 381 1625 hommes
391 1600 489 1628 d’Etat,
498 1601 674 1628 littérateurs,
685 1603 806 1627 savants,
818 1601 948 1631 peintres,
956 1600 1151 1627 dessinateurs,
1159 1606 1301 1629 graveurs,

132 1632 291 1659 musiciens,
307 1634 417 1656 acteurs
430 1634 457 1656 et
472 1634 565 1656 autres
580 1632 704 1657 artistes;
725 1632 877 1656 nombreux
896 1634 1006 1656 cartons
1021 1631 1053 1655 de
1068 1631 1159 1662 pièces
1174 1630 1304 1655 relatives

130 1669 185 1687 aux
200 1663 344 1694 provinces
357 1663 390 1687 de
404 1664 507 1687 France
521 1666 546 1687 et
561 1670 615 1688 aux
633 1663 751 1687 familles
766 1663 870 1687 nobles.

163 1708 255 1732 Grand
271 1708 352 1732 choix
364 1708 584 1739 d’Autographes
600 1714 670 1739 pour
684 1707 871 1732 l’illustration
888 1708 936 1732 des
951 1708 1042 1732 livres.

164 1752 375 1777 L’authenticité
390 1753 439 1777 des
453 1752 647 1783 Autographes
669 1754 711 1777 est
730 1752 864 1783 garantie,
890 1759 956 1776 sans
974 1751 1125 1776 condition
1145 1750 1179 1775 de
1198 1753 1303 1782 temps,

133 1783 301 1808 c’est-à-dire
316 1783 403 1808 d’une
420 1784 555 1808 manière
566 1784 692 1808 absolue.

165 1828 255 1852 Achat
277 1828 311 1852 de
331 1827 490 1852 collections
512 1828 740 1859 d’Autographes,
763 1835 802 1852 au
823 1830 987 1859 comptant;
1012 1827 1153 1852 rédaction
1174 1827 1208 1851 de
1228 1829 1304 1851 cata¬

134 1859 240 1890 logues,
258 1861 352 1883 ventes
367 1859 383 1882 à
396 1858 533 1883 l’amiable
545 1866 580 1883 ou
598 1866 652 1883 aux
670 1859 802 1887 enchères
818 1866 886 1890 pour
900 1860 926 1884 le
941 1860 1049 1889 compte
1060 1859 1108 1883 des
1119 1864 1304 1889 possesseurs.

167 1903 339 1928 Publication
356 1903 392 1927 du
411 1904 586 1928 Nobiliaire
602 1910 761 1934 français,
778 1904 813 1928 ou
827 1904 984 1935 Catalogue
996 1910 1055 1935 par
1070 1902 1157 1927 ordre
1173 1902 1307 1934 alphabé¬

135 1934 213 1966 tique
235 1934 322 1959 d’une
345 1935 527 1966 importante
546 1934 696 1960 collection
719 1935 753 1959 de
771 1935 866 1966 pièces
887 1935 1082 1959 manuscrites
1100 1934 1234 1959 émanées
1258 1933 1306 1958 des

134 1965 264 1997 familles
282 1965 378 1990 nobles
395 1965 429 1990 de
446 1965 568 1994 France,
582 1973 619 1989 ou
633 1966 673 1990 les
690 1968 880 1991 concernant.
898 1967 952 1990 Les
961 1966 1028 1990 trois
1039 1965 1186 1990 livraisons
1196 1972 1306 1996 parues,

135 1997 168 2021 de
177 1998 200 2021 A
209 1998 225 2021 à
232 1997 277 2021 CH
281 1997 312 2024 A,
323 1999 417 2021 seront
428 1997 564 2027 envoyées
578 1997 594 2021 à
603 1999 694 2022 toutes
702 1998 743 2022 les
752 2003 903 2029 personnes
911 1998 958 2028 qui
964 2004 998 2021 en
1008 1998 1096 2021 feront
1106 1997 1132 2021 la
1143 1996 1287 2021 demande.

303 2051 393 2071 Rouen.
408 2062 433 2065 —
443 2050 593 2076 Imprimerie
602 2052 622 2072 J.
637 2050 759 2077 LEGERE,
769 2056 811 2072 rue
821 2051 863 2072 des
876 2051 1060 2076 Bons-Enfants,
1073 2050 1143 2071 46-48.
