1432 2245
605 129 638 141 —
657 117 673 144 8

99 193 133 221 45
153 192 330 228 Klaproth
346 192 445 228 (H.-J.
466 192 524 227 de),
541 193 653 220 savant
668 192 870 220 orientaliste
887 192 1056 221 allemand.
1069 209 1102 213 —
1117 193 1152 221 L.
1169 201 1196 220 a.
1214 201 1250 227 s.,

153 237 191 256 en
208 228 357 266 français,
374 228 390 255 à
407 228 448 256 M.
466 228 576 262 Pillet,
592 228 671 261 1817,
689 228 700 254 1
719 236 748 263 p.
765 228 843 256 in-4.
1181 229 1198 256 3
1237 239 1250 253 »

191 263 316 288 Relative
333 264 349 288 à
366 263 550 295 l’acquisition
568 263 632 288 d’un
650 270 770 292 ouvrage
786 264 903 289 chinois.

100 296 133 323 46
154 296 394 331 Kniaziewicz
419 295 508 331 (Ch.),
536 294 632 323 brave
658 294 786 331 général
813 295 967 331 polonais,
994 303 1189 331 compagnon
1213 295 1250 323 de

154 330 346 358 Kosciusko.
374 346 405 350 —
429 330 465 358 L.
493 339 522 359 a.
551 339 595 365 s.,
616 339 654 358 en
670 330 820 369 français,
837 330 854 358 à
870 331 911 358 M.
929 331 1154 365 Prudhomme,
1171 331 1251 365 1832,

155 367 164 393 1
186 374 216 402 p.
237 366 288 401 1/2
304 366 383 394 in-4.
403 368 484 394 Rure.
1182 366 1198 393 5
1237 377 1250 392 »

102 403 134 430 47
157 402 338 438 Komaroff
354 401 394 438 (le
410 401 533 429 colonel
549 402 613 436 A.),
629 403 741 429 savant
757 410 846 430 russe
862 401 1117 437 très-distingué.
1130 401 1205 429 —L.
1224 411 1250 430 a.

153 446 189 470 s.,
207 446 246 465 en
263 437 412 475 français,
423 437 440 465 à
450 437 551 465 l’abbé
566 437 712 473 Moigno;
729 437 832 471 Paris,
850 437 930 471 1869,
946 438 957 464 1
978 446 1005 473 p.
1023 438 1162 471 l/2in-8.
1183 437 1199 464 3
1237 447 1251 463 »

101 474 134 501 48
155 474 348 509 Kourakin'
363 473 403 509 (le
429 473 536 509 prince
572 473 748 500 Alexandre
776 473 833 510 B.),
864 473 988 501 homme
1018 473 1122 501 d’Etat
1151 481 1252 508 russe,

155 508 256 536 favori
273 508 311 536 de
327 508 409 536 Paul
429 509 441 536 1
444 514 468 528 er
475 529 481 536 .
505 524 537 529 —
562 508 634 536 Let.
663 508 741 545 sig.,
765 517 803 536 en
827 508 976 547 français,
1001 517 1077 536 avec
1100 517 1142 536 un
1168 510 1252 545 post¬

152 544 261 580 script.
279 544 316 571 de
334 544 366 572 10
382 544 441 580 lig.
463 545 547 579 aut.,
565 544 644 578 1796,
662 545 672 579 1
693 544 724 579 p.
745 538 825 572 in-4.
1183 544 1199 571 3
1237 556 1252 570 »

101 580 135 607 49
155 581 339 615 Kourakin
364 579 403 615 (le
427 579 534 615 prince
558 580 666 607 Alexis
689 580 745 616 B.),
771 580 855 607 frère
872 579 913 607 du
932 579 1110 615 précédent,
1127 579 1253 608 homme

155 615 260 643 d’Etat
275 623 378 644 russe.
394 631 426 635 —
442 615 541 644 Billet
557 617 625 643 aut.
646 615 724 651 sig.,
741 623 779 642 en
796 615 946 652 français,
963 615 980 642 à
994 615 1037 643 M.
1054 615 1252 649 Monférand,

156 652 165 677 1
187 658 218 686 p.
238 651 311 679 in-8.
1183 651 1200 678 2
1239 661 1252 677 »

100 686 135 714 50
155 687 327 721 Labanoff
343 686 382 721 (le
399 687 508 721 prince
524 686 641 721 Alex.),
657 686 781 714 célèbre
801 686 929 722 général
947 687 979 714 et
994 686 1135 714 écrivain
1152 694 1253 721 russe,

154 722 310 750 historien
334 722 371 750 de
396 722 498 750 Marie
513 722 634 750 Stuart.
661 738 693 742 —
718 722 753 750 L.
770 730 798 750 a.
815 730 851 756 s.,
869 730 908 749 en
924 721 1072 761 français,
1090 721 1169 756 1835,
1189 724 1197 749 1
1217 730 1249 758 p.

155 752 232 786 in-4.
1184 758 1200 785 3
1239 769 1253 783 »

101 793 132 820 51
155 794 319 821 Ladislas
333 794 392 827 IV,
405 793 453 821 roi
470 793 506 821 de
523 793 676 829 Pologne,
689 792 812 820 célèbre
829 801 886 828 par
898 801 947 820 ses
962 793 1069 822 succès
1081 794 1190 821 contre
1208 793 1254 821 les

155 829 289 863 Russes,
306 828 408 872 époux
429 829 466 856 de
486 828 587 856 Marie
608 828 644 856 de
666 829 888 865 Gonzague.—
897 828 932 856 L.
952 828 1024 864 sig.,
1040 837 1079 856 en
1101 829 1193 862 latin,
1214 838 1253 857 au

157 864 300 892 cardinal
316 856 353 892 de
372 864 542 900 Montalte;
560 864 724 899 Varsovie,
741 862 820 899 1645,
837 865 847 891 1
868 872 896 900 p.
914 864 987 892 in-f.
1186 865 1201 891 8
1241 874 1254 890 »

103 904 137 932 52
155 904 352 939 Lafayette,
383 904 510 932 illustre
541 904 679 940 général.
688 904 761 932 —L.
792 913 820 932 a.
846 904 906 940 sig.
923 904 959 931 de
989 912 1037 932 ses
1066 904 1210 933 initiales
1239 904 1257 932 à

157 941 199 967 M.
221 940 368 975 Masciet;
390 940 621 976 Washington,
639 939 671 967 13
693 939 769 968 août
789 939 872 974 1825,
889 940 901 966 1
925 948 953 975 p.
971 940 1021 975 1/4
1037 940 1111 967 in-4.
1129 939 1176 968 Un
1194 948 1253 975 peu

159 975 314 1011 fatiguée.
1170 976 1203 1003 15
1241 985 1255 1001 »

190 1010 396 1036 Tres-curieuse
417 1011 497 1035 lettre
517 1018 564 1035 sur
580 1012 604 1035 le
620 1017 725 1041 voyage
746 1012 811 1042 qu'il
827 1011 856 1034 lit
878 1017 911 1035 en
929 1011 1090 1042 Amérique,
1116 1011 1148 1035 de
1167 1011 1226 1036 1824
1240 1011 1256 1035 à

162 1042 229 1066 1825.
252 1050 263 1065 «
286 1042 357 1067 C’est
378 1049 444 1066 avec
459 1042 492 1067 de
509 1043 572 1067 bien
596 1043 705 1067 tendres
721 1044 829 1073 regrets
844 1049 897 1074 que
910 1042 935 1073 je
952 1042 1082 1073 quitterai
1100 1044 1170 1067 cette
1184 1044 1257 1067 terre

160 1074 335 1101 américaine,
354 1073 379 1097 le
396 1074 458 1101 bon,
476 1074 564 1103 grand
580 1076 606 1098 et
624 1074 746 1098 heureux
761 1074 859 1105 peuple
876 1074 924 1097 des
939 1073 1101 1098 Etats-Unis
1117 1074 1217 1105 auquel
1231 1073 1257 1104 je

161 1105 219 1129 suis
234 1105 388 1135 amalgamé
401 1105 498 1136 depuis
511 1105 574 1136 près
587 1105 650 1130 d’un
669 1105 846 1133 demi-siècle,
861 1107 888 1129 et
905 1105 952 1136 qui
967 1105 1041 1129 vient
1056 1112 1154 1129 encore
1168 1106 1201 1129 de
1213 1112 1257 1129 me

161 1136 281 1160 combler
297 1137 330 1160 de
345 1142 390 1160 ses
403 1137 508 1161 bontés.
526 1136 569 1166 J'y
587 1137 612 1160 ai
631 1144 664 1160 vu
683 1136 722 1160 les
739 1137 867 1161 miracles
882 1137 915 1160 de
931 1136 1166 1167 l'indépendance,
1183 1137 1216 1160 de
1231 1137 1257 1160 la

160 1167 263 1195 liberté,
283 1167 383 1197 égalité
399 1170 426 1192 et
440 1167 498 1199 self
511 1169 719 1198 governmenl;
733 1167 758 1192 le
773 1167 913 1199 problème
926 1168 974 1192 des
989 1167 1162 1192 institutions
1178 1168 1256 1198 répu-

161 1199 254 1223 caines
276 1206 292 1222 a
311 1198 354 1223 été
371 1198 461 1223 résolu
486 1198 521 1222 ici
540 1205 589 1224 sur
610 1206 664 1223 une
681 1199 785 1229 grande
804 1199 907 1223 échelle
927 1201 954 1223 et
976 1198 1075 1229 jamais
1095 1199 1256 1230 expérience

160 1229 203 1253 n'a
226 1229 249 1253 si
266 1229 328 1254 bien
350 1230 447 1254 réussi.
463 1238 474 1253 »
493 1230 515 1254 Il
529 1231 660 1261 comptait
675 1233 817 1255 retourner
830 1237 937 1254 comme
950 1230 969 1255 il
985 1230 1052 1254 était
1064 1237 1144 1257 venu,
1159 1237 1207 1254 sur
1220 1237 1256 1254 un

161 1261 399 1292 paquebot-poste,
424 1261 493 1285 mais
515 1261 539 1285 le
560 1262 659 1293 peuple
680 1264 707 1286 et
728 1261 753 1286 le
777 1263 993 1291 gouvernement
1017 1268 1051 1286 en
1073 1262 1122 1286 ont
1147 1261 1257 1293 disposé

160 1294 324 1316 autrement.
342 1292 383 1317 On
397 1299 413 1316 a
427 1293 517 1317 donné
535 1293 557 1317 le
573 1300 636 1317 nom
651 1293 684 1317 de
699 1292 902 1324 Brandywine
917 1293 933 1316 à
951 1300 1005 1317 une
1022 1293 1139 1324 superbe
1154 1293 1257 1323 frégate

159 1323 206 1354 qui
221 1325 262 1347 est
276 1323 393 1354 chargée
410 1324 443 1348 de
458 1324 483 1348 le
499 1330 625 1349 ramener
640 1331 673 1348 en
690 1325 801 1348 France.

105 1358 139 1386 53
159 1359 208 1386 La
231 1360 404 1395 Roncière
428 1359 521 1395 (Emil
525 1361 671 1388 e-Clément
694 1359 753 1395 de),
778 1359 828 1387 fils
851 1359 891 1387 du
919 1359 1058 1395 général,
1084 1359 1257 1387 condamné

160 1402 238 1438 pour
266 1394 423 1422 tentative
452 1395 489 1422 de
519 1395 593 1423 viol.
601 1395 675 1422 —L.
700 1403 727 1422 a.
751 1403 775 1423 s.
799 1404 861 1423 aux
883 1395 1016 1423 officiers
1039 1396 1071 1423 et
1093 1395 1196 1423 élèves
1219 1396 1257 1423 de

159 1430 266 1457 l’école
283 1430 320 1457 de
337 1429 489 1464 Saumur;
507 1430 610 1465 Paris,
626 1430 689 1458 mai
706 1430 784 1465 1836,
801 1430 817 1458 3
834 1439 862 1466 p.
880 1433 942 1467 pet.
959 1431 1036 1458 in-4.
1172 1431 1204 1459 10
1242 1442 1256 1457 »

191 1465 398 1490 Très-curieuse
415 1466 494 1490 lettre
511 1467 587 1491 toute
599 1466 711 1491 relative
728 1467 744 1490 à
761 1473 812 1491 son
829 1467 934 1497 procès.

105 1502 139 1528 54
158 1501 317 1529 Lassalle
333 1501 517 1529 (A.-Ch.-L.
538 1501 600 1536 de),
617 1502 646 1529 le
663 1502 734 1537 plus
750 1501 884 1530 brillant
900 1502 1030 1538 général
1046 1502 1083 1530 de
1100 1502 1257 1530 cavalerie

159 1536 212 1564 des
229 1544 361 1572 guerres
378 1536 415 1564 de
431 1537 462 1565 la
478 1537 680 1573 République
696 1538 728 1565 et
744 1537 781 1565 de
797 1537 958 1574 l’Empire,
975 1539 1013 1565 né
1030 1538 1047 1565 à
1062 1538 1153 1572 Metz,
1169 1538 1224 1566 tué
1241 1538 1258 1565 à

158 1572 189 1600 la
213 1571 344 1600 bataille
370 1572 407 1600 de
433 1572 630 1608 Wagram.—
644 1573 678 1601 L.
705 1581 732 1601 a.
757 1582 781 1601 s.
813 1582 852 1601 au
878 1573 1008 1609 général
1033 1573 1161 1609 Dugua;
1188 1574 1198 1600 1
1228 1581 1257 1609 p.

159 1607 228 1635 in-f.
1172 1609 1205 1636 10
1243 1619 1257 1634 »

190 1642 311 1674 Superbe
333 1643 413 1668 lettre
434 1650 482 1668 sur
503 1645 531 1668 la
552 1650 705 1675 campagne
726 1643 871 1675 d'Egypte.
892 1644 914 1668 Il
935 1644 1031 1676 profite
1051 1644 1088 1669 du
1109 1644 1206 1676 départ
1222 1644 1259 1669 du

158 1674 270 1706 général
298 1674 400 1699 Desaix
424 1681 493 1706 pour
522 1675 561 1699 lui
590 1676 696 1700 donner
724 1676 772 1700 des
802 1676 951 1700 nouvelles.
983 1676 1083 1700 Desaix
1107 1676 1145 1700 lui
1175 1675 1259 1700 laisse

159 1707 183 1730 le
209 1706 450 1730 commandement
464 1706 497 1731 de
522 1706 549 1730 la
565 1707 679 1731 colonne
704 1707 752 1738 qui
776 1707 832 1732 doit
847 1707 1010 1738 poursuivre
1026 1707 1218 1737 Mourad-Bey,
1232 1709 1259 1731 et

160 1737 207 1769 qui
226 1744 256 1761 se
278 1744 408 1768 compose
425 1738 458 1762 de
476 1737 520 1762 400
547 1737 673 1762 hommes
695 1738 728 1762 de
754 1738 902 1766 cavalerie,
921 1738 934 1762 4
952 1739 1044 1769 pièces
1065 1739 1098 1762 de
1121 1745 1209 1763 canon
1233 1739 1259 1762 et

158 1769 203 1792 100
221 1768 418 1793 dromadaires.
442 1769 479 1793 Le
500 1769 612 1799 général
627 1770 714 1800 Boyer
729 1777 754 1798 a,
779 1771 849 1794 dans
873 1776 925 1794 une
947 1770 1031 1801 petite
1048 1769 1151 1797 affaire,
1168 1770 1214 1794 tué
1231 1768 1258 1793 10

159 1800 346 1824 mameloucks
363 1801 390 1824 et
405 1800 434 1824 40
451 1801 556 1828 arabes,
576 1803 626 1825 etc.

104 1835 139 1863 55
159 1835 278 1872 Laube
303 1834 433 1872 (Henri),
457 1836 636 1863 romancier
658 1837 690 1864 et
712 1837 803 1872 poète
827 1836 996 1870 allemand,
1017 1836 1055 1864 né
1076 1844 1114 1863 en
1136 1836 1215 1864 1806.
1226 1852 1258 1856 —

158 1871 192 1898 L.
210 1879 237 1898 a.
254 1879 290 1905 s.;
305 1863 441 1904 Vienne,
457 1871 491 1897 26
507 1879 573 1900 avr.
591 1872 670 1906 1872,
688 1873 700 1899 1
719 1880 747 1907 p.
765 1872 839 1900 in-8.
1190 1872 1206 1898 4
1246 1882 1258 1896 »

104 1906 139 1934 56
159 1907 300 1941 Lebrun
324 1907 365 1941 (M
368 1912 400 1924 mc
424 1906 546 1943 Vigée),
572 1907 696 1935 célèbre
722 1908 836 1935 femme
868 1907 1003 1948 peintre.
1011 1907 1119 1935 —Let.
1150 1909 1216 1935 aut.
1242 1907 1260 1934 à

158 1942 189 1970 M
193 1942 223 1961 llc
240 1941 375 1977 d’Emar,
393 1942 471 1976 1816,
488 1942 503 1969 2
521 1951 549 1978 p.
566 1943 640 1971 in-8.
658 1943 848 1971 Charmante
865 1942 977 1979 epître.
1189 1942 1206 1970 3
1244 1953 1258 1968 »

104 1982 137 2009 57
158 1982 205 2009 Le
240 1983 307 2017 Gat
340 1982 529 2018 (Cl.-Nie.),
562 1985 675 2011 savant
708 1983 851 2011 médecin
885 1984 918 2011 et
950 1982 1181 2019 physiologiste
1217 1982 1258 2010 du

158 2023 251 2045 xvm°
269 2017 376 2045 siècle.
385 2018 461 2045 —L.
482 2026 512 2045 a.
533 2026 559 2046 s.
580 2019 597 2046 à
611 2018 762 2047 Valmont
778 2019 815 2046 de
832 2019 964 2047 Bomare
974 2011 1121 2052 ;'Rouen,
1138 2017 1171 2044 12
1186 2017 1254 2045 déc.

161 2053 239 2087 1760,
256 2054 267 2079 1
286 2061 312 2089 p.
331 2053 405 2082 in-4.
422 2053 538 2081 Cachet
555 2054 572 2081 à
586 2062 635 2082 ses
652 2057 764 2082 armes.
782 2057 859 2083 Rare.
1189 2053 1206 2080 5
1244 2064 1258 2079 »

190 2089 213 2113 Il
224 2088 262 2113 lui
273 2096 398 2114 annonce
412 2096 441 2114 sa
455 2090 625 2115 nomination
638 2097 744 2115 comme
755 2091 876 2116 membre
887 2090 920 2115 de
931 2089 1097 2115 l’Académie
1108 2089 1141 2114 de
1151 2089 1258 2115 Rouen.
