<?xml version="1.0" encoding="UTF-8" standalone="yes"?>
<PcGts xmlns="http://schema.primaresearch.org/PAGE/gts/pagecontent/2013-07-15" xmlns:xsi="http://www.w3.org/2001/XMLSchema-instance" xsi:schemaLocation="http://schema.primaresearch.org/PAGE/gts/pagecontent/2013-07-15 http://schema.primaresearch.org/PAGE/gts/pagecontent/2013-07-15/pagecontent.xsd">
    <Metadata>
        <Creator></Creator>
        <Created>2018-11-13T13:03:31.112+01:00</Created>
        <LastChange>2019-05-26T14:50:38.902+02:00</LastChange>
        <Comments>
                Measurement unit: pixel
                PrimaryLanguage: English
                Language: FrenchStandard
                Producer: ABBYY FineReader Engine 11</Comments>
        <TranskribusMetadata docId="164160" pageId="6046005" pageNr="1" tsid="10597812" status="DONE" userId="10612" imgUrl="https://files.transkribus.eu/Get?id=EKCEKYCTYMIYIZWHMINDOIKW&amp;fileType=view" xmlUrl="https://files.transkribus.eu/Get?id=ECJYWIOKYKJGAPWJLHODJUII" imageId="2078865"/>
    </Metadata>
    <Page imageFilename="1880_02_RDA_N060-1.png" imageWidth="1416" imageHeight="2299">
        <PrintSpace>
            <Coords points="136,75 1328,75 1328,2102 136,2102"/>
        </PrintSpace>
        <ReadingOrder>
            <OrderedGroup id="ro_1604140866957" caption="Regions reading order">
                <RegionRefIndexed index="0" regionRef="region_1558875018751_350"/>
                <RegionRefIndexed index="1" regionRef="region_1558874987946_336"/>
                <RegionRefIndexed index="2" regionRef="region_1558874966707_323"/>
                <RegionRefIndexed index="3" regionRef="region_1558874905372_293"/>
                <RegionRefIndexed index="4" regionRef="r_2_1"/>
                <RegionRefIndexed index="5" regionRef="r_2_2"/>
                <RegionRefIndexed index="6" regionRef="r_2_3"/>
                <RegionRefIndexed index="7" regionRef="r_2_4"/>
                <RegionRefIndexed index="8" regionRef="r_2_5"/>
                <RegionRefIndexed index="9" regionRef="r_3_1"/>
                <RegionRefIndexed index="10" regionRef="r_3_2"/>
                <RegionRefIndexed index="11" regionRef="r_4_1"/>
                <RegionRefIndexed index="12" regionRef="r_4_2"/>
            </OrderedGroup>
        </ReadingOrder>
        <TextRegion id="region_1558875018751_350" custom="readingOrder {index:0;}">
            <Coords points="983,103 983,143 1249,143 1249,103"/>
            <TextLine id="line_1558875018895_353" custom="readingOrder {index:0;}">
                <Coords points="983,105 1249,104 1249,142 983,143"/>
                <Baseline points="983,138 1249,137"/>
                <TextEquiv>
                    <Unicode>Février 1880.</Unicode>
                </TextEquiv>
            </TextLine>
            <TextEquiv>
                <Unicode>Février 1880.</Unicode>
            </TextEquiv>
        </TextRegion>
        <TextRegion id="region_1558874987946_336" custom="readingOrder {index:1;}">
            <Coords points="661,103 661,142 790,142 790,103"/>
            <TextLine id="line_1558874988091_339" custom="readingOrder {index:0;}">
                <Coords points="661,105 790,105 790,142 661,142"/>
                <Baseline points="661,137 790,137"/>
                <TextEquiv>
                    <Unicode>N°60.</Unicode>
                </TextEquiv>
            </TextLine>
            <TextEquiv>
                <Unicode>N°60.</Unicode>
            </TextEquiv>
        </TextRegion>
        <TextRegion id="region_1558874966707_323" custom="readingOrder {index:2;}">
            <Coords points="183,99 183,142 405,142 405,99"/>
            <TextLine id="line_1558874966916_326" custom="readingOrder {index:0;}">
                <Coords points="182,100 404,100 405,142 183,142"/>
                <Baseline points="183,137 405,137"/>
                <TextEquiv>
                    <Unicode>XVe année.</Unicode>
                </TextEquiv>
            </TextLine>
            <TextEquiv>
                <Unicode>XVe année.</Unicode>
            </TextEquiv>
        </TextRegion>
        <TextRegion id="region_1558874905372_293" custom="readingOrder {index:3;}">
            <Coords points="141,178 1304,178 1304,526 141,526"/>
            <TextLine id="line_1558874939807_311" custom="readingOrder {index:0;}">
                <Coords points="535,215 907,216 907,278 535,277"/>
                <Baseline points="535,272 907,273"/>
                <TextEquiv>
                    <Unicode>REVUE</Unicode>
                </TextEquiv>
            </TextLine>
            <TextLine id="line_1558874929107_304" custom="readingOrder {index:1;}">
                <Coords points="690,301 752,300 753,336 691,337"/>
                <Baseline points="691,332 753,331"/>
                <TextEquiv>
                    <Unicode>DES</Unicode>
                </TextEquiv>
            </TextLine>
            <TextLine id="line_1558874916207_297" custom="readingOrder {index:2;}">
                <Coords points="142,366 1299,369 1299,527 142,524"/>
                <Baseline points="142,519 1299,522"/>
                <TextEquiv>
                    <Unicode>AUTOGRAPHES</Unicode>
                </TextEquiv>
            </TextLine>
            <TextEquiv>
                <Unicode>REVUE
DES
AUTOGRAPHES</Unicode>
            </TextEquiv>
        </TextRegion>
        <TextRegion type="paragraph" id="r_2_1" custom="readingOrder {index:4;}">
            <Coords points="287,565 1162,565 1162,611 287,611"/>
            <TextLine id="tl_1" primaryLanguage="English" custom="readingOrder {index:0;}">
                <Coords points="288,566 1161,566 1161,610 288,610"/>
                <Baseline points="288,610 348,610 558,610 613,610 805,610 850,610 903,609 954,609 1161,609"/>
                <Word id="w_w2aab1b3b2b1b1ab1" language="English" custom="readingOrder {index:0;}">
                    <Coords points="288,574 348,574 348,610 288,610"/>
                    <TextEquiv>
                        <Unicode>DES</Unicode>
                    </TextEquiv>
                    <TextStyle fontFamily="Times New Roman" fontSize="11.0" bold="true"/>
                </Word>
                <Word id="w_w2aab1b3b2b1b1ab9" language="English" custom="readingOrder {index:1;}">
                    <Coords points="366,566 558,566 558,610 366,610"/>
                    <TextEquiv>
                        <Unicode>CURIOSITÉS</Unicode>
                    </TextEquiv>
                    <TextStyle fontFamily="Times New Roman" fontSize="11.0" bold="true"/>
                </Word>
                <Word id="w_w2aab1b3b2b1b1ac31" language="English" custom="readingOrder {index:2;}">
                    <Coords points="577,574 613,574 613,610 577,610"/>
                    <TextEquiv>
                        <Unicode>DE</Unicode>
                    </TextEquiv>
                    <TextStyle fontFamily="Times New Roman" fontSize="11.0" bold="true"/>
                </Word>
                <Word id="w_w2aab1b3b2b1b1ac37" language="English" custom="readingOrder {index:3;}">
                    <Coords points="631,574 805,574 805,610 631,610"/>
                    <TextEquiv>
                        <Unicode>L'HISTOIRE</Unicode>
                    </TextEquiv>
                    <TextStyle fontFamily="Times New Roman" fontSize="11.0" bold="true"/>
                </Word>
                <Word id="w_w2aab1b3b2b1b1ac59" language="English" custom="readingOrder {index:4;}">
                    <Coords points="823,576 850,576 850,610 823,610"/>
                    <TextEquiv>
                        <Unicode>L</Unicode>
                    </TextEquiv>
                    <TextStyle fontFamily="Times New Roman" fontSize="11.0" bold="true"/>
                </Word>
                <Word id="w_w2aab1b3b2b1b1ac63" language="English" custom="readingOrder {index:5;}">
                    <Coords points="866,574 903,574 903,609 866,609"/>
                    <TextEquiv>
                        <Unicode>DE</Unicode>
                    </TextEquiv>
                    <TextStyle fontFamily="Times New Roman" fontSize="11.0" bold="true"/>
                </Word>
                <Word id="w_w2aab1b3b2b1b1ac69" language="English" custom="readingOrder {index:6;}">
                    <Coords points="920,573 954,573 954,609 920,609"/>
                    <TextEquiv>
                        <Unicode>LA</Unicode>
                    </TextEquiv>
                    <TextStyle fontFamily="Times New Roman" fontSize="11.0" bold="true"/>
                </Word>
                <Word id="w_w2aab1b3b2b1b1ac75" language="English" custom="readingOrder {index:7;}">
                    <Coords points="971,573 1161,573 1161,609 971,609"/>
                    <TextEquiv>
                        <Unicode>BIOGRAPHIE</Unicode>
                    </TextEquiv>
                    <TextStyle fontFamily="Times New Roman" fontSize="11.0" bold="true"/>
                </Word>
                <TextEquiv>
                    <Unicode>DES CURIOSITÉS DE L'HISTOIRE L DE LA BIOGRAPHIE</Unicode>
                </TextEquiv>
                <TextStyle fontFamily="Times New Roman" fontSize="11.0" bold="true"/>
            </TextLine>
            <TextEquiv>
                <Unicode>DES CURIOSITÉS DE L'HISTOIRE L DE LA BIOGRAPHIE</Unicode>
            </TextEquiv>
        </TextRegion>
        <TextRegion type="paragraph" id="r_2_2" custom="readingOrder {index:5;}">
            <Coords points="167,644 1286,644 1286,738 167,738"/>
            <TextLine id="tl_2" primaryLanguage="English" custom="readingOrder {index:0;}">
                <Coords points="403,645 1050,645 1050,679 403,679"/>
                <Baseline points="403,672 516,673 569,672 653,673 722,672 852,673 1050,672"/>
                <Word id="w_w2aab1b3b2b3b1ab1" language="English" custom="readingOrder {index:0;}">
                    <Coords points="403,645 516,645 516,673 403,673"/>
                    <TextEquiv>
                        <Unicode>Fondée</Unicode>
                    </TextEquiv>
                    <TextStyle fontFamily="Times New Roman" fontSize="7.0" bold="true"/>
                </Word>
                <Word id="w_w2aab1b3b2b3b1ac15" language="English" custom="readingOrder {index:1;}">
                    <Coords points="532,653 569,653 569,673 532,673"/>
                    <TextEquiv>
                        <Unicode>en</Unicode>
                    </TextEquiv>
                    <TextStyle fontFamily="Times New Roman" fontSize="7.0" bold="true"/>
                </Word>
                <Word id="w_w2aab1b3b2b3b1ac21" language="English" custom="readingOrder {index:2;}">
                    <Coords points="585,645 653,645 653,673 585,673"/>
                    <TextEquiv>
                        <Unicode>1866</Unicode>
                    </TextEquiv>
                    <TextStyle fontFamily="Times New Roman" fontSize="7.0" bold="true"/>
                </Word>
                <Word id="w_w2aab1b3b2b3b1ac31" language="English" custom="readingOrder {index:3;}">
                    <Coords points="669,653 722,653 722,679 669,679"/>
                    <TextEquiv>
                        <Unicode>par</Unicode>
                    </TextEquiv>
                    <TextStyle fontFamily="Times New Roman" fontSize="7.0" bold="true"/>
                </Word>
                <Word id="w_w2aab1b3b2b3b1ac39" language="English" custom="readingOrder {index:4;}">
                    <Coords points="733,646 852,646 852,673 733,673"/>
                    <TextEquiv>
                        <Unicode>Gabriel</Unicode>
                    </TextEquiv>
                    <TextStyle fontFamily="Times New Roman" fontSize="7.0" bold="true"/>
                </Word>
                <Word id="w_w2aab1b3b2b3b1ac55" language="English" custom="readingOrder {index:5;}">
                    <Coords points="867,645 1050,645 1050,673 867,673"/>
                    <TextEquiv>
                        <Unicode>CHARAVAY</Unicode>
                    </TextEquiv>
                    <TextStyle fontFamily="Times New Roman" fontSize="7.0" bold="true"/>
                </Word>
                <TextEquiv>
                    <Unicode>Fondée en 1866 par Gabriel CHARAVAY</Unicode>
                </TextEquiv>
                <TextStyle fontFamily="Times New Roman" fontSize="7.0" bold="true"/>
            </TextLine>
            <TextLine id="tl_3" primaryLanguage="English" custom="readingOrder {index:1;}">
                <Coords points="168,707 1285,707 1285,737 168,737"/>
                <Baseline points="168,732 454,732 644,733 774,737 895,734 970,733 1214,732 1285,732"/>
                <Word id="w_w2aab1b3b2b3b3ab1" language="English" custom="readingOrder {index:0;}">
                    <Coords points="168,710 454,710 454,733 168,733"/>
                    <TextEquiv>
                        <Unicode>PARAISSANT</Unicode>
                    </TextEquiv>
                    <TextStyle fontFamily="Times New Roman" fontSize="6.5" bold="true"/>
                </Word>
                <Word id="w_w2aab1b3b2b3b3ac23" language="English" custom="readingOrder {index:1;}">
                    <Coords points="467,711 644,711 644,737 467,737"/>
                    <TextEquiv>
                        <Unicode>CHAQUE</Unicode>
                    </TextEquiv>
                    <TextStyle fontFamily="Times New Roman" fontSize="6.5" bold="true"/>
                </Word>
                <Word id="w_w2aab1b3b2b3b3ac37" language="English" custom="readingOrder {index:2;}">
                    <Coords points="660,712 774,712 774,737 660,737"/>
                    <TextEquiv>
                        <Unicode>MOIS,</Unicode>
                    </TextEquiv>
                    <TextStyle fontFamily="Times New Roman" fontSize="6.5" bold="true"/>
                </Word>
                <Word id="w_w2aab1b3b2b3b3ac49" language="English" custom="readingOrder {index:3;}">
                    <Coords points="786,712 895,712 895,734 786,734"/>
                    <TextEquiv>
                        <Unicode>SOUS</Unicode>
                    </TextEquiv>
                    <TextStyle fontFamily="Times New Roman" fontSize="6.5" bold="true"/>
                </Word>
                <Word id="w_w2aab1b3b2b3b3ac59" language="English" custom="readingOrder {index:4;}">
                    <Coords points="911,711 970,711 970,733 911,733"/>
                    <TextEquiv>
                        <Unicode>LA</Unicode>
                    </TextEquiv>
                    <TextStyle fontFamily="Times New Roman" fontSize="6.5" bold="true"/>
                </Word>
                <Word id="w_w2aab1b3b2b3b3ac65" language="English" custom="readingOrder {index:5;}">
                    <Coords points="981,710 1214,710 1214,735 981,735"/>
                    <TextEquiv>
                        <Unicode>DIRECTION</Unicode>
                    </TextEquiv>
                    <TextStyle fontFamily="Times New Roman" fontSize="6.5" bold="true"/>
                </Word>
                <Word id="w_w2aab1b3b2b3b3ac85" language="English" custom="readingOrder {index:6;}">
                    <Coords points="1230,707 1285,707 1285,732 1230,732"/>
                    <TextEquiv>
                        <Unicode>DE</Unicode>
                    </TextEquiv>
                    <TextStyle fontFamily="Times New Roman" fontSize="6.5" bold="true"/>
                </Word>
                <TextEquiv>
                    <Unicode>PARAISSANT CHAQUE MOIS, SOUS LA DIRECTION DE</Unicode>
                </TextEquiv>
                <TextStyle fontFamily="Times New Roman" fontSize="6.5" bold="true"/>
            </TextLine>
            <TextEquiv>
                <Unicode>Fondée en 1866 par Gabriel CHARAVAY
PARAISSANT CHAQUE MOIS, SOUS LA DIRECTION DE</Unicode>
            </TextEquiv>
        </TextRegion>
        <TextRegion type="paragraph" id="r_2_3" custom="readingOrder {index:6;}">
            <Coords points="459,749 1004,749 1004,794 459,794"/>
            <TextLine id="tl_4" primaryLanguage="English" custom="readingOrder {index:0;}">
                <Coords points="460,750 1005,750 1005,793 460,793"/>
                <Baseline points="460,792 638,793 913,793 957,792 1003,791"/>
                <Word id="w_w2aab1b3b2b5b1ab1" language="English" custom="readingOrder {index:0;}">
                    <Coords points="460,760 638,760 638,793 460,793"/>
                    <TextEquiv>
                        <Unicode>EUGÈNE</Unicode>
                    </TextEquiv>
                    <TextStyle fontFamily="Times New Roman" fontSize="8.0" bold="true"/>
                </Word>
                <Word id="w_w2aab1b3b2b5b1ac15" language="English" custom="readingOrder {index:1;}">
                    <Coords points="667,766 913,766 913,793 667,793"/>
                    <TextEquiv>
                        <Unicode>CHARAVAY</Unicode>
                    </TextEquiv>
                    <TextStyle fontFamily="Times New Roman" fontSize="8.0" bold="true"/>
                </Word>
                <Word id="w_w2aab1b3b2b5b1ac33" language="English" custom="readingOrder {index:2;}">
                    <Coords points="933,750 1004,750 1004,792 933,792"/>
                    <TextEquiv>
                        <Unicode>Fils</Unicode>
                    </TextEquiv>
                    <TextStyle fontFamily="Times New Roman" fontSize="8.0" bold="true"/>
                </Word>
                <TextEquiv>
                    <Unicode>EUGÈNE CHARAVAY Fils</Unicode>
                </TextEquiv>
            </TextLine>
            <TextEquiv>
                <Unicode>EUGÈNE CHARAVAY Fils</Unicode>
            </TextEquiv>
        </TextRegion>
        <TextRegion type="paragraph" id="r_2_4" custom="readingOrder {index:7;}">
            <Coords points="267,848 1186,848 1186,886 267,886"/>
            <TextLine id="tl_5" primaryLanguage="English" custom="readingOrder {index:0;}">
                <Coords points="268,849 1185,849 1185,885 268,885"/>
                <Baseline points="268,877 352,877 414,877 708,877 732,878 829,878 883,877 934,877 996,877 1161,884 1185,877"/>
                <Word id="w_w2aab1b3b2b7b1ab1" language="English" custom="readingOrder {index:0;}">
                    <Coords points="268,851 352,851 352,877 268,877"/>
                    <TextEquiv>
                        <Unicode>PRIX</Unicode>
                    </TextEquiv>
                    <TextStyle fontFamily="Times New Roman" fontSize="7.0" bold="true"/>
                </Word>
                <Word id="w_w2aab1b3b2b7b1ac11" language="English" custom="readingOrder {index:1;}">
                    <Coords points="372,851 414,851 414,877 372,877"/>
                    <TextEquiv>
                        <Unicode>DE</Unicode>
                    </TextEquiv>
                    <TextStyle fontFamily="Times New Roman" fontSize="7.0" bold="true"/>
                </Word>
                <Word id="w_w2aab1b3b2b7b1ac17" language="English" custom="readingOrder {index:2;}">
                    <Coords points="434,851 708,851 708,878 434,878"/>
                    <TextEquiv>
                        <Unicode>L’ABONNEMENT</Unicode>
                    </TextEquiv>
                    <TextStyle fontFamily="Times New Roman" fontSize="7.0" bold="true"/>
                </Word>
                <Word id="w_w2aab1b3b2b7b1ac43" language="English" custom="readingOrder {index:3;}">
                    <Coords points="726,859 732,859 732,878 726,878"/>
                    <TextEquiv>
                        <Unicode>:</Unicode>
                    </TextEquiv>
                    <TextStyle fontFamily="Times New Roman" fontSize="7.0" bold="true"/>
                </Word>
                <Word id="w_w2aab1b3b2b7b1ac47" language="English" custom="readingOrder {index:4;}">
                    <Coords points="754,852 829,852 829,878 754,878"/>
                    <TextEquiv>
                        <Unicode>Pour</Unicode>
                    </TextEquiv>
                    <TextStyle fontFamily="Times New Roman" fontSize="7.0" bold="true"/>
                </Word>
                <Word id="w_w2aab1b3b2b7b1ac57" language="English" custom="readingOrder {index:5;}">
                    <Coords points="842,858 883,858 883,878 842,878"/>
                    <TextEquiv>
                        <Unicode>un</Unicode>
                    </TextEquiv>
                    <TextStyle fontFamily="Times New Roman" fontSize="7.0" bold="true"/>
                </Word>
                <Word id="w_w2aab1b3b2b7b1ac63" language="English" custom="readingOrder {index:6;}">
                    <Coords points="897,858 934,858 934,877 897,877"/>
                    <TextEquiv>
                        <Unicode>an</Unicode>
                    </TextEquiv>
                    <TextStyle fontFamily="Times New Roman" fontSize="7.0" bold="true"/>
                </Word>
                <Word id="w_w2aab1b3b2b7b1ac69" language="English" custom="readingOrder {index:7;}">
                    <Coords points="949,850 996,850 996,885 949,885"/>
                    <TextEquiv>
                        <Unicode>(12</Unicode>
                    </TextEquiv>
                    <TextStyle fontFamily="Times New Roman" fontSize="7.0" bold="true"/>
                </Word>
                <Word id="w_w2aab1b3b2b7b1ac77" language="English" custom="readingOrder {index:8;}">
                    <Coords points="1011,849 1161,849 1161,884 1011,884"/>
                    <TextEquiv>
                        <Unicode>numéros)</Unicode>
                    </TextEquiv>
                    <TextStyle fontFamily="Times New Roman" fontSize="7.0" bold="true"/>
                </Word>
                <Word id="w_w2aab1b3b2b7b1ac95" language="English" custom="readingOrder {index:9;}">
                    <Coords points="1178,857 1185,857 1185,877 1178,877"/>
                    <TextEquiv>
                        <Unicode>:</Unicode>
                    </TextEquiv>
                    <TextStyle fontFamily="Times New Roman" fontSize="7.0" bold="true"/>
                </Word>
                <TextEquiv>
                    <Unicode>PRIX DE L’ABONNEMENT : Pour un an (12 numéros):</Unicode>
                </TextEquiv>
                <TextStyle fontFamily="Times New Roman" fontSize="7.0" bold="true"/>
            </TextLine>
            <TextEquiv>
                <Unicode>PRIX DE L’ABONNEMENT : Pour un an (12 numéros):</Unicode>
            </TextEquiv>
        </TextRegion>
        <TextRegion type="paragraph" id="r_2_5" custom="readingOrder {index:8;}">
            <Coords points="147,901 1312,901 1312,996 147,996"/>
            <TextLine id="tl_6" primaryLanguage="English" custom="readingOrder {index:0;}">
                <Coords points="148,902 1311,902 1311,934 148,934"/>
                <Baseline points="148,927 257,932 282,927 299,927 470,931 495,928 598,928 737,928 760,928 855,931 930,927 974,927 1095,927 1311,930"/>
                <Word id="w_w2aab1b3b2b9b1ab1" language="English" custom="readingOrder {index:0;}">
                    <Coords points="148,904 257,904 257,932 148,932"/>
                    <TextEquiv>
                        <Unicode>France,</Unicode>
                    </TextEquiv>
                    <TextStyle fontFamily="Times New Roman" fontSize="7.5"/>
                </Word>
                <Word id="w_w2aab1b3b2b9b1ac17" language="English" custom="readingOrder {index:1;}">
                    <Coords points="269,904 282,904 282,927 269,927"/>
                    <TextEquiv>
                        <Unicode>3</Unicode>
                    </TextEquiv>
                    <TextStyle fontFamily="Times New Roman" fontSize="7.5"/>
                </Word>
                <Word id="w_w2aab1b3b2b9b1b1b1" language="English" custom="readingOrder {index:2;}">
                    <Coords points="291,903 318,903 318,934 291,934"/>
                    <TextEquiv>
                        <Unicode>f.;</Unicode>
                    </TextEquiv>
                    <TextStyle fontFamily="Times New Roman" fontSize="7.0" bold="true"/>
                </Word>
                <Word id="w_w2aab1b3b2b9b1b2b1" language="English" custom="readingOrder {index:3;}">
                    <Coords points="328,903 470,903 470,934 328,934"/>
                    <TextEquiv>
                        <Unicode>Etranger,</Unicode>
                    </TextEquiv>
                    <TextStyle fontFamily="Times New Roman" fontSize="7.5"/>
                </Word>
                <Word id="w_w2aab1b3b2b9b1b2c21" language="English" custom="readingOrder {index:4;}">
                    <Coords points="481,904 495,904 495,928 481,928"/>
                    <TextEquiv>
                        <Unicode>4</Unicode>
                    </TextEquiv>
                    <TextStyle fontFamily="Times New Roman" fontSize="7.5"/>
                </Word>
                <Word id="w_w2aab1b3b2b9b1b2c25" language="English" custom="readingOrder {index:5;}">
                    <Coords points="505,904 598,904 598,929 505,929"/>
                    <TextEquiv>
                        <Unicode>f.—On</Unicode>
                    </TextEquiv>
                    <TextStyle fontFamily="Times New Roman" fontSize="7.5"/>
                </Word>
                <Word id="w_w2aab1b3b2b9b1b2c37" language="English" custom="readingOrder {index:6;}">
                    <Coords points="607,903 737,903 737,928 607,928"/>
                    <TextEquiv>
                        <Unicode>s’abonne</Unicode>
                    </TextEquiv>
                    <TextStyle fontFamily="Times New Roman" fontSize="7.5"/>
                </Word>
                <Word id="w_w2aab1b3b2b9b1b2c55" language="English" custom="readingOrder {index:7;}">
                    <Coords points="745,904 760,904 760,928 745,928"/>
                    <TextEquiv>
                        <Unicode>à</Unicode>
                    </TextEquiv>
                    <TextStyle fontFamily="Times New Roman" fontSize="7.5"/>
                </Word>
                <Word id="w_w2aab1b3b2b9b1b2c59" language="English" custom="readingOrder {index:8;}">
                    <Coords points="770,904 855,904 855,931 770,931"/>
                    <TextEquiv>
                        <Unicode>Paris,</Unicode>
                    </TextEquiv>
                    <TextStyle fontFamily="Times New Roman" fontSize="7.5"/>
                </Word>
                <Word id="w_w2aab1b3b2b9b1b2c73" language="English" custom="readingOrder {index:9;}">
                    <Coords points="866,904 930,904 930,928 866,928"/>
                    <TextEquiv>
                        <Unicode>chez</Unicode>
                    </TextEquiv>
                    <TextStyle fontFamily="Times New Roman" fontSize="7.5"/>
                </Word>
                <Word id="w_w2aab1b3b2b9b1b2c83" language="English" custom="readingOrder {index:10;}">
                    <Coords points="939,904 974,904 974,927 939,927"/>
                    <TextEquiv>
                        <Unicode>M.</Unicode>
                    </TextEquiv>
                    <TextStyle fontFamily="Times New Roman" fontSize="7.5"/>
                </Word>
                <Word id="w_w2aab1b3b2b9b1b2c89" language="English" custom="readingOrder {index:11;}">
                    <Coords points="984,903 1095,903 1095,933 984,933"/>
                    <TextEquiv>
                        <Unicode>Eugène</Unicode>
                    </TextEquiv>
                    <TextStyle fontFamily="Times New Roman" fontSize="7.5"/>
                </Word>
                <Word id="w_w2aab1b3b2b9b1b2d103" language="English" custom="readingOrder {index:12;}">
                    <Coords points="1103,902 1311,902 1311,930 1103,930"/>
                    <TextEquiv>
                        <Unicode>CHARAVAY,</Unicode>
                    </TextEquiv>
                    <TextStyle fontFamily="Times New Roman" fontSize="7.5"/>
                </Word>
                <TextEquiv>
                    <Unicode>France, 3 f.; Etranger, 4 f.—On s’abonne à Paris, chez M. Eugène CHARAVAY,</Unicode>
                </TextEquiv>
            </TextLine>
            <TextLine id="tl_7" primaryLanguage="English" custom="readingOrder {index:1;}">
                <Coords points="456,935 997,935 997,966 456,966"/>
                <Baseline points="456,959 478,963 563,959 616,959 748,959 785,953 826,959 849,959 982,958 997,958"/>
                <Word id="w_w2aab1b3b2b9b3ab1" language="English" custom="readingOrder {index:0;}">
                    <Coords points="456,936 478,936 478,963 456,963"/>
                    <TextEquiv>
                        <Unicode>8,</Unicode>
                    </TextEquiv>
                    <TextStyle fontFamily="Times New Roman" fontSize="7.5"/>
                </Word>
                <Word id="w_w2aab1b3b2b9b3ab7" language="English" custom="readingOrder {index:1;}">
                    <Coords points="499,935 563,935 563,966 499,966"/>
                    <TextEquiv>
                        <Unicode>quai</Unicode>
                    </TextEquiv>
                    <TextStyle fontFamily="Times New Roman" fontSize="7.5"/>
                </Word>
                <Word id="w_w2aab1b3b2b9b3ac17" language="English" custom="readingOrder {index:2;}">
                    <Coords points="580,936 616,936 616,960 580,960"/>
                    <TextEquiv>
                        <Unicode>du</Unicode>
                    </TextEquiv>
                    <TextStyle fontFamily="Times New Roman" fontSize="7.5"/>
                </Word>
                <Word id="w_w2aab1b3b2b9b3ac23" language="English" custom="readingOrder {index:3;}">
                    <Coords points="634,936 748,936 748,960 634,960"/>
                    <TextEquiv>
                        <Unicode>Louvre.</Unicode>
                    </TextEquiv>
                    <TextStyle fontFamily="Times New Roman" fontSize="7.5"/>
                </Word>
                <Word id="w_w2aab1b3b2b9b3ac39" language="English" custom="readingOrder {index:4;}">
                    <Coords points="754,948 785,948 785,953 754,953"/>
                    <TextEquiv>
                        <Unicode>—</Unicode>
                    </TextEquiv>
                    <TextStyle fontFamily="Times New Roman" fontSize="7.5"/>
                </Word>
                <Word id="w_w2aab1b3b2b9b3ac43" language="English" custom="readingOrder {index:5;}">
                    <Coords points="793,935 826,935 826,959 793,959"/>
                    <TextEquiv>
                        <Unicode>Et</Unicode>
                    </TextEquiv>
                    <TextStyle fontFamily="Times New Roman" fontSize="7.5"/>
                </Word>
                <Word id="w_w2aab1b3b2b9b3ac49" language="English" custom="readingOrder {index:6;}">
                    <Coords points="834,937 849,937 849,959 834,959"/>
                    <TextEquiv>
                        <Unicode>à</Unicode>
                    </TextEquiv>
                    <TextStyle fontFamily="Times New Roman" fontSize="7.5"/>
                </Word>
                <Word id="w_w2aab1b3b2b9b3ac53" language="English" custom="readingOrder {index:7;}">
                    <Coords points="859,935 982,935 982,959 859,959"/>
                    <TextEquiv>
                        <Unicode>Londres</Unicode>
                    </TextEquiv>
                    <TextStyle fontFamily="Times New Roman" fontSize="7.5"/>
                </Word>
                <Word id="w_w2aab1b3b2b9b3ac69" language="English" custom="readingOrder {index:8;}">
                    <Coords points="992,942 997,942 997,958 992,958"/>
                    <TextEquiv>
                        <Unicode>:</Unicode>
                    </TextEquiv>
                    <TextStyle fontFamily="Times New Roman" fontSize="7.5"/>
                </Word>
                <TextEquiv>
                    <Unicode>8, quai du Louvre. — Et à Londres :</Unicode>
                </TextEquiv>
                <TextStyle fontFamily="Times New Roman" fontSize="7.5"/>
            </TextLine>
            <TextLine id="tl_8" primaryLanguage="English" custom="readingOrder {index:2;}">
                <Coords points="239,965 1219,965 1219,995 239,995"/>
                <Baseline points="239,990 347,989 381,990 484,990 715,995 820,990 930,995 1113,989 1219,989"/>
                <Word id="w_w2aab1b3b2b9b5ab1" language="English" custom="readingOrder {index:0;}">
                    <Coords points="239,966 347,966 347,990 239,990"/>
                    <TextEquiv>
                        <Unicode>chezM.</Unicode>
                    </TextEquiv>
                    <TextStyle fontFamily="Times New Roman" fontSize="7.5"/>
                </Word>
                <Word id="w_w2aab1b3b2b9b5ac15" language="English" custom="readingOrder {index:1;}">
                    <Coords points="358,966 451,966 451,991 358,991"/>
                    <TextEquiv>
                        <Unicode>A.-W.</Unicode>
                    </TextEquiv>
                    <TextStyle fontFamily="Times New Roman" fontSize="7.5"/>
                </Word>
                <Word id="w_w2aab1b3b2b9b5b1b1" language="English" custom="readingOrder {index:2;}">
                    <Coords points="464,966 669,966 669,995 464,995"/>
                    <TextEquiv>
                        <Unicode>Thibaudeau,</Unicode>
                    </TextEquiv>
                    <TextStyle fontFamily="Times New Roman" fontSize="7.0"/>
                </Word>
                <Word id="w_w2aab1b3b2b9b5b2b1" language="English" custom="readingOrder {index:3;}">
                    <Coords points="679,967 715,967 715,995 679,995"/>
                    <TextEquiv>
                        <Unicode>18,</Unicode>
                    </TextEquiv>
                    <TextStyle fontFamily="Times New Roman" fontSize="7.5"/>
                </Word>
                <Word id="w_w2aab1b3b2b9b5b2b9" language="English" custom="readingOrder {index:4;}">
                    <Coords points="732,966 820,966 820,991 732,991"/>
                    <TextEquiv>
                        <Unicode>Green</Unicode>
                    </TextEquiv>
                    <TextStyle fontFamily="Times New Roman" fontSize="7.5"/>
                </Word>
                <Word id="w_w2aab1b3b2b9b5b2c21" language="English" custom="readingOrder {index:5;}">
                    <Coords points="838,968 930,968 930,995 838,995"/>
                    <TextEquiv>
                        <Unicode>Street,</Unicode>
                    </TextEquiv>
                    <TextStyle fontFamily="Times New Roman" fontSize="7.5"/>
                </Word>
                <Word id="w_w2aab1b3b2b9b5b2c37" language="English" custom="readingOrder {index:6;}">
                    <Coords points="947,965 1113,965 1113,990 947,990"/>
                    <TextEquiv>
                        <Unicode>St-Martin’s</Unicode>
                    </TextEquiv>
                    <TextStyle fontFamily="Times New Roman" fontSize="7.5"/>
                </Word>
                <Word id="w_w2aab1b3b2b9b5b2c61" language="English" custom="readingOrder {index:7;}">
                    <Coords points="1128,965 1219,965 1219,989 1128,989"/>
                    <TextEquiv>
                        <Unicode>Place.</Unicode>
                    </TextEquiv>
                    <TextStyle fontFamily="Times New Roman" fontSize="7.5"/>
                </Word>
                <TextEquiv>
                    <Unicode>chezM. A.-W. THIBAUDEAU, 18, Green Street, St-Martin’s Place.</Unicode>
                </TextEquiv>
            </TextLine>
            <TextEquiv>
                <Unicode>France, 3 f.; Etranger, 4 f.—On s’abonne à Paris, chez M. Eugène CHARAVAY,
8, quai du Louvre. — Et à Londres :
chezM. A.-W. THIBAUDEAU, 18, Green Street, St-Martin’s Place.</Unicode>
            </TextEquiv>
        </TextRegion>
        <TextRegion type="paragraph" id="r_3_1" custom="readingOrder {index:9;}">
            <Coords points="377,1088 1090,1088 1090,1138 377,1138"/>
            <TextLine id="tl_9" primaryLanguage="English" custom="readingOrder {index:0;}">
                <Coords points="378,1089 1089,1089 1089,1137 378,1137"/>
                <Baseline points="378,1135 658,1136 811,1136 887,1136 1089,1135"/>
                <Word id="w_w2aab1b5b2b1b1ab1" language="English" custom="readingOrder {index:0;}">
                    <Coords points="378,1089 658,1089 658,1137 378,1137"/>
                    <TextEquiv>
                        <Unicode>AUTOGRAPHES</Unicode>
                    </TextEquiv>
                    <TextStyle fontFamily="Times New Roman" fontSize="14.0" bold="true"/>
                </Word>
                <Word id="w_w2aab1b5b2b1b1ac25" language="English" custom="readingOrder {index:1;}">
                    <Coords points="686,1089 811,1089 811,1136 686,1136"/>
                    <TextEquiv>
                        <Unicode>RARES</Unicode>
                    </TextEquiv>
                    <TextStyle fontFamily="Times New Roman" fontSize="14.0" bold="true"/>
                </Word>
                <Word id="w_w2aab1b5b2b1b1ac37" language="English" custom="readingOrder {index:2;}">
                    <Coords points="839,1090 887,1090 887,1136 839,1136"/>
                    <TextEquiv>
                        <Unicode>ET</Unicode>
                    </TextEquiv>
                    <TextStyle fontFamily="Times New Roman" fontSize="14.0" bold="true"/>
                </Word>
                <Word id="w_w2aab1b5b2b1b1ac43" language="English" custom="readingOrder {index:3;}">
                    <Coords points="916,1089 1089,1089 1089,1136 916,1136"/>
                    <TextEquiv>
                        <Unicode>CURIEUX</Unicode>
                    </TextEquiv>
                    <TextStyle fontFamily="Times New Roman" fontSize="14.0" bold="true"/>
                </Word>
                <TextEquiv>
                    <Unicode>AUTOGRAPHES RARES ET CURIEUX</Unicode>
                </TextEquiv>
                <TextStyle fontFamily="Times New Roman" fontSize="14.0" bold="true"/>
            </TextLine>
            <TextEquiv>
                <Unicode>AUTOGRAPHES RARES ET CURIEUX</Unicode>
            </TextEquiv>
        </TextRegion>
        <TextRegion type="paragraph" id="r_3_2" custom="readingOrder {index:10;}">
            <Coords points="266,1179 1195,1179 1195,1212 266,1212"/>
            <TextLine id="tl_10" primaryLanguage="English" custom="readingOrder {index:0;}">
                <Coords points="267,1180 1194,1180 1194,1211 267,1211"/>
                <Baseline points="267,1211 460,1211 532,1211 764,1210 836,1210 933,1210 996,1210 1051,1209 1194,1209"/>
                <Word id="w_w2aab1b5b2b3b1ab1" language="English" custom="readingOrder {index:0;}">
                    <Coords points="267,1188 460,1188 460,1211 267,1211"/>
                    <TextEquiv>
                        <Unicode>COMPOSANT</Unicode>
                    </TextEquiv>
                    <TextStyle fontFamily="Times New Roman" fontSize="7.5"/>
                </Word>
                <Word id="w_w2aab1b5b2b3b1ac21" language="English" custom="readingOrder {index:1;}">
                    <Coords points="491,1189 532,1189 532,1211 491,1211"/>
                    <TextEquiv>
                        <Unicode>LA</Unicode>
                    </TextEquiv>
                    <TextStyle fontFamily="Times New Roman" fontSize="7.5"/>
                </Word>
                <Word id="w_w2aab1b5b2b3b1ac27" language="English" custom="readingOrder {index:2;}">
                    <Coords points="563,1188 764,1188 764,1211 563,1211"/>
                    <TextEquiv>
                        <Unicode>COLLECTION</Unicode>
                    </TextEquiv>
                    <TextStyle fontFamily="Times New Roman" fontSize="7.5"/>
                </Word>
                <Word id="w_w2aab1b5b2b3b1ac49" language="English" custom="readingOrder {index:3;}">
                    <Coords points="795,1189 836,1189 836,1210 795,1210"/>
                    <TextEquiv>
                        <Unicode>DE</Unicode>
                    </TextEquiv>
                    <TextStyle fontFamily="Times New Roman" fontSize="7.5"/>
                </Word>
                <Word id="w_w2aab1b5b2b3b1ac55" language="English" custom="readingOrder {index:4;}">
                    <Coords points="868,1188 933,1188 933,1210 868,1210"/>
                    <TextEquiv>
                        <Unicode>FEU</Unicode>
                    </TextEquiv>
                    <TextStyle fontFamily="Times New Roman" fontSize="7.5"/>
                </Word>
                <Word id="w_w2aab1b5b2b3b1ac63" language="English" custom="readingOrder {index:5;}">
                    <Coords points="961,1188 996,1188 996,1210 961,1210"/>
                    <TextEquiv>
                        <Unicode>M.</Unicode>
                    </TextEquiv>
                    <TextStyle fontFamily="Times New Roman" fontSize="7.5"/>
                </Word>
                <Word id="w_w2aab1b5b2b3b1ac69" language="English" custom="readingOrder {index:6;}">
                    <Coords points="1030,1188 1060,1188 1060,1209 1030,1209"/>
                    <TextEquiv>
                        <Unicode>A.</Unicode>
                    </TextEquiv>
                    <TextStyle fontFamily="Times New Roman" fontSize="7.5"/>
                </Word>
                <Word id="w_w2aab1b5b2b3b1b1b1" language="English" custom="readingOrder {index:7;}">
                    <Coords points="1091,1180 1194,1180 1194,1209 1091,1209"/>
                    <TextEquiv>
                        <Unicode>J***.</Unicode>
                    </TextEquiv>
                    <TextStyle fontFamily="Times New Roman" fontSize="6.5" bold="true"/>
                </Word>
                <TextEquiv>
                    <Unicode>COMPOSANT LA COLLECTION DE FEU M. A. J***.</Unicode>
                </TextEquiv>
            </TextLine>
            <TextEquiv>
                <Unicode>COMPOSANT LA COLLECTION DE FEU M. A. J***.</Unicode>
            </TextEquiv>
        </TextRegion>
        <TextRegion type="paragraph" id="r_4_1" custom="readingOrder {index:11;}">
            <Coords points="148,1310 1323,1310 1323,1563 148,1563"/>
            <TextLine id="tl_11" primaryLanguage="English" custom="readingOrder {index:0;}">
                <Coords points="189,1311 1317,1311 1317,1349 189,1349"/>
                <Baseline points="189,1342 261,1341 373,1341 593,1341 684,1341 798,1340 884,1340 960,1340 1036,1341 1154,1349 1188,1341 1317,1341"/>
                <Word id="w_w2aab1b7b2b1b1ab1" language="English" custom="readingOrder {index:0;}">
                    <Coords points="189,1313 261,1313 261,1342 189,1342"/>
                    <TextEquiv>
                        <Unicode>Une</Unicode>
                    </TextEquiv>
                    <TextStyle fontFamily="Times New Roman" fontSize="10.0"/>
                </Word>
                <Word id="w_w2aab1b7b2b1b1ab9" language="English" custom="readingOrder {index:1;}">
                    <Coords points="276,1313 373,1313 373,1341 276,1341"/>
                    <TextEquiv>
                        <Unicode>vente</Unicode>
                    </TextEquiv>
                    <TextStyle fontFamily="Times New Roman" fontSize="10.0"/>
                </Word>
                <Word id="w_w2aab1b7b2b1b1ac21" language="English" custom="readingOrder {index:2;}">
                    <Coords points="393,1312 593,1312 593,1348 393,1348"/>
                    <TextEquiv>
                        <Unicode>importante</Unicode>
                    </TextEquiv>
                    <TextStyle fontFamily="Times New Roman" fontSize="10.0"/>
                </Word>
                <Word id="w_w2aab1b7b2b1b1ac43" language="English" custom="readingOrder {index:3;}">
                    <Coords points="616,1311 684,1311 684,1341 616,1341"/>
                    <TextEquiv>
                        <Unicode>doit</Unicode>
                    </TextEquiv>
                    <TextStyle fontFamily="Times New Roman" fontSize="10.0"/>
                </Word>
                <Word id="w_w2aab1b7b2b1b1ac53" language="English" custom="readingOrder {index:4;}">
                    <Coords points="705,1311 798,1311 798,1341 705,1341"/>
                    <TextEquiv>
                        <Unicode>avoir</Unicode>
                    </TextEquiv>
                    <TextStyle fontFamily="Times New Roman" fontSize="10.0"/>
                </Word>
                <Word id="w_w2aab1b7b2b1b1ac65" language="English" custom="readingOrder {index:5;}">
                    <Coords points="818,1311 884,1311 884,1341 818,1341"/>
                    <TextEquiv>
                        <Unicode>lieu</Unicode>
                    </TextEquiv>
                    <TextStyle fontFamily="Times New Roman" fontSize="10.0"/>
                </Word>
                <Word id="w_w2aab1b7b2b1b1ac75" language="English" custom="readingOrder {index:6;}">
                    <Coords points="900,1319 960,1319 960,1349 900,1349"/>
                    <TextEquiv>
                        <Unicode>par</Unicode>
                    </TextEquiv>
                    <TextStyle fontFamily="Times New Roman" fontSize="10.0"/>
                </Word>
                <Word id="w_w2aab1b7b2b1b1ac83" language="English" custom="readingOrder {index:7;}">
                    <Coords points="977,1319 1036,1319 1036,1341 977,1341"/>
                    <TextEquiv>
                        <Unicode>nos</Unicode>
                    </TextEquiv>
                    <TextStyle fontFamily="Times New Roman" fontSize="10.0"/>
                </Word>
                <Word id="w_w2aab1b7b2b1b1ac91" language="English" custom="readingOrder {index:8;}">
                    <Coords points="1051,1312 1154,1312 1154,1349 1051,1349"/>
                    <TextEquiv>
                        <Unicode>soins,</Unicode>
                    </TextEquiv>
                    <TextStyle fontFamily="Times New Roman" fontSize="10.0"/>
                </Word>
                <Word id="w_w2aab1b7b2b1b1ad105" language="English" custom="readingOrder {index:9;}">
                    <Coords points="1171,1312 1188,1312 1188,1341 1171,1341"/>
                    <TextEquiv>
                        <Unicode>à</Unicode>
                    </TextEquiv>
                    <TextStyle fontFamily="Times New Roman" fontSize="10.0"/>
                </Word>
                <Word id="w_w2aab1b7b2b1b1ad109" language="English" custom="readingOrder {index:10;}">
                    <Coords points="1204,1311 1317,1311 1317,1341 1204,1341"/>
                    <TextEquiv>
                        <Unicode>l’hôtel</Unicode>
                    </TextEquiv>
                    <TextStyle fontFamily="Times New Roman" fontSize="10.0"/>
                </Word>
                <TextEquiv>
                    <Unicode>Une vente importante doit avoir lieu par nos soins, à l’hôtel</Unicode>
                </TextEquiv>
                <TextStyle fontFamily="Times New Roman" fontSize="10.0"/>
            </TextLine>
            <TextLine id="tl_12" primaryLanguage="English" custom="readingOrder {index:1;}">
                <Coords points="149,1364 1318,1364 1318,1403 149,1403"/>
                <Baseline points="149,1394 282,1402 330,1394 385,1379 487,1393 673,1394 784,1394 940,1394 1071,1394 1244,1394 1318,1395"/>
                <Word id="w_w2aab1b7b2b1b3ab1" language="English" custom="readingOrder {index:0;}">
                    <Coords points="149,1366 282,1366 282,1402 149,1402"/>
                    <TextEquiv>
                        <Unicode>Drouot,</Unicode>
                    </TextEquiv>
                    <TextStyle fontFamily="Times New Roman" fontSize="10.0"/>
                </Word>
                <Word id="w_w2aab1b7b2b1b3ac17" language="English" custom="readingOrder {index:1;}">
                    <Coords points="299,1364 330,1364 330,1394 299,1394"/>
                    <TextEquiv>
                        <Unicode>le</Unicode>
                    </TextEquiv>
                    <TextStyle fontFamily="Times New Roman" fontSize="10.0"/>
                </Word>
                <Word id="w_w2aab1b7b2b1b3ac23" language="English" custom="readingOrder {index:2;}">
                    <Coords points="347,1365 385,1365 385,1393 347,1393"/>
                    <TextEquiv>
                        <Unicode>1"</Unicode>
                    </TextEquiv>
                    <TextStyle fontFamily="Times New Roman" fontSize="10.0"/>
                </Word>
                <Word id="w_w2aab1b7b2b1b3ac29" language="English" custom="readingOrder {index:3;}">
                    <Coords points="398,1372 487,1372 487,1394 398,1394"/>
                    <TextEquiv>
                        <Unicode>mars</Unicode>
                    </TextEquiv>
                    <TextStyle fontFamily="Times New Roman" fontSize="10.0"/>
                </Word>
                <Word id="w_w2aab1b7b2b1b3ac39" language="English" custom="readingOrder {index:4;}">
                    <Coords points="502,1365 673,1365 673,1402 502,1402"/>
                    <TextEquiv>
                        <Unicode>prochain.</Unicode>
                    </TextEquiv>
                    <TextStyle fontFamily="Times New Roman" fontSize="10.0"/>
                </Word>
                <Word id="w_w2aab1b7b2b1b3ac59" language="English" custom="readingOrder {index:5;}">
                    <Coords points="691,1365 784,1365 784,1394 691,1394"/>
                    <TextEquiv>
                        <Unicode>Nous</Unicode>
                    </TextEquiv>
                    <TextStyle fontFamily="Times New Roman" fontSize="10.0"/>
                </Word>
                <Word id="w_w2aab1b7b2b1b3ac69" language="English" custom="readingOrder {index:6;}">
                    <Coords points="799,1372 940,1372 940,1403 799,1403"/>
                    <TextEquiv>
                        <Unicode>croyons</Unicode>
                    </TextEquiv>
                    <TextStyle fontFamily="Times New Roman" fontSize="10.0"/>
                </Word>
                <Word id="w_w2aab1b7b2b1b3ac85" language="English" custom="readingOrder {index:7;}">
                    <Coords points="957,1364 1071,1364 1071,1394 957,1394"/>
                    <TextEquiv>
                        <Unicode>devoir</Unicode>
                    </TextEquiv>
                    <TextStyle fontFamily="Times New Roman" fontSize="10.0"/>
                </Word>
                <Word id="w_w2aab1b7b2b1b3ac99" language="English" custom="readingOrder {index:8;}">
                    <Coords points="1087,1365 1244,1365 1244,1394 1087,1394"/>
                    <TextEquiv>
                        <Unicode>donnera</Unicode>
                    </TextEquiv>
                    <TextStyle fontFamily="Times New Roman" fontSize="10.0"/>
                </Word>
                <Word id="w_w2aab1b7b2b1b3ad115" language="English" custom="readingOrder {index:9;}">
                    <Coords points="1259,1373 1318,1373 1318,1395 1259,1395"/>
                    <TextEquiv>
                        <Unicode>nos</Unicode>
                    </TextEquiv>
                    <TextStyle fontFamily="Times New Roman" fontSize="10.0"/>
                </Word>
                <TextEquiv>
                    <Unicode>Drouot, le 1er mars prochain. Nous croyons devoir donnera nos</Unicode>
                </TextEquiv>
                <TextStyle fontFamily="Times New Roman" fontSize="10.0"/>
            </TextLine>
            <TextLine id="tl_13" primaryLanguage="English" custom="readingOrder {index:2;}">
                <Coords points="152,1417 1322,1417 1322,1456 152,1456"/>
                <Baseline points="152,1447 294,1448 354,1447 492,1448 568,1448 786,1447 912,1447 1122,1448 1220,1448 1322,1440"/>
                <Word id="w_w2aab1b7b2b1b5ab1" language="English" custom="readingOrder {index:0;}">
                    <Coords points="152,1418 294,1418 294,1448 152,1448"/>
                    <TextEquiv>
                        <Unicode>lecteurs</Unicode>
                    </TextEquiv>
                    <TextStyle fontFamily="Times New Roman" fontSize="10.0"/>
                </Word>
                <Word id="w_w2aab1b7b2b1b5ac19" language="English" custom="readingOrder {index:1;}">
                    <Coords points="309,1426 354,1426 354,1447 309,1447"/>
                    <TextEquiv>
                        <Unicode>un</Unicode>
                    </TextEquiv>
                    <TextStyle fontFamily="Times New Roman" fontSize="10.0"/>
                </Word>
                <Word id="w_w2aab1b7b2b1b5ac25" language="English" custom="readingOrder {index:2;}">
                    <Coords points="370,1426 492,1426 492,1456 370,1456"/>
                    <TextEquiv>
                        <Unicode>aperçu</Unicode>
                    </TextEquiv>
                    <TextStyle fontFamily="Times New Roman" fontSize="10.0"/>
                </Word>
                <Word id="w_w2aab1b7b2b1b5ac39" language="English" custom="readingOrder {index:3;}">
                    <Coords points="509,1418 568,1418 568,1448 509,1448"/>
                    <TextEquiv>
                        <Unicode>des</Unicode>
                    </TextEquiv>
                    <TextStyle fontFamily="Times New Roman" fontSize="10.0"/>
                </Word>
                <Word id="w_w2aab1b7b2b1b5ac47" language="English" custom="readingOrder {index:4;}">
                    <Coords points="582,1417 786,1417 786,1456 582,1456"/>
                    <TextEquiv>
                        <Unicode>principales</Unicode>
                    </TextEquiv>
                    <TextStyle fontFamily="Times New Roman" fontSize="10.0"/>
                </Word>
                <Word id="w_w2aab1b7b2b1b5ac71" language="English" custom="readingOrder {index:5;}">
                    <Coords points="801,1418 912,1418 912,1456 801,1456"/>
                    <TextEquiv>
                        <Unicode>pièces</Unicode>
                    </TextEquiv>
                    <TextStyle fontFamily="Times New Roman" fontSize="10.0"/>
                </Word>
                <Word id="w_w2aab1b7b2b1b5ac85" language="English" custom="readingOrder {index:6;}">
                    <Coords points="927,1420 1122,1420 1122,1456 927,1456"/>
                    <TextEquiv>
                        <Unicode>composant</Unicode>
                    </TextEquiv>
                    <TextStyle fontFamily="Times New Roman" fontSize="10.0"/>
                </Word>
                <Word id="w_w2aab1b7b2b1b5ad105" language="English" custom="readingOrder {index:7;}">
                    <Coords points="1137,1420 1220,1420 1220,1448 1137,1448"/>
                    <TextEquiv>
                        <Unicode>cette</Unicode>
                    </TextEquiv>
                    <TextStyle fontFamily="Times New Roman" fontSize="10.0"/>
                </Word>
                <Word id="w_w2aab1b7b2b1b5ad117" language="English" custom="readingOrder {index:8;}">
                    <Coords points="1239,1419 1322,1419 1322,1448 1239,1448"/>
                    <TextEquiv>
                        <Unicode>inté¬</Unicode>
                    </TextEquiv>
                    <TextStyle fontFamily="Times New Roman" fontSize="10.0"/>
                </Word>
                <TextEquiv>
                    <Unicode>lecteurs un aperçu des principales pièces composant cette inté¬</Unicode>
                </TextEquiv>
                <TextStyle fontFamily="Times New Roman" fontSize="10.0"/>
            </TextLine>
            <TextLine id="tl_14" primaryLanguage="English" custom="readingOrder {index:3;}">
                <Coords points="149,1471 1319,1471 1319,1509 149,1509"/>
                <Baseline points="149,1501 299,1501 505,1507 600,1501 655,1501 726,1501 817,1500 855,1500 891,1509 924,1501 1001,1501 1160,1501 1215,1501 1319,1501"/>
                <Word id="w_w2aab1b7b2b1b7ab1" language="English" custom="readingOrder {index:0;}">
                    <Coords points="149,1473 299,1473 299,1501 149,1501"/>
                    <TextEquiv>
                        <Unicode>ressante</Unicode>
                    </TextEquiv>
                    <TextStyle fontFamily="Times New Roman" fontSize="10.0"/>
                </Word>
                <Word id="w_w2aab1b7b2b1b7ac19" language="English" custom="readingOrder {index:1;}">
                    <Coords points="320,1471 505,1471 505,1507 320,1507"/>
                    <TextEquiv>
                        <Unicode>collection,</Unicode>
                    </TextEquiv>
                    <TextStyle fontFamily="Times New Roman" fontSize="10.0"/>
                </Word>
                <Word id="w_w2aab1b7b2b1b7ac43" language="English" custom="readingOrder {index:2;}">
                    <Coords points="522,1471 600,1471 600,1501 522,1501"/>
                    <TextEquiv>
                        <Unicode>dont</Unicode>
                    </TextEquiv>
                    <TextStyle fontFamily="Times New Roman" fontSize="10.0"/>
                </Word>
                <Word id="w_w2aab1b7b2b1b7ac53" language="English" custom="readingOrder {index:3;}">
                    <Coords points="613,1471 655,1471 655,1501 613,1501"/>
                    <TextEquiv>
                        <Unicode>ils</Unicode>
                    </TextEquiv>
                    <TextStyle fontFamily="Times New Roman" fontSize="10.0"/>
                </Word>
                <Word id="w_w2aab1b7b2b1b7ac61" language="English" custom="readingOrder {index:4;}">
                    <Coords points="671,1473 726,1473 726,1501 671,1501"/>
                    <TextEquiv>
                        <Unicode>ont</Unicode>
                    </TextEquiv>
                    <TextStyle fontFamily="Times New Roman" fontSize="10.0"/>
                </Word>
                <Word id="w_w2aab1b7b2b1b7ac69" language="English" custom="readingOrder {index:5;}">
                    <Coords points="740,1479 817,1479 817,1507 740,1507"/>
                    <TextEquiv>
                        <Unicode>reçu</Unicode>
                    </TextEquiv>
                    <TextStyle fontFamily="Times New Roman" fontSize="10.0"/>
                </Word>
                <Word id="w_w2aab1b7b2b1b7ac79" language="English" custom="readingOrder {index:6;}">
                    <Coords points="833,1471 855,1471 855,1500 833,1500"/>
                    <TextEquiv>
                        <Unicode>il</Unicode>
                    </TextEquiv>
                    <TextStyle fontFamily="Times New Roman" fontSize="10.0"/>
                </Word>
                <Word id="w_w2aab1b7b2b1b7ac85" language="English" custom="readingOrder {index:7;}">
                    <Coords points="871,1480 891,1480 891,1509 871,1509"/>
                    <TextEquiv>
                        <Unicode>y</Unicode>
                    </TextEquiv>
                    <TextStyle fontFamily="Times New Roman" fontSize="10.0"/>
                </Word>
                <Word id="w_w2aab1b7b2b1b7ac89" language="English" custom="readingOrder {index:8;}">
                    <Coords points="905,1479 924,1479 924,1501 905,1501"/>
                    <TextEquiv>
                        <Unicode>a</Unicode>
                    </TextEquiv>
                    <TextStyle fontFamily="Times New Roman" fontSize="10.0"/>
                </Word>
                <Word id="w_w2aab1b7b2b1b7ac93" language="English" custom="readingOrder {index:9;}">
                    <Coords points="937,1479 1001,1479 1001,1501 937,1501"/>
                    <TextEquiv>
                        <Unicode>une</Unicode>
                    </TextEquiv>
                    <TextStyle fontFamily="Times New Roman" fontSize="10.0"/>
                </Word>
                <Word id="w_w2aab1b7b2b1b7ad101" language="English" custom="readingOrder {index:10;}">
                    <Coords points="1015,1471 1160,1471 1160,1501 1015,1501"/>
                    <TextEquiv>
                        <Unicode>huitaine</Unicode>
                    </TextEquiv>
                    <TextStyle fontFamily="Times New Roman" fontSize="10.0"/>
                </Word>
                <Word id="w_w2aab1b7b2b1b7ad119" language="English" custom="readingOrder {index:11;}">
                    <Coords points="1175,1471 1215,1471 1215,1501 1175,1501"/>
                    <TextEquiv>
                        <Unicode>de</Unicode>
                    </TextEquiv>
                    <TextStyle fontFamily="Times New Roman" fontSize="10.0"/>
                </Word>
                <Word id="w_w2aab1b7b2b1b7ad125" language="English" custom="readingOrder {index:12;}">
                    <Coords points="1227,1472 1319,1472 1319,1509 1227,1509"/>
                    <TextEquiv>
                        <Unicode>jours</Unicode>
                    </TextEquiv>
                    <TextStyle fontFamily="Times New Roman" fontSize="10.0"/>
                </Word>
                <TextEquiv>
                    <Unicode>ressante collection, dont ils ont reçu il y a une huitaine de jours</Unicode>
                </TextEquiv>
                <TextStyle fontFamily="Times New Roman" fontSize="10.0"/>
            </TextLine>
            <TextLine id="tl_15" primaryLanguage="English" custom="readingOrder {index:4;}">
                <Coords points="151,1524 378,1524 378,1562 151,1562"/>
                <Baseline points="151,1554 181,1554 378,1554"/>
                <Word id="w_w2aab1b7b2b1b9ab1" language="English" custom="readingOrder {index:0;}">
                    <Coords points="151,1525 181,1525 181,1554 151,1554"/>
                    <TextEquiv>
                        <Unicode>le</Unicode>
                    </TextEquiv>
                    <TextStyle fontFamily="Times New Roman" fontSize="10.0"/>
                </Word>
                <Word id="w_w2aab1b7b2b1b9ab7" language="English" custom="readingOrder {index:1;}">
                    <Coords points="197,1524 378,1524 378,1562 197,1562"/>
                    <TextEquiv>
                        <Unicode>catalogue.</Unicode>
                    </TextEquiv>
                    <TextStyle fontFamily="Times New Roman" fontSize="10.0"/>
                </Word>
                <TextEquiv>
                    <Unicode>le catalogue.</Unicode>
                </TextEquiv>
                <TextStyle fontFamily="Times New Roman" fontSize="10.0"/>
            </TextLine>
            <TextEquiv>
                <Unicode>Une vente importante doit avoir lieu par nos soins, à l’hôtel
Drouot, le 1er mars prochain. Nous croyons devoir donnera nos
lecteurs un aperçu des principales pièces composant cette inté¬
ressante collection, dont ils ont reçu il y a une huitaine de jours
le catalogue.</Unicode>
            </TextEquiv>
        </TextRegion>
        <TextRegion type="paragraph" id="r_4_2" custom="readingOrder {index:12;}">
            <Coords points="150,1576 1320,1576 1320,2097 150,2097"/>
            <TextLine id="tl_16" primaryLanguage="English" custom="readingOrder {index:0;}">
                <Coords points="191,1577 1317,1577 1317,1616 191,1616"/>
                <Baseline points="191,1607 409,1607 590,1607 655,1608 886,1607 961,1607 1020,1606 1164,1607 1317,1608"/>
                <Word id="w_w2aab1b7b2b3b1ab1" language="English" custom="readingOrder {index:0;}">
                    <Coords points="191,1578 409,1578 409,1607 191,1607"/>
                    <TextEquiv>
                        <Unicode>L’Académie</Unicode>
                    </TextEquiv>
                    <TextStyle fontFamily="Times New Roman" fontSize="10.0"/>
                </Word>
                <Word id="w_w2aab1b7b2b3b1ac23" language="English" custom="readingOrder {index:1;}">
                    <Coords points="424,1577 590,1577 590,1614 424,1614"/>
                    <TextEquiv>
                        <Unicode>française</Unicode>
                    </TextEquiv>
                    <TextStyle fontFamily="Times New Roman" fontSize="10.0"/>
                </Word>
                <Word id="w_w2aab1b7b2b3b1ac43" language="English" custom="readingOrder {index:2;}">
                    <Coords points="606,1580 655,1580 655,1608 606,1608"/>
                    <TextEquiv>
                        <Unicode>est</Unicode>
                    </TextEquiv>
                    <TextStyle fontFamily="Times New Roman" fontSize="10.0"/>
                </Word>
                <Word id="w_w2aab1b7b2b3b1ac51" language="English" custom="readingOrder {index:3;}">
                    <Coords points="675,1578 886,1578 886,1616 675,1616"/>
                    <TextEquiv>
                        <Unicode>représentée</Unicode>
                    </TextEquiv>
                    <TextStyle fontFamily="Times New Roman" fontSize="10.0"/>
                </Word>
                <Word id="w_w2aab1b7b2b3b1ac75" language="English" custom="readingOrder {index:4;}">
                    <Coords points="902,1586 961,1586 961,1616 902,1616"/>
                    <TextEquiv>
                        <Unicode>par</Unicode>
                    </TextEquiv>
                    <TextStyle fontFamily="Times New Roman" fontSize="10.0"/>
                </Word>
                <Word id="w_w2aab1b7b2b3b1ac83" language="English" custom="readingOrder {index:5;}">
                    <Coords points="976,1586 1020,1586 1020,1607 976,1607"/>
                    <TextEquiv>
                        <Unicode>un</Unicode>
                    </TextEquiv>
                    <TextStyle fontFamily="Times New Roman" fontSize="10.0"/>
                </Word>
                <Word id="w_w2aab1b7b2b3b1ac89" language="English" custom="readingOrder {index:6;}">
                    <Coords points="1039,1578 1164,1578 1164,1607 1039,1607"/>
                    <TextEquiv>
                        <Unicode>certain</Unicode>
                    </TextEquiv>
                    <TextStyle fontFamily="Times New Roman" fontSize="10.0"/>
                </Word>
                <Word id="w_w2aab1b7b2b3b1ad105" language="English" custom="readingOrder {index:7;}">
                    <Coords points="1180,1578 1317,1578 1317,1608 1180,1608"/>
                    <TextEquiv>
                        <Unicode>nombre</Unicode>
                    </TextEquiv>
                    <TextStyle fontFamily="Times New Roman" fontSize="10.0"/>
                </Word>
                <TextEquiv>
                    <Unicode>L’Académie française est représentée par un certain nombre</Unicode>
                </TextEquiv>
                <TextStyle fontFamily="Times New Roman" fontSize="10.0"/>
            </TextLine>
            <TextLine id="tl_17" primaryLanguage="English" custom="readingOrder {index:1;}">
                <Coords points="151,1630 1318,1630 1318,1669 151,1669"/>
                <Baseline points="151,1660 191,1660 303,1660 324,1668 454,1660 519,1661 734,1660 759,1660 812,1661 904,1661 966,1661 1205,1669 1318,1661"/>
                <Word id="w_w2aab1b7b2b3b3ab1" language="English" custom="readingOrder {index:0;}">
                    <Coords points="151,1631 191,1631 191,1660 151,1660"/>
                    <TextEquiv>
                        <Unicode>de</Unicode>
                    </TextEquiv>
                    <TextStyle fontFamily="Times New Roman" fontSize="10.0"/>
                </Word>
                <Word id="w_w2aab1b7b2b3b3ab7" language="English" custom="readingOrder {index:1;}">
                    <Coords points="207,1639 303,1639 303,1660 207,1660"/>
                    <TextEquiv>
                        <Unicode>noms</Unicode>
                    </TextEquiv>
                    <TextStyle fontFamily="Times New Roman" fontSize="10.0"/>
                </Word>
                <Word id="w_w2aab1b7b2b3b3ac17" language="English" custom="readingOrder {index:2;}">
                    <Coords points="318,1641 324,1641 324,1668 318,1668"/>
                    <TextEquiv>
                        <Unicode>;</Unicode>
                    </TextEquiv>
                    <TextStyle fontFamily="Times New Roman" fontSize="10.0"/>
                </Word>
                <Word id="w_w2aab1b7b2b3b3ac21" language="English" custom="readingOrder {index:3;}">
                    <Coords points="347,1632 454,1632 454,1661 347,1661"/>
                    <TextEquiv>
                        <Unicode>citons</Unicode>
                    </TextEquiv>
                    <TextStyle fontFamily="Times New Roman" fontSize="10.0"/>
                </Word>
                <Word id="w_w2aab1b7b2b3b3ac35" language="English" custom="readingOrder {index:4;}">
                    <Coords points="470,1631 519,1631 519,1661 470,1661"/>
                    <TextEquiv>
                        <Unicode>les</Unicode>
                    </TextEquiv>
                    <TextStyle fontFamily="Times New Roman" fontSize="10.0"/>
                </Word>
                <Word id="w_w2aab1b7b2b3b3ac43" language="English" custom="readingOrder {index:5;}">
                    <Coords points="540,1631 734,1631 734,1669 540,1669"/>
                    <TextEquiv>
                        <Unicode>principaux</Unicode>
                    </TextEquiv>
                    <TextStyle fontFamily="Times New Roman" fontSize="10.0"/>
                </Word>
                <Word id="w_w2aab1b7b2b3b3ac65" language="English" custom="readingOrder {index:6;}">
                    <Coords points="754,1641 759,1641 759,1660 754,1660"/>
                    <TextEquiv>
                        <Unicode>:</Unicode>
                    </TextEquiv>
                    <TextStyle fontFamily="Times New Roman" fontSize="10.0"/>
                </Word>
                <Word id="w_w2aab1b7b2b3b3ac69" language="English" custom="readingOrder {index:7;}">
                    <Coords points="783,1631 812,1631 812,1661 783,1661"/>
                    <TextEquiv>
                        <Unicode>le</Unicode>
                    </TextEquiv>
                    <TextStyle fontFamily="Times New Roman" fontSize="10.0"/>
                </Word>
                <Word id="w_w2aab1b7b2b3b3ac75" language="English" custom="readingOrder {index:8;}">
                    <Coords points="840,1631 904,1631 904,1661 840,1661"/>
                    <TextEquiv>
                        <Unicode>duc</Unicode>
                    </TextEquiv>
                    <TextStyle fontFamily="Times New Roman" fontSize="10.0"/>
                </Word>
                <Word id="w_w2aab1b7b2b3b3ac83" language="English" custom="readingOrder {index:9;}">
                    <Coords points="925,1630 966,1630 966,1661 925,1661"/>
                    <TextEquiv>
                        <Unicode>de</Unicode>
                    </TextEquiv>
                    <TextStyle fontFamily="Times New Roman" fontSize="10.0"/>
                </Word>
                <Word id="w_w2aab1b7b2b3b3ac89" language="English" custom="readingOrder {index:10;}">
                    <Coords points="991,1632 1205,1632 1205,1669 991,1669"/>
                    <TextEquiv>
                        <Unicode>Beauvillers,</Unicode>
                    </TextEquiv>
                    <TextStyle fontFamily="Times New Roman" fontSize="10.0"/>
                </Word>
                <Word id="w_w2aab1b7b2b3b3ad115" language="English" custom="readingOrder {index:11;}">
                    <Coords points="1224,1631 1318,1631 1318,1661 1224,1661"/>
                    <TextEquiv>
                        <Unicode>lettre</Unicode>
                    </TextEquiv>
                    <TextStyle fontFamily="Times New Roman" fontSize="10.0"/>
                </Word>
                <TextEquiv>
                    <Unicode>de noms ; citons les principaux: le duc de Beauvillers, lettre</Unicode>
                </TextEquiv>
                <TextStyle fontFamily="Times New Roman" fontSize="10.0"/>
            </TextLine>
            <TextLine id="tl_18" primaryLanguage="English" custom="readingOrder {index:2;}">
                <Coords points="151,1684 1317,1684 1317,1722 151,1722"/>
                <Baseline points="151,1712 350,1714 423,1713 470,1713 634,1714 838,1713 896,1714 941,1714 1125,1715 1180,1714 1317,1721"/>
                <Word id="w_w2aab1b7b2b3b5ab1" language="English" custom="readingOrder {index:0;}">
                    <Coords points="151,1684 350,1684 350,1722 151,1722"/>
                    <TextEquiv>
                        <Unicode>importante</Unicode>
                    </TextEquiv>
                    <TextStyle fontFamily="Times New Roman" fontSize="10.0"/>
                </Word>
                <Word id="w_w2aab1b7b2b3b5ac23" language="English" custom="readingOrder {index:1;}">
                    <Coords points="366,1693 423,1693 423,1714 366,1714"/>
                    <TextEquiv>
                        <Unicode>sur</Unicode>
                    </TextEquiv>
                    <TextStyle fontFamily="Times New Roman" fontSize="10.0"/>
                </Word>
                <Word id="w_w2aab1b7b2b3b5ac31" language="English" custom="readingOrder {index:2;}">
                    <Coords points="438,1684 470,1684 470,1713 438,1713"/>
                    <TextEquiv>
                        <Unicode>la</Unicode>
                    </TextEquiv>
                    <TextStyle fontFamily="Times New Roman" fontSize="10.0"/>
                </Word>
                <Word id="w_w2aab1b7b2b3b5ac37" language="English" custom="readingOrder {index:3;}">
                    <Coords points="484,1684 634,1684 634,1714 484,1714"/>
                    <TextEquiv>
                        <Unicode>fameuse</Unicode>
                    </TextEquiv>
                    <TextStyle fontFamily="Times New Roman" fontSize="10.0"/>
                </Word>
                <Word id="w_w2aab1b7b2b3b5ac53" language="English" custom="readingOrder {index:4;}">
                    <Coords points="649,1684 838,1684 838,1722 649,1722"/>
                    <TextEquiv>
                        <Unicode>expédition</Unicode>
                    </TextEquiv>
                    <TextStyle fontFamily="Times New Roman" fontSize="10.0"/>
                </Word>
                <Word id="w_w2aab1b7b2b3b5ac75" language="English" custom="readingOrder {index:5;}">
                    <Coords points="857,1684 896,1684 896,1714 857,1714"/>
                    <TextEquiv>
                        <Unicode>de</Unicode>
                    </TextEquiv>
                    <TextStyle fontFamily="Times New Roman" fontSize="10.0"/>
                </Word>
                <Word id="w_w2aab1b7b2b3b5ac81" language="English" custom="readingOrder {index:6;}">
                    <Coords points="910,1685 941,1685 941,1714 910,1714"/>
                    <TextEquiv>
                        <Unicode>la</Unicode>
                    </TextEquiv>
                    <TextStyle fontFamily="Times New Roman" fontSize="10.0"/>
                </Word>
                <Word id="w_w2aab1b7b2b3b5ac87" language="English" custom="readingOrder {index:7;}">
                    <Coords points="956,1685 1125,1685 1125,1722 956,1722"/>
                    <TextEquiv>
                        <Unicode>princesse</Unicode>
                    </TextEquiv>
                    <TextStyle fontFamily="Times New Roman" fontSize="10.0"/>
                </Word>
                <Word id="w_w2aab1b7b2b3b5ad107" language="English" custom="readingOrder {index:8;}">
                    <Coords points="1139,1685 1180,1685 1180,1714 1139,1714"/>
                    <TextEquiv>
                        <Unicode>de</Unicode>
                    </TextEquiv>
                    <TextStyle fontFamily="Times New Roman" fontSize="10.0"/>
                </Word>
                <Word id="w_w2aab1b7b2b3b5ad113" language="English" custom="readingOrder {index:9;}">
                    <Coords points="1195,1685 1317,1685 1317,1721 1195,1721"/>
                    <TextEquiv>
                        <Unicode>Condé,</Unicode>
                    </TextEquiv>
                    <TextStyle fontFamily="Times New Roman" fontSize="10.0"/>
                </Word>
                <TextEquiv>
                    <Unicode>importante sur la fameuse expédition de la princesse de Condé,</Unicode>
                </TextEquiv>
                <TextStyle fontFamily="Times New Roman" fontSize="10.0"/>
            </TextLine>
            <TextLine id="tl_19" primaryLanguage="English" custom="readingOrder {index:3;}">
                <Coords points="152,1737 1316,1737 1316,1775 152,1775"/>
                <Baseline points="152,1767 327,1767 399,1767 546,1767 564,1775 748,1774 905,1774 1041,1767 1109,1768 1316,1775"/>
                <Word id="w_w2aab1b7b2b3b7ab1" language="English" custom="readingOrder {index:0;}">
                    <Coords points="152,1737 327,1737 327,1767 152,1767"/>
                    <TextEquiv>
                        <Unicode>Clémence</Unicode>
                    </TextEquiv>
                    <TextStyle fontFamily="Times New Roman" fontSize="10.0"/>
                </Word>
                <Word id="w_w2aab1b7b2b3b7ac19" language="English" custom="readingOrder {index:1;}">
                    <Coords points="358,1737 399,1737 399,1767 358,1767"/>
                    <TextEquiv>
                        <Unicode>de</Unicode>
                    </TextEquiv>
                    <TextStyle fontFamily="Times New Roman" fontSize="10.0"/>
                </Word>
                <Word id="w_w2aab1b7b2b3b7ac25" language="English" custom="readingOrder {index:2;}">
                    <Coords points="431,1737 546,1737 546,1767 431,1767"/>
                    <TextEquiv>
                        <Unicode>Maillé</Unicode>
                    </TextEquiv>
                    <TextStyle fontFamily="Times New Roman" fontSize="10.0"/>
                </Word>
                <Word id="w_w2aab1b7b2b3b7ac39" language="English" custom="readingOrder {index:3;}">
                    <Coords points="558,1747 564,1747 564,1775 558,1775"/>
                    <TextEquiv>
                        <Unicode>;</Unicode>
                    </TextEquiv>
                    <TextStyle fontFamily="Times New Roman" fontSize="10.0"/>
                </Word>
                <Word id="w_w2aab1b7b2b3b7ac43" language="English" custom="readingOrder {index:4;}">
                    <Coords points="592,1737 748,1737 748,1774 592,1774"/>
                    <TextEquiv>
                        <Unicode>Fénelon,</Unicode>
                    </TextEquiv>
                    <TextStyle fontFamily="Times New Roman" fontSize="10.0"/>
                </Word>
                <Word id="w_w2aab1b7b2b3b7ac61" language="English" custom="readingOrder {index:5;}">
                    <Coords points="777,1738 905,1738 905,1774 777,1774"/>
                    <TextEquiv>
                        <Unicode>Bufïon,</Unicode>
                    </TextEquiv>
                    <TextStyle fontFamily="Times New Roman" fontSize="10.0"/>
                </Word>
                <Word id="w_w2aab1b7b2b3b7ac77" language="English" custom="readingOrder {index:6;}">
                    <Coords points="934,1737 1041,1737 1041,1768 934,1768"/>
                    <TextEquiv>
                        <Unicode>l’abbé</Unicode>
                    </TextEquiv>
                    <TextStyle fontFamily="Times New Roman" fontSize="10.0"/>
                </Word>
                <Word id="w_w2aab1b7b2b3b7ac91" language="English" custom="readingOrder {index:7;}">
                    <Coords points="1068,1738 1109,1738 1109,1768 1068,1768"/>
                    <TextEquiv>
                        <Unicode>de</Unicode>
                    </TextEquiv>
                    <TextStyle fontFamily="Times New Roman" fontSize="10.0"/>
                </Word>
                <Word id="w_w2aab1b7b2b3b7ac97" language="English" custom="readingOrder {index:8;}">
                    <Coords points="1137,1738 1316,1738 1316,1775 1137,1775"/>
                    <TextEquiv>
                        <Unicode>Voisenon,</Unicode>
                    </TextEquiv>
                    <TextStyle fontFamily="Times New Roman" fontSize="10.0"/>
                </Word>
                <TextEquiv>
                    <Unicode>Clémence de Maillé; Fénelon, Buffon, l’abbé de Voisenon,</Unicode>
                </TextEquiv>
                <TextStyle fontFamily="Times New Roman" fontSize="10.0"/>
            </TextLine>
            <TextLine id="tl_20" primaryLanguage="English" custom="readingOrder {index:4;}">
                <Coords points="152,1790 1319,1790 1319,1829 152,1829"/>
                <Baseline points="152,1819 355,1825 521,1828 649,1827 731,1828 833,1820 912,1821 1020,1821 1055,1820 1102,1821 1221,1829 1319,1821"/>
                <Word id="w_w2aab1b7b2b3b9ab1" language="English" custom="readingOrder {index:0;}">
                    <Coords points="152,1791 355,1791 355,1825 152,1825"/>
                    <TextEquiv>
                        <Unicode>Valincourt,</Unicode>
                    </TextEquiv>
                    <TextStyle fontFamily="Times New Roman" fontSize="10.0"/>
                </Word>
                <Word id="w_w2aab1b7b2b3b9ac25" language="English" custom="readingOrder {index:1;}">
                    <Coords points="378,1790 521,1790 521,1828 378,1828"/>
                    <TextEquiv>
                        <Unicode>Florian,</Unicode>
                    </TextEquiv>
                    <TextStyle fontFamily="Times New Roman" fontSize="10.0"/>
                </Word>
                <Word id="w_w2aab1b7b2b3b9ac43" language="English" custom="readingOrder {index:2;}">
                    <Coords points="538,1791 649,1791 649,1827 538,1827"/>
                    <TextEquiv>
                        <Unicode>Ducis,</Unicode>
                    </TextEquiv>
                    <TextStyle fontFamily="Times New Roman" fontSize="10.0"/>
                </Word>
                <Word id="w_w2aab1b7b2b3b9ac57" language="English" custom="readingOrder {index:3;}">
                    <Coords points="664,1791 731,1791 731,1829 664,1829"/>
                    <TextEquiv>
                        <Unicode>qui,</Unicode>
                    </TextEquiv>
                    <TextStyle fontFamily="Times New Roman" fontSize="10.0"/>
                </Word>
                <Word id="w_w2aab1b7b2b3b9ac67" language="English" custom="readingOrder {index:4;}">
                    <Coords points="749,1791 833,1791 833,1820 749,1820"/>
                    <TextEquiv>
                        <Unicode>dans</Unicode>
                    </TextEquiv>
                    <TextStyle fontFamily="Times New Roman" fontSize="10.0"/>
                </Word>
                <Word id="w_w2aab1b7b2b3b9ac77" language="English" custom="readingOrder {index:5;}">
                    <Coords points="848,1799 912,1799 912,1821 848,1821"/>
                    <TextEquiv>
                        <Unicode>une</Unicode>
                    </TextEquiv>
                    <TextStyle fontFamily="Times New Roman" fontSize="10.0"/>
                </Word>
                <Word id="w_w2aab1b7b2b3b9ac85" language="English" custom="readingOrder {index:6;}">
                    <Coords points="928,1791 1020,1791 1020,1821 928,1821"/>
                    <TextEquiv>
                        <Unicode>lettre</Unicode>
                    </TextEquiv>
                    <TextStyle fontFamily="Times New Roman" fontSize="10.0"/>
                </Word>
                <Word id="w_w2aab1b7b2b3b9ac99" language="English" custom="readingOrder {index:7;}">
                    <Coords points="1036,1792 1055,1792 1055,1820 1036,1820"/>
                    <TextEquiv>
                        <Unicode>à</Unicode>
                    </TextEquiv>
                    <TextStyle fontFamily="Times New Roman" fontSize="10.0"/>
                </Word>
                <Word id="w_w2aab1b7b2b3b9ad103" language="English" custom="readingOrder {index:8;}">
                    <Coords points="1065,1800 1102,1800 1102,1821 1065,1821"/>
                    <TextEquiv>
                        <Unicode>sa</Unicode>
                    </TextEquiv>
                    <TextStyle fontFamily="Times New Roman" fontSize="10.0"/>
                </Word>
                <Word id="w_w2aab1b7b2b3b9ad109" language="English" custom="readingOrder {index:9;}">
                    <Coords points="1116,1792 1221,1792 1221,1829 1116,1829"/>
                    <TextEquiv>
                        <Unicode>nièce,</Unicode>
                    </TextEquiv>
                    <TextStyle fontFamily="Times New Roman" fontSize="10.0"/>
                </Word>
                <Word id="w_w2aab1b7b2b3b9ad123" language="English" custom="readingOrder {index:10;}">
                    <Coords points="1236,1799 1319,1799 1319,1821 1236,1821"/>
                    <TextEquiv>
                        <Unicode>nous</Unicode>
                    </TextEquiv>
                    <TextStyle fontFamily="Times New Roman" fontSize="10.0"/>
                </Word>
                <TextEquiv>
                    <Unicode>Valincourt, Florian, Ducis, qui, dans une lettre à sa nièce, nous</Unicode>
                </TextEquiv>
                <TextStyle fontFamily="Times New Roman" fontSize="10.0"/>
            </TextLine>
            <TextLine id="tl_21" primaryLanguage="English" custom="readingOrder {index:5;}">
                <Coords points="153,1844 1317,1844 1317,1883 153,1883"/>
                <Baseline points="153,1872 246,1873 324,1873 458,1874 514,1873 568,1873 635,1873 778,1873 879,1873 1088,1882 1317,1883"/>
                <Word id="w_w2aab1b7b2b3c11ab1" language="English" custom="readingOrder {index:0;}">
                    <Coords points="153,1844 246,1844 246,1874 153,1874"/>
                    <TextEquiv>
                        <Unicode>initie</Unicode>
                    </TextEquiv>
                    <TextStyle fontFamily="Times New Roman" fontSize="10.0"/>
                </Word>
                <Word id="w_w2aab1b7b2b3c11ac15" language="English" custom="readingOrder {index:1;}">
                    <Coords points="260,1852 324,1852 324,1873 260,1873"/>
                    <TextEquiv>
                        <Unicode>aux</Unicode>
                    </TextEquiv>
                    <TextStyle fontFamily="Times New Roman" fontSize="10.0"/>
                </Word>
                <Word id="w_w2aab1b7b2b3c11ac23" language="English" custom="readingOrder {index:2;}">
                    <Coords points="339,1844 458,1844 458,1874 339,1874"/>
                    <TextEquiv>
                        <Unicode>détails</Unicode>
                    </TextEquiv>
                    <TextStyle fontFamily="Times New Roman" fontSize="10.0"/>
                </Word>
                <Word id="w_w2aab1b7b2b3c11ac39" language="English" custom="readingOrder {index:3;}">
                    <Coords points="474,1844 514,1844 514,1873 474,1873"/>
                    <TextEquiv>
                        <Unicode>de</Unicode>
                    </TextEquiv>
                    <TextStyle fontFamily="Times New Roman" fontSize="10.0"/>
                </Word>
                <Word id="w_w2aab1b7b2b3c11ac45" language="English" custom="readingOrder {index:4;}">
                    <Coords points="530,1852 568,1852 568,1873 530,1873"/>
                    <TextEquiv>
                        <Unicode>sa</Unicode>
                    </TextEquiv>
                    <TextStyle fontFamily="Times New Roman" fontSize="10.0"/>
                </Word>
                <Word id="w_w2aab1b7b2b3c11ac51" language="English" custom="readingOrder {index:5;}">
                    <Coords points="582,1845 635,1845 635,1873 582,1873"/>
                    <TextEquiv>
                        <Unicode>vie</Unicode>
                    </TextEquiv>
                    <TextStyle fontFamily="Times New Roman" fontSize="10.0"/>
                </Word>
                <Word id="w_w2aab1b7b2b3c11ac59" language="English" custom="readingOrder {index:6;}">
                    <Coords points="651,1844 778,1844 778,1873 651,1873"/>
                    <TextEquiv>
                        <Unicode>intime.</Unicode>
                    </TextEquiv>
                    <TextStyle fontFamily="Times New Roman" fontSize="10.0"/>
                </Word>
                <Word id="w_w2aab1b7b2b3c11ac75" language="English" custom="readingOrder {index:7;}">
                    <Coords points="801,1844 879,1844 879,1873 801,1873"/>
                    <TextEquiv>
                        <Unicode>Puis</Unicode>
                    </TextEquiv>
                    <TextStyle fontFamily="Times New Roman" fontSize="10.0"/>
                </Word>
                <Word id="w_w2aab1b7b2b3c11ac85" language="English" custom="readingOrder {index:8;}">
                    <Coords points="895,1844 1088,1844 1088,1882 895,1882"/>
                    <TextEquiv>
                        <Unicode>Condorcet,</Unicode>
                    </TextEquiv>
                    <TextStyle fontFamily="Times New Roman" fontSize="10.0"/>
                </Word>
                <Word id="w_w2aab1b7b2b3c11ad107" language="English" custom="readingOrder {index:9;}">
                    <Coords points="1106,1844 1317,1844 1317,1883 1106,1883"/>
                    <TextEquiv>
                        <Unicode>Marmontel,</Unicode>
                    </TextEquiv>
                    <TextStyle fontFamily="Times New Roman" fontSize="10.0"/>
                </Word>
                <TextEquiv>
                    <Unicode>initie aux détails de sa vie intime. Puis Condorcet, Marmontel,</Unicode>
                </TextEquiv>
                <TextStyle fontFamily="Times New Roman" fontSize="10.0"/>
            </TextLine>
            <TextLine id="tl_22" primaryLanguage="English" custom="readingOrder {index:6;}">
                <Coords points="153,1896 1316,1896 1316,1936 153,1936"/>
                <Baseline points="153,1927 244,1926 415,1934 554,1935 723,1935 893,1927 1007,1928 1046,1927 1241,1926 1276,1927 1299,1917 1316,1936"/>
                <Word id="w_w2aab1b7b2b3c13ab1" language="English" custom="readingOrder {index:0;}">
                    <Coords points="153,1897 244,1897 244,1927 153,1927"/>
                    <TextEquiv>
                        <Unicode>M.-J.</Unicode>
                    </TextEquiv>
                    <TextStyle fontFamily="Times New Roman" fontSize="10.0"/>
                </Word>
                <Word id="w_w2aab1b7b2b3c13ac13" language="English" custom="readingOrder {index:1;}">
                    <Coords points="263,1896 415,1896 415,1934 263,1934"/>
                    <TextEquiv>
                        <Unicode>Chénier,</Unicode>
                    </TextEquiv>
                    <TextStyle fontFamily="Times New Roman" fontSize="10.0"/>
                </Word>
                <Word id="w_w2aab1b7b2b3c13ac31" language="English" custom="readingOrder {index:2;}">
                    <Coords points="436,1897 554,1897 554,1935 436,1935"/>
                    <TextEquiv>
                        <Unicode>Bailly,</Unicode>
                    </TextEquiv>
                    <TextStyle fontFamily="Times New Roman" fontSize="10.0"/>
                </Word>
                <Word id="w_w2aab1b7b2b3c13ac47" language="English" custom="readingOrder {index:3;}">
                    <Coords points="572,1897 723,1897 723,1935 572,1935"/>
                    <TextEquiv>
                        <Unicode>Portalis,</Unicode>
                    </TextEquiv>
                    <TextStyle fontFamily="Times New Roman" fontSize="10.0"/>
                </Word>
                <Word id="w_w2aab1b7b2b3c13ac67" language="English" custom="readingOrder {index:4;}">
                    <Coords points="741,1897 893,1897 893,1927 741,1927"/>
                    <TextEquiv>
                        <Unicode>curieuse</Unicode>
                    </TextEquiv>
                    <TextStyle fontFamily="Times New Roman" fontSize="10.0"/>
                </Word>
                <Word id="w_w2aab1b7b2b3c13ac85" language="English" custom="readingOrder {index:5;}">
                    <Coords points="913,1897 1007,1897 1007,1928 913,1928"/>
                    <TextEquiv>
                        <Unicode>lettre</Unicode>
                    </TextEquiv>
                    <TextStyle fontFamily="Times New Roman" fontSize="10.0"/>
                </Word>
                <Word id="w_w2aab1b7b2b3c13ac99" language="English" custom="readingOrder {index:6;}">
                    <Coords points="1027,1899 1046,1899 1046,1927 1027,1927"/>
                    <TextEquiv>
                        <Unicode>à</Unicode>
                    </TextEquiv>
                    <TextStyle fontFamily="Times New Roman" fontSize="10.0"/>
                </Word>
                <Word id="w_w2aab1b7b2b3c13ad103" language="English" custom="readingOrder {index:7;}">
                    <Coords points="1069,1898 1241,1898 1241,1935 1069,1935"/>
                    <TextEquiv>
                        <Unicode>Napoléon</Unicode>
                    </TextEquiv>
                    <TextStyle fontFamily="Times New Roman" fontSize="10.0"/>
                </Word>
                <Word id="w_w2aab1b7b2b3c13ad121" language="English" custom="readingOrder {index:8;}">
                    <Coords points="1264,1899 1286,1899 1286,1927 1264,1927"/>
                    <TextEquiv>
                        <Unicode>I*</Unicode>
                    </TextEquiv>
                    <TextStyle fontFamily="Times New Roman" fontSize="10.0"/>
                </Word>
                <Word id="w_w2aab1b7b2b3c13b1b1" language="English" custom="readingOrder {index:9;}">
                    <Coords points="1289,1903 1299,1903 1299,1917 1289,1917"/>
                    <TextEquiv>
                        <Unicode>r</Unicode>
                    </TextEquiv>
                    <TextStyle fontFamily="Times New Roman" fontSize="10.0" superscript="true"/>
                </Word>
                <Word id="w_w2aab1b7b2b3c13b2b1" language="English" custom="readingOrder {index:10;}">
                    <Coords points="1309,1908 1316,1908 1316,1936 1309,1936"/>
                    <TextEquiv>
                        <Unicode>;</Unicode>
                    </TextEquiv>
                    <TextStyle fontFamily="Times New Roman" fontSize="10.0"/>
                </Word>
                <TextEquiv>
                    <Unicode>M.-J. Chénier, Bailly, Portalis, curieuse lettre à Napoléon Ier;</Unicode>
                </TextEquiv>
            </TextLine>
            <TextLine id="tl_23" primaryLanguage="English" custom="readingOrder {index:7;}">
                <Coords points="153,1949 1316,1949 1316,1989 153,1989"/>
                <Baseline points="153,1980 355,1986 466,1980 568,1980 726,1980 765,1980 888,1981 948,1980 1100,1980 1173,1981 1316,1973"/>
                <Word id="w_w2aab1b7b2b3c15ab1" language="English" custom="readingOrder {index:0;}">
                    <Coords points="153,1950 355,1950 355,1986 153,1986"/>
                    <TextEquiv>
                        <Unicode>Lamartine,</Unicode>
                    </TextEquiv>
                    <TextStyle fontFamily="Times New Roman" fontSize="10.0"/>
                </Word>
                <Word id="w_w2aab1b7b2b3c15ac23" language="English" custom="readingOrder {index:1;}">
                    <Coords points="372,1949 466,1949 466,1980 372,1980"/>
                    <TextEquiv>
                        <Unicode>lettre</Unicode>
                    </TextEquiv>
                    <TextStyle fontFamily="Times New Roman" fontSize="10.0"/>
                </Word>
                <Word id="w_w2aab1b7b2b3c15ac37" language="English" custom="readingOrder {index:2;}">
                    <Coords points="482,1950 568,1950 568,1980 482,1980"/>
                    <TextEquiv>
                        <Unicode>dans</Unicode>
                    </TextEquiv>
                    <TextStyle fontFamily="Times New Roman" fontSize="10.0"/>
                </Word>
                <Word id="w_w2aab1b7b2b3c15ac47" language="English" custom="readingOrder {index:3;}">
                    <Coords points="582,1950 726,1950 726,1989 582,1989"/>
                    <TextEquiv>
                        <Unicode>laquelle</Unicode>
                    </TextEquiv>
                    <TextStyle fontFamily="Times New Roman" fontSize="10.0"/>
                </Word>
                <Word id="w_w2aab1b7b2b3c15ac65" language="English" custom="readingOrder {index:4;}">
                    <Coords points="741,1951 765,1951 765,1980 741,1980"/>
                    <TextEquiv>
                        <Unicode>il</Unicode>
                    </TextEquiv>
                    <TextStyle fontFamily="Times New Roman" fontSize="10.0"/>
                </Word>
                <Word id="w_w2aab1b7b2b3c15ac71" language="English" custom="readingOrder {index:5;}">
                    <Coords points="781,1951 888,1951 888,1981 781,1981"/>
                    <TextEquiv>
                        <Unicode>essaie</Unicode>
                    </TextEquiv>
                    <TextStyle fontFamily="Times New Roman" fontSize="10.0"/>
                </Word>
                <Word id="w_w2aab1b7b2b3c15ac85" language="English" custom="readingOrder {index:6;}">
                    <Coords points="908,1951 948,1951 948,1980 908,1980"/>
                    <TextEquiv>
                        <Unicode>de</Unicode>
                    </TextEquiv>
                    <TextStyle fontFamily="Times New Roman" fontSize="10.0"/>
                </Word>
                <Word id="w_w2aab1b7b2b3c15ac91" language="English" custom="readingOrder {index:7;}">
                    <Coords points="967,1952 1100,1952 1100,1981 967,1981"/>
                    <TextEquiv>
                        <Unicode>nourrir</Unicode>
                    </TextEquiv>
                    <TextStyle fontFamily="Times New Roman" fontSize="10.0"/>
                </Word>
                <Word id="w_w2aab1b7b2b3c15ad107" language="English" custom="readingOrder {index:8;}">
                    <Coords points="1119,1959 1173,1959 1173,1981 1119,1981"/>
                    <TextEquiv>
                        <Unicode>ses</Unicode>
                    </TextEquiv>
                    <TextStyle fontFamily="Times New Roman" fontSize="10.0"/>
                </Word>
                <Word id="w_w2aab1b7b2b3c15ad115" language="English" custom="readingOrder {index:9;}">
                    <Coords points="1195,1952 1316,1952 1316,1981 1195,1981"/>
                    <TextEquiv>
                        <Unicode>créan¬</Unicode>
                    </TextEquiv>
                    <TextStyle fontFamily="Times New Roman" fontSize="10.0"/>
                </Word>
                <TextEquiv>
                    <Unicode>Lamartine, lettre dans laquelle il essaie de nourrir ses créan¬</Unicode>
                </TextEquiv>
                <TextStyle fontFamily="Times New Roman" fontSize="10.0"/>
            </TextLine>
            <TextLine id="tl_24" primaryLanguage="English" custom="readingOrder {index:8;}">
                <Coords points="153,2003 1316,2003 1316,2041 153,2041"/>
                <Baseline points="153,2033 241,2033 297,2033 366,2033 521,2033 692,2033 769,2033 878,2034 940,2034 998,2034 1146,2034 1164,2041 1316,2041"/>
                <Word id="w_w2aab1b7b2b3c17ab1" language="English" custom="readingOrder {index:0;}">
                    <Coords points="153,2004 241,2004 241,2033 153,2033"/>
                    <TextEquiv>
                        <Unicode>ciers</Unicode>
                    </TextEquiv>
                    <TextStyle fontFamily="Times New Roman" fontSize="10.0"/>
                </Word>
                <Word id="w_w2aab1b7b2b3c17ac13" language="English" custom="readingOrder {index:1;}">
                    <Coords points="256,2003 297,2003 297,2033 256,2033"/>
                    <TextEquiv>
                        <Unicode>de</Unicode>
                    </TextEquiv>
                    <TextStyle fontFamily="Times New Roman" fontSize="10.0"/>
                </Word>
                <Word id="w_w2aab1b7b2b3c17ac19" language="English" custom="readingOrder {index:2;}">
                    <Coords points="311,2012 366,2012 366,2033 311,2033"/>
                    <TextEquiv>
                        <Unicode>ses</Unicode>
                    </TextEquiv>
                    <TextStyle fontFamily="Times New Roman" fontSize="10.0"/>
                </Word>
                <Word id="w_w2aab1b7b2b3c17ac27" language="English" custom="readingOrder {index:3;}">
                    <Coords points="381,2012 521,2012 521,2041 381,2041"/>
                    <TextEquiv>
                        <Unicode>propres</Unicode>
                    </TextEquiv>
                    <TextStyle fontFamily="Times New Roman" fontSize="10.0"/>
                </Word>
                <Word id="w_w2aab1b7b2b3c17ac43" language="English" custom="readingOrder {index:4;}">
                    <Coords points="541,2003 692,2003 692,2034 541,2034"/>
                    <TextEquiv>
                        <Unicode>illusions</Unicode>
                    </TextEquiv>
                    <TextStyle fontFamily="Times New Roman" fontSize="10.0"/>
                </Word>
                <Word id="w_w2aab1b7b2b3c17ac63" language="English" custom="readingOrder {index:5;}">
                    <Coords points="711,2013 769,2013 769,2034 711,2034"/>
                    <TextEquiv>
                        <Unicode>sur</Unicode>
                    </TextEquiv>
                    <TextStyle fontFamily="Times New Roman" fontSize="10.0"/>
                </Word>
                <Word id="w_w2aab1b7b2b3c17ac71" language="English" custom="readingOrder {index:6;}">
                    <Coords points="789,2004 878,2004 878,2034 789,2034"/>
                    <TextEquiv>
                        <Unicode>l’état</Unicode>
                    </TextEquiv>
                    <TextStyle fontFamily="Times New Roman" fontSize="10.0"/>
                </Word>
                <Word id="w_w2aab1b7b2b3c17ac85" language="English" custom="readingOrder {index:7;}">
                    <Coords points="900,2004 940,2004 940,2034 900,2034"/>
                    <TextEquiv>
                        <Unicode>de</Unicode>
                    </TextEquiv>
                    <TextStyle fontFamily="Times New Roman" fontSize="10.0"/>
                </Word>
                <Word id="w_w2aab1b7b2b3c17ac91" language="English" custom="readingOrder {index:8;}">
                    <Coords points="961,2013 998,2013 998,2034 961,2034"/>
                    <TextEquiv>
                        <Unicode>sa</Unicode>
                    </TextEquiv>
                    <TextStyle fontFamily="Times New Roman" fontSize="10.0"/>
                </Word>
                <Word id="w_w2aab1b7b2b3c17ac97" language="English" custom="readingOrder {index:9;}">
                    <Coords points="1018,2004 1146,2004 1146,2034 1018,2034"/>
                    <TextEquiv>
                        <Unicode>fortune</Unicode>
                    </TextEquiv>
                    <TextStyle fontFamily="Times New Roman" fontSize="10.0"/>
                </Word>
                <Word id="w_w2aab1b7b2b3c17ad113" language="English" custom="readingOrder {index:10;}">
                    <Coords points="1158,2014 1164,2014 1164,2041 1158,2041"/>
                    <TextEquiv>
                        <Unicode>;</Unicode>
                    </TextEquiv>
                    <TextStyle fontFamily="Times New Roman" fontSize="10.0"/>
                </Word>
                <Word id="w_w2aab1b7b2b3c17ad117" language="English" custom="readingOrder {index:11;}">
                    <Coords points="1187,2004 1316,2004 1316,2041 1187,2041"/>
                    <TextEquiv>
                        <Unicode>Thiers,</Unicode>
                    </TextEquiv>
                    <TextStyle fontFamily="Times New Roman" fontSize="10.0"/>
                </Word>
                <TextEquiv>
                    <Unicode>ciers de ses propres illusions sur l’état de sa fortune; Thiers,</Unicode>
                </TextEquiv>
                <TextStyle fontFamily="Times New Roman" fontSize="10.0"/>
            </TextLine>
            <TextLine id="tl_25" primaryLanguage="English" custom="readingOrder {index:9;}">
                <Coords points="153,2056 995,2056 995,2096 153,2096"/>
                <Baseline points="153,2085 291,2087 326,2087 371,2087 542,2086 718,2088 775,2088 821,2087 995,2088"/>
                <Word id="w_w2aab1b7b2b3c19ab1" language="English" custom="readingOrder {index:0;}">
                    <Coords points="153,2057 291,2057 291,2087 153,2087"/>
                    <TextEquiv>
                        <Unicode>relative</Unicode>
                    </TextEquiv>
                    <TextStyle fontFamily="Times New Roman" fontSize="10.0"/>
                </Word>
                <Word id="w_w2aab1b7b2b3c19ac19" language="English" custom="readingOrder {index:1;}">
                    <Coords points="307,2058 326,2058 326,2087 307,2087"/>
                    <TextEquiv>
                        <Unicode>à</Unicode>
                    </TextEquiv>
                    <TextStyle fontFamily="Times New Roman" fontSize="10.0"/>
                </Word>
                <Word id="w_w2aab1b7b2b3c19ac23" language="English" custom="readingOrder {index:2;}">
                    <Coords points="340,2056 371,2056 371,2087 340,2087"/>
                    <TextEquiv>
                        <Unicode>la</Unicode>
                    </TextEquiv>
                    <TextStyle fontFamily="Times New Roman" fontSize="10.0"/>
                </Word>
                <Word id="w_w2aab1b7b2b3c19ac29" language="English" custom="readingOrder {index:3;}">
                    <Coords points="386,2056 542,2056 542,2087 386,2087"/>
                    <TextEquiv>
                        <Unicode>situation</Unicode>
                    </TextEquiv>
                    <TextStyle fontFamily="Times New Roman" fontSize="10.0"/>
                </Word>
                <Word id="w_w2aab1b7b2b3c19ac49" language="English" custom="readingOrder {index:4;}">
                    <Coords points="559,2057 718,2057 718,2096 559,2096"/>
                    <TextEquiv>
                        <Unicode>politique</Unicode>
                    </TextEquiv>
                    <TextStyle fontFamily="Times New Roman" fontSize="10.0"/>
                </Word>
                <Word id="w_w2aab1b7b2b3c19ac69" language="English" custom="readingOrder {index:5;}">
                    <Coords points="734,2057 775,2057 775,2088 734,2088"/>
                    <TextEquiv>
                        <Unicode>de</Unicode>
                    </TextEquiv>
                    <TextStyle fontFamily="Times New Roman" fontSize="10.0"/>
                </Word>
                <Word id="w_w2aab1b7b2b3c19ac75" language="English" custom="readingOrder {index:6;}">
                    <Coords points="791,2058 821,2058 821,2087 791,2087"/>
                    <TextEquiv>
                        <Unicode>la</Unicode>
                    </TextEquiv>
                    <TextStyle fontFamily="Times New Roman" fontSize="10.0"/>
                </Word>
                <Word id="w_w2aab1b7b2b3c19ac81" language="English" custom="readingOrder {index:7;}">
                    <Coords points="838,2058 995,2058 995,2095 838,2095"/>
                    <TextEquiv>
                        <Unicode>Hongrie.</Unicode>
                    </TextEquiv>
                    <TextStyle fontFamily="Times New Roman" fontSize="10.0"/>
                </Word>
                <TextEquiv>
                    <Unicode>relative à la situation politique de la Hongrie.</Unicode>
                </TextEquiv>
                <TextStyle fontFamily="Times New Roman" fontSize="10.0"/>
            </TextLine>
            <TextEquiv>
                <Unicode>L’Académie française est représentée par un certain nombre
de noms ; citons les principaux: le duc de Beauvillers, lettre
importante sur la fameuse expédition de la princesse de Condé,
Clémence de Maillé; Fénelon, Buffon, l’abbé de Voisenon,
Valincourt, Florian, Ducis, qui, dans une lettre à sa nièce, nous
initie aux détails de sa vie intime. Puis Condorcet, Marmontel,
M.-J. Chénier, Bailly, Portalis, curieuse lettre à Napoléon Ier;
Lamartine, lettre dans laquelle il essaie de nourrir ses créan¬
ciers de ses propres illusions sur l’état de sa fortune; Thiers,
relative à la situation politique de la Hongrie.</Unicode>
            </TextEquiv>
        </TextRegion>
        <SeparatorRegion id="r_5" custom="readingOrder {index:13;}">
            <Coords points="136,156 1296,156 1296,170 136,170"/>
        </SeparatorRegion>
        <SeparatorRegion id="r_6" custom="readingOrder {index:14;}">
            <Coords points="147,826 1308,826 1308,834 147,834"/>
        </SeparatorRegion>
        <SeparatorRegion id="r_7" custom="readingOrder {index:15;}">
            <Coords points="151,1019 1298,1019 1298,1024 151,1024"/>
        </SeparatorRegion>
        <SeparatorRegion id="r_8" custom="readingOrder {index:16;}">
            <Coords points="626,1252 849,1252 849,1255 626,1255"/>
        </SeparatorRegion>
    </Page>
</PcGts>
