1424 2299
662 51 692 82 -
712 51 728 82 3
747 72 781 76 —

179 131 343 169 L’époque
359 131 399 161 de
415 131 444 160 la
463 131 662 161 Révolution
679 140 764 161 nous
779 131 901 161 fournit
916 140 981 161 une
996 132 1139 170 superbe
1161 132 1253 162 lettre
1264 131 1305 161 de

139 184 361 222 Robespierre
378 186 408 214 et
423 193 487 214 une
503 184 543 214 de
559 185 682 223 Joseph
699 185 822 222 Lebon,
839 185 880 214 de
898 185 929 215 la
946 186 1021 223 plus
1039 185 1165 222 grande
1181 185 1305 223 impor¬

139 239 245 274 tance,
262 236 418 267 adressée
433 239 450 267 à
467 238 700 276 Robespierre,
718 238 796 277 qu’il
822 240 957 276 conjure
982 238 1022 268 de
1045 239 1239 269 renouveler
1270 247 1306 268 sa

140 291 266 320 motion
282 292 394 321 contre
404 291 434 321 le
448 291 570 321 célibat
578 291 637 322 des
649 293 791 330 prêtres;
812 291 994 330 Mirabeau,
1010 292 1152 330 Fouché,
1168 294 1307 330 prenant

141 344 172 374 la
191 344 327 374 défense
347 344 406 374 des
422 345 601 375 Parisiens.

182 403 398 433 Littérateurs
414 404 446 432 et
469 404 582 441 poètes
604 403 750 439 français
771 413 776 432 :
809 404 933 433 Pontus
964 403 1005 433 de
1031 403 1152 442 Tyard,
1178 411 1221 433 un
1247 403 1307 433 des

142 458 256 494 poètes
280 456 321 487 de
341 456 372 486 la
399 456 559 491 Pléiade;
589 456 830 493 Saint-Simon,
857 456 995 486 l’auteur
1019 456 1079 486 des
1104 455 1308 492 Mémoires;

142 511 221 539 J.-J.
251 511 435 547 Rousseau,
466 511 500 539 P.
522 509 634 548 Bayle,
663 510 773 547 Piron,
804 510 932 547 Balzac,
959 510 1171 546 Lamennais,
1201 510 1306 547 Méry,

143 562 281 600 Sardou,
293 563 475 593 manuscrit
485 562 526 593 de
537 563 568 592 la
576 563 721 592 Famille
731 564 898 592 Benoîton
903 580 952 593 .—
963 563 1143 601 Etrangers
1154 573 1159 593 :
1171 563 1307 600 Goethe,

143 616 301 654 Ruckert,
318 617 512 655 Klopstock,
526 617 679 647 curieuse
695 617 790 647 lettre
805 624 845 646 en
860 616 1016 654 français,
1034 625 1070 646 ce
1086 617 1142 655 qui
1159 619 1209 647 est
1223 625 1307 652 rare,

143 672 175 699 et
190 670 318 700 Walter
333 671 433 701 Scott.
451 687 488 691 —
501 671 642 701 Savants
657 680 662 699 :
685 670 823 700 Newton
842 672 874 700 et
888 671 1017 700 Worm.

184 728 353 765 Peintres,
379 728 614 758 Dessinateurs
648 729 680 757 et
710 728 940 758 Architectes:
970 727 1129 765 Soufflet,
1163 727 1312 757 donnant

145 781 395 811 d’intéressants
415 781 535 811 détails
558 789 615 811 sur
640 781 688 811 les
710 784 849 811 travaux
879 781 922 810 du
954 781 1123 811 Panthéon
1135 791 1141 819 ;
1175 781 1310 818 Claude,

146 835 283 871 Vernet,
313 834 407 865 lettre
433 834 636 872 légèrement
654 835 788 872 acerbe,
816 843 859 864 au
885 835 1035 873 marquis
1068 834 1109 864 de
1141 834 1310 872 Marigny;

146 887 239 917 C.-A.
258 887 389 926 Coypel,
407 888 544 918 Moreau
555 887 667 926 jeune,
690 887 854 926 Choffard,
872 888 1001 926 Isabey,
1022 888 1139 926 David,
1159 888 1194 918 G.
1214 888 1311 923 Doré,

147 942 236 979 Diaz,
254 941 448 980 Chintreuil,
474 942 604 973 Protais
626 944 658 972 et
679 941 839 979 Mackart,
863 941 893 972 le
916 942 1043 980 peintre
1066 941 1263 980 autrichien,
1285 941 1312 971 si

148 1003 257 1025 connu
277 1004 337 1034 par
354 1004 414 1026 son
432 996 562 1026 tableau
578 995 618 1026 de
636 996 644 1025 l
648 996 784 1025 'Entrée
796 995 835 1025 de
851 995 1118 1029 Charles-Quint
1135 997 1154 1024 à
1170 995 1311 1025 Anvers.

189 1053 371 1084 Musiciens
383 1063 388 1083 :
405 1053 617 1090 Guillemain,
634 1053 777 1091 premier
790 1053 900 1083 violon
913 1053 954 1083 de
968 1053 1070 1083 Louis
1083 1054 1143 1083 XV
1152 1063 1158 1091 ;
1177 1054 1313 1086 Gossec,

149 1107 278 1146 Grétry,
315 1107 452 1137 Flotow.
488 1107 568 1137 Puis
604 1107 686 1137 trois
721 1107 834 1137 lettres
868 1107 927 1137 des
966 1106 1042 1144 plus
1076 1107 1246 1137 curieuses
1275 1106 1316 1136 de

150 1161 294 1198 Rossini,
316 1161 385 1190 Litz
405 1163 436 1190 et
451 1160 546 1190 Carlo
563 1161 698 1197 Mozart,
724 1159 777 1190 fils
801 1160 876 1189 aîné
903 1159 944 1190 de
968 1159 1121 1190 l’illustre
1141 1159 1316 1197 composi¬

151 1215 233 1251 teur,
258 1213 414 1244 relatives
438 1215 457 1243 à
475 1214 507 1243 la
533 1213 749 1250 célébration,
772 1214 790 1243 à
806 1213 945 1249 Vienne,
963 1213 1006 1242 du
1024 1213 1215 1243 centenaire
1231 1212 1272 1243 de
1286 1214 1317 1243 la

150 1267 325 1297 naissance
341 1266 382 1296 de
398 1267 533 1296 Mozart.
552 1266 645 1295 Enfin
662 1274 726 1296 une
746 1266 840 1296 lettre
861 1266 902 1296 de
922 1265 999 1295 dom
1016 1266 1057 1296 de
1073 1266 1210 1303 Vaines,
1228 1268 1317 1296 toute

150 1319 289 1350 relative
305 1321 323 1349 à
342 1319 373 1349 la
391 1319 554 1358 musique.

192 1374 332 1403 Acteurs
354 1375 386 1403 et
407 1372 564 1403 actrices:
591 1374 626 1402 L.
656 1372 856 1411 Riccoboni;
886 1372 946 1401 M“"
972 1372 1113 1410 Vestris,
1142 1372 1237 1402 lettre
1259 1380 1317 1402 sur

151 1426 289 1456 l’affaire
315 1426 434 1464 qu’elle
462 1428 516 1456 eut
541 1433 622 1455 avec
649 1426 709 1455 M"“
739 1425 778 1455 de
817 1424 1006 1462 Saint-Val;
1039 1425 1316 1464 Saint-Huberty,

150 1479 272 1517 Sophie
311 1479 459 1516 Arnoult,
494 1478 604 1516 pleine
641 1478 682 1508 de
725 1479 896 1509 tendresse
930 1486 1014 1516 pour
1049 1478 1078 1508 la
1118 1478 1240 1508 femme
1277 1479 1318 1508 de

151 1533 353 1563 l’architecte
378 1532 566 1570 Bellanger,
593 1540 654 1562 son
682 1534 807 1566 amant;
830 1532 967 1568 Rachel,
993 1531 1186 1562 charmante
1214 1533 1318 1570 épître

150 1586 307 1616 adressée
322 1587 340 1616 à
356 1586 387 1615 la
403 1587 494 1615 mère
509 1585 550 1615 de
566 1585 700 1615 l’acteur
716 1585 866 1615 Samson.

190 1640 325 1669 Divers:
351 1639 486 1669 Villiers
509 1638 549 1669 de
570 1638 794 1675 l’Isle-Adam,
812 1637 1056 1676 grand-maître
1075 1638 1115 1668 de
1136 1638 1257 1668 l’ordre
1278 1639 1318 1668 de

151 1693 267 1730 Malte;
301 1693 393 1722 J.-A.
426 1692 466 1722 de
490 1692 596 1729 Thou,
624 1691 819 1728 l’historien,
857 1691 944 1720 saint
974 1691 1115 1722 Vincent
1149 1691 1189 1721 de
1226 1691 1318 1727 Paul,

152 1745 276 1775 Latude
288 1755 294 1783 ;
324 1746 426 1775 Henri
453 1745 493 1775 de
520 1746 567 1774 La
594 1746 691 1782 Tour,
720 1744 784 1774 duc
810 1744 851 1774 de
873 1744 1038 1782 Bouillon,
1067 1744 1243 1783 indiquant
1271 1745 1319 1774 les

152 1799 250 1829 bases
264 1798 362 1829 d’une
378 1800 511 1828 entente
526 1797 675 1836 possible
694 1800 787 1827 entre
811 1797 860 1827 les
883 1797 1086 1828 Protestants
1101 1800 1133 1828 et
1148 1798 1253 1828 Marie
1278 1798 1319 1828 de

152 1852 303 1882 Médicis.

192 1906 285 1935 Nous
305 1913 347 1934 ne
368 1913 517 1942 pouvons
532 1904 642 1934 mieux
663 1904 820 1934 terminer
835 1904 865 1933 la
881 1912 981 1934 revue
997 1903 1037 1933 de
1060 1906 1145 1934 cette
1164 1904 1320 1934 brillante

152 1958 277 1996 galerie
301 1966 364 1996 que
391 1966 451 1996 par
478 1957 509 1987 la
534 1957 680 1987 mention
709 1956 853 1995 spéciale
884 1957 924 1987 de
954 1957 1116 1995 quelques
1144 1965 1319 1987 morceaux

152 2012 317 2042 vraiment
341 2011 420 2042 hors
444 2010 534 2048 ligne
549 2020 554 2040 :
579 2011 640 2040 M"°
661 2010 702 2039 de
724 2009 878 2048 Sévigné,
905 2010 1110 2049 autographe
1138 2018 1179 2040 en
1202 2009 1322 2049 parfait
