1424 2245
611 91 642 96 -
663 75 679 102 4
699 92 731 97 -

90 151 156 182 état
168 150 209 182 de
225 151 456 182 conservation
472 151 609 181 adressé
625 153 644 181 à
659 152 800 190 Ménage
814 154 844 182 et
855 152 1002 183 d’autant
1013 153 1088 190 plus
1100 153 1253 191 précieux

90 206 169 245 qu’il
192 207 286 244 porte
311 214 348 235 sa
374 205 560 243 signature;
583 206 832 242 généralement
852 206 900 236 les
920 206 1032 236 lettres
1046 207 1103 244 qui
1120 209 1256 245 passent

90 259 175 289 dans
201 259 250 289 les
274 261 389 289 ventes
416 267 457 289 ne
486 260 562 289 sont
586 259 876 297 qu’autographes.
909 259 947 289 —
976 259 1089 289 Marie
1116 260 1254 297 Stuart,

89 312 292 351 autographe
316 312 499 349 rarissime,
519 321 561 342 au
577 313 662 350 sujet
678 312 718 342 de
735 312 764 341 la
780 311 915 342 bataille
931 312 972 342 de
987 312 1253 349 Saint-Quentin.

89 382 125 387 —
143 367 215 397 Une
239 367 333 396 lettre
356 366 560 404 autographe
585 366 699 404 signée
723 365 762 395 de
787 366 929 405 Jacques
951 365 1086 406 Amyot,
1113 367 1256 397 termine

89 420 284 458 dignement
321 421 405 450 cette
440 420 527 450 série
559 419 618 449 des
653 419 729 457 plus
752 419 1014 458 remarquables.
1051 420 1114 450 Les
1143 421 1256 450 lettres

89 473 275 504 seulement
300 474 434 511 signées
462 473 503 503 de
525 473 570 502 lui
595 481 638 503 ne
660 475 735 503 sont
754 482 815 511 pas
837 473 1076 509 introuvables,
1098 474 1183 503 mais
1207 473 1257 504 les

89 527 203 558 lettres
222 527 444 565 autographes
460 527 605 564 signées,
624 526 712 556 voilà
728 534 765 556 ce
778 527 835 565 qui
852 527 990 556 n’existe
1014 526 1100 556 dans
1126 535 1256 556 aucune

88 581 148 611 des
158 581 354 611 collections
362 580 560 618 françaises,
572 581 682 610 même
691 580 739 610 les
748 580 825 618 plus
836 580 956 610 riches.
970 579 1012 610 Ce
1025 579 1256 609 desideratum

88 643 163 665 sera
179 634 312 672 disputé
332 642 413 664 avec
429 633 578 664 d’autant
591 633 666 672 plus
682 633 835 664 d’ardeur
854 642 919 673 que
941 634 971 664 la
992 633 1088 664 lettre
1104 636 1154 664 est
1169 633 1256 664 belle

87 690 119 718 et
135 688 449 719 très-intéressante.

403 780 936 818 BIBLIOGRAPHIE.

126 867 170 896 M.
202 866 231 896 le
256 866 360 896 baron
385 866 518 904 Kervyn
542 864 583 895 de
614 864 827 903 Lettenhove,
857 865 897 896 de
927 866 1067 904 Bruges,
1095 865 1185 895 vient
1216 865 1256 895 de

86 920 218 959 publier
245 928 310 949 une
337 919 445 949 notice
471 918 511 948 de
531 920 610 957 près
626 918 666 948 de
686 918 745 948 200
763 926 867 956 pages
882 927 939 948 sur
965 919 1013 949 les
1033 918 1258 956 autographes

86 973 201 1010 légués
221 981 282 1011 par
310 973 353 1001 M.
376 973 405 1001 le
432 972 537 1002 baron
561 971 602 1001 de
624 972 780 1009 Stassart,
809 973 828 1001 à
855 971 1058 1002 l’Académie
1081 972 1192 1011 royale
1216 972 1257 1002 de

86 1026 258 1064 Belgique.
276 1025 365 1055 Cette
384 1025 572 1062 collection,
590 1033 654 1063 peu
670 1033 799 1054 connue
814 1025 874 1054 des
893 1027 1074 1063 amateurs,
1092 1025 1258 1055 renferme

86 1079 146 1109 des
172 1080 285 1117 pièces
306 1078 557 1117 remarquables
584 1086 626 1107 au
652 1078 745 1116 point
766 1078 806 1108 de
831 1086 894 1108 vue
921 1078 1116 1117 historique,
1140 1078 1259 1116 depuis

86 1133 116 1162 le
143 1137 202 1162 xix”
224 1132 325 1162 siècle
352 1132 482 1169 jusqu’à
508 1140 568 1161 nos
583 1131 687 1170 jours.
718 1132 761 1161 M.
788 1132 920 1169 Kervyn
944 1131 985 1161 de
1012 1131 1216 1162 Lettenhove
1240 1140 1259 1161 a

85 1186 219 1224 analysé
240 1187 271 1216 et
295 1186 404 1215 même
428 1185 542 1222 publié
570 1185 777 1222 in-extenso,
807 1192 887 1214 avec
913 1185 1179 1223 commentaires,
1210 1184 1259 1215 les

85 1239 199 1277 pièces
219 1239 268 1268 les
288 1238 364 1276 plus
379 1238 628 1274 intéressantes,
645 1237 791 1267 classées
807 1246 865 1275 par
882 1238 980 1268 ordre
996 1238 1259 1277 chronologique

87 1294 119 1322 et
127 1291 235 1330 parmi
245 1291 425 1330 lesquelles
436 1299 478 1320 on
489 1299 666 1329 remarque
680 1290 729 1320 les
739 1299 836 1320 noms
848 1291 1015 1321 suivants:
1030 1292 1142 1329 Agnès
1153 1292 1258 1329 Sorel,

87 1346 229 1383 Jacques
241 1344 345 1377 Cœur,
360 1344 390 1374 le
407 1343 573 1374 chevalier
585 1343 771 1374 Guillaume
785 1345 949 1381 Hugonet,
963 1345 1106 1383 Bayard,
1123 1344 1258 1382 Luther,

89 1398 247 1437 Zwingle,
266 1397 403 1428 Charles
416 1398 471 1435 IX,
485 1398 589 1427 Marie
600 1397 720 1434 Stuart,
734 1397 875 1427 l’amiral
890 1398 1092 1437 deColigny,
1110 1398 1211 1428 Louis
1227 1400 1260 1428 I"

90 1452 131 1482 de
147 1451 270 1489 Coudé,
290 1452 427 1489 Racine,
445 1451 593 1488 Boileau,
612 1452 686 1488 etc.,
709 1452 769 1481 etc.

125 1545 592 1596 AUTOGRAPHES
640 1546 672 1594 A
719 1545 874 1595 PRIX
932 1537 1229 1600 MARQUÉS

373 1615 548 1642 MAISON
572 1614 715 1642 Gabriel
736 1615 983 1642 CHARAVAY

93 1664 222 1701 Dirigée
243 1665 300 1700 par
319 1665 461 1698 Eugène
478 1664 725 1691 CHARAVAY
744 1664 826 1697 Fils,
848 1665 960 1699 expert
980 1672 1018 1691 en
1035 1664 1261 1701 autographes,

439 1718 469 1747 8,
493 1717 559 1748 QUAI
583 1717 617 1743 DU
641 1717 762 1747 LOUVRE,
787 1718 802 1742 A
825 1717 916 1743 PARIS.

94 1789 297 1814 Abréviations
313 1796 322 1813 :
338 1788 366 1813 L.
383 1795 410 1812 a.
427 1788 460 1817 s.,
477 1788 562 1813 lettre
574 1788 754 1820 autographe
771 1790 797 1812 et
810 1788 921 1819 signée;
940 1788 1027 1813 Acad,
1040 1788 1092 1819 fr.,
1106 1789 1263 1814 Académie

185 1821 350 1852 française;
363 1819 473 1849 Sousc.,
490 1819 680 1852 compliment
694 1819 861 1844 terminant
874 1818 903 1844 la
917 1818 1016 1849 lettre;
1031 1820 1076 1848 P.,
1085 1826 1168 1851 page.

133 1899 143 1925 1
166 1897 345 1932 Aiguillon
370 1896 482 1932 (M.-M.
508 1897 539 1923 de
563 1896 697 1930 Vignerod
729 1896 765 1922 du
792 1895 999 1929 Pont-Courlay,
1029 1895 1183 1923 duchesse
1214 1895 1262 1930 d’),

166 1932 256 1960 dame
284 1932 321 1960 de
346 1932 520 1966 Combalet,
546 1931 635 1959 nièce
660 1931 697 1958 de
720 1930 901 1964 Richelieu,
917 1930 982 1958 fort
1002 1930 1183 1959 maltraitée
1208 1939 1264 1967 par

165 1968 347 1996 Tallemant
369 1968 422 1995 des
444 1967 567 2002 Réaux,
591 1969 623 1994 et
647 1967 724 1994 dont
749 1966 896 1994 Pléchier
923 1973 1084 2004 prononça
1115 1966 1262 1994 l’oraison

168 2003 313 2031 funèbre.
329 2020 361 2023 —
378 2003 471 2031 Pièce
487 2003 512 2031 si
518 2011 560 2038 g.,
576 2002 656 2037 1674,
672 2001 688 2028 2
704 2010 733 2038 p.
750 2001 820 2030 in-f.
837 2009 945 2030 sceau.
1195 2002 1211 2029 5
1248 2012 1262 2027 »

200 2039 251 2064 Sur
265 2040 292 2064 la
304 2039 454 2069 généralité
467 2039 500 2064 de
514 2039 651 2064 Pontoise.
