1424 2299
675 90 796 133 - 7 -
226 173 383 197 facilement
406 175 433 197 et
461 175 519 203 trop
544 172 747 202 généralement
773 173 789 196 à
818 172 896 197 l’idée
920 172 1032 204 qu’elles
1054 175 1101 197 ont
1126 173 1168 197 été
1184 173 1267 197 mises
1282 180 1317 197 au

226 205 324 229 monde
341 211 408 235 pour
426 204 543 229 souffrir.
562 205 597 228 Ce
613 204 659 235 qui
678 210 797 235 manque
821 211 874 228 aux
901 204 1024 231 femmes,
1050 203 1116 228 c’est
1134 211 1170 228 un
1191 204 1240 229 but
1257 205 1319 235 plus

226 236 340 266 marqué
364 236 433 260 dans
462 235 488 260 la
515 236 566 259 vie.
589 235 680 264 Quant
703 242 758 259 aux
780 235 914 263 hommes,
938 235 956 259 il
979 235 1019 259 les
1044 234 1108 265 juge
1130 235 1300 259 sévèrement
1313 242 1318 258 :

225 274 236 289 «
264 267 321 296 Que
347 267 380 291 de
406 266 493 297 peine,
515 266 596 293 dit-il,
621 267 661 290 les
689 267 814 290 hommes
835 274 864 290 se
888 269 950 290 sont
981 266 1085 291 donnée
1107 269 1134 291 et
1159 273 1188 290 se
1200 267 1321 291 donnent

226 305 325 322 encore
339 305 408 329 pour
423 300 521 322 mettre
536 304 568 322 en
585 297 785 322 contradiction
799 297 824 321 la
838 297 939 322 société
959 304 1025 322 avec
1042 298 1069 321 la
1086 298 1182 322 nature
1192 297 1198 321 !
1215 297 1251 322 Ils
1273 299 1321 322 ont

225 329 294 353 beau
320 336 353 353 ne
375 329 503 360 parvenir
528 328 589 359 qu'à
617 336 646 353 se
673 335 820 353 consumer
840 335 873 353 en
903 328 1010 353 stériles
1030 328 1131 357 efforts,
1155 329 1212 353 cela
1235 336 1269 353 ne
1283 329 1322 353 les

226 360 411 390 découragent
436 366 484 390 pas
494 360 500 383 !
530 360 566 384 Ils
595 360 743 390 persistent
777 366 844 385 sans
880 359 1060 390 s’apercevoir
1092 366 1145 391 que
1174 367 1204 384 ce
1242 360 1323 391 qu’ils

226 391 369 422 qualifient
384 391 578 422 superbement
592 393 668 415 vertu
697 391 765 416 n’est
780 391 881 422 qu’une
895 393 968 415 sorte
983 391 1016 415 de
1029 391 1091 415 folie
1104 390 1262 422 privilégiée
1277 391 1322 422 qui

225 423 348 453 échappe
377 423 393 446 à
415 423 441 446 la
465 422 660 446 classification
685 423 718 447 de
742 423 898 447 Charenton
916 424 943 446 et
966 422 998 446 de
1013 422 1134 447 Bedlam.
1158 430 1169 445 >>
1187 422 1209 446 Il
1227 422 1305 452 signe
1317 429 1322 445 :

226 453 268 477 Un
279 454 330 485 fou
344 453 472 478 matinal
486 453 536 485 qui
551 453 699 478 raisonne.

173 489 204 516 31
228 490 423 524 Gladstone
439 488 588 524 (W.-E.),
606 488 732 517 illustre
749 488 874 516 homme
889 488 994 517 d’Etat
1010 488 1229 529 anglais.—L.
1247 497 1274 516 a.
1291 497 1318 516 s.

227 525 245 551 à
259 525 301 552 M.
321 524 358 551 de
374 524 548 559 Schwartz;
565 524 716 558 Londres,
733 524 814 558 1862,
830 524 846 551 3
860 532 889 560 p.
907 525 984 552 in-8.
1001 523 1084 552 Jolie
1101 524 1209 552 lettre.
1253 524 1269 551 6
1308 535 1321 548 »

173 564 206 592 32
227 565 412 600 Golowine
427 564 533 600 (Ivan),
550 563 736 592 littérateur
760 565 792 592 et
818 564 973 592 historien
998 572 1098 592 russe.
1121 580 1157 584 —
1178 564 1215 591 L.
1236 572 1263 591 a.
1280 572 1322 598 s.,

226 608 265 627 en
282 599 432 638 français,
449 601 460 626 1
479 608 509 635 p.
526 599 605 627 in-8.
1255 600 1271 627 3
1308 610 1322 624 «

172 640 206 667 33
227 640 384 675 Gourieff
408 639 519 675 (Alex.,
542 639 664 674 comte),
689 639 818 675 général
844 640 876 667 et
901 639 1024 667 homme
1047 639 1152 668 d’Etat
1174 647 1274 668 russe.
1289 656 1323 659 —

226 675 259 703 L.
277 684 304 703 a.
320 684 357 709 s.,
373 684 411 703 en
428 674 577 714 français,
595 676 606 701 1
625 683 656 710 p.
677 675 754 703 in-8.
1254 675 1270 702 3
1309 686 1322 700 »

172 715 206 743 31
227 716 412 751 Granville
437 714 549 751 (Lord),
575 714 698 742 célèbre
724 715 849 742 homme
875 715 981 743 d’Etat
996 714 1130 751 anglais.
1148 731 1179 734 —
1196 714 1230 743 L.
1248 724 1275 743 a.
1292 723 1319 743 s.

226 759 264 778 au
282 752 383 779 comte
400 750 639 785 Wolkenstein;
657 751 809 786 Londres,
828 750 906 784 1872,
923 750 939 777 2
956 759 986 786 p.
1006 750 1080 779 in-f.
1255 751 1271 778 3
1309 761 1323 776 »

172 791 206 818 35
226 791 348 826 Grévy
363 791 483 826 (Jules),
501 790 663 826 président
678 790 715 818 de
732 791 763 818 la
777 790 980 827 République
1005 790 1173 829 française.
1190 806 1222 810 —
1242 791 1277 818 L.
1296 799 1322 819 a.

226 835 267 857 s.,
286 827 296 853 1
317 835 348 862 p.
369 821 464 854 in-18.
1254 827 1271 853 5
1309 837 1322 851 »

172 866 206 894 36
227 866 444 902 Grillparzer
460 865 643 902 (François),
660 866 751 902 poète
763 866 795 894 et
807 867 923 894 auteur
939 865 1139 902 dramatique
1153 866 1323 900 allemand,

225 902 264 929 né
281 902 298 929 à
314 902 436 930 Vienne
462 909 501 929 en
524 895 603 929 17Ô0.
628 917 659 920 —
683 901 858 937 Fragment
882 901 955 929 d’un
972 910 1129 930 manuscr.
1148 902 1226 936 aut.,
1243 902 1323 935 1821,

228 938 238 964 1
249 937 278 972 /2
294 945 325 973 p.
347 937 420 965 in-4.
437 939 515 965 Rare.
1256 937 1272 964 3
1310 948 1324 962 »

174 978 206 1006 37
228 978 364 1009 Grimm
398 977 442 1009 (le
476 976 608 1012 baron),
651 976 774 1004 célèbre
819 976 1004 1013 philosophe
1038 982 1070 1004 et
1104 976 1241 1016 critique
1283 977 1324 1005 du

226 1018 319 1041 xvin»
335 1012 443 1040 siècle.
465 1029 497 1033 —
515 1013 623 1040 Lettre
640 1012 677 1040 de
693 1012 815 1048 change
839 1013 904 1040 aut.
931 1015 963 1040 et
978 1012 1037 1048 sig.
1055 1012 1135 1040 trois
1151 1012 1228 1047 fois;
1248 1012 1325 1047 1782,

226 1048 242 1075 2
258 1057 289 1084 p.
311 1048 384 1076 in-8.
402 1048 490 1076 Deux
506 1048 560 1076 des
576 1048 759 1084 signatures
774 1049 847 1076 sont
863 1047 972 1076 biffées
987 1048 1193 1083 légèrement.
1239 1048 1272 1075 10
1310 1060 1324 1073 »

266 1089 341 1113 Cette
369 1089 449 1113 lettre
477 1089 510 1113 de
532 1088 602 1117 3,000
630 1088 713 1112 livres
741 1089 873 1116 tournois,
901 1090 942 1112 est
970 1088 986 1112 à
1014 1087 1112 1112 l’ordre
1150 1088 1187 1112 du
1220 1089 1326 1119 peintre

229 1120 318 1144 Hoüel
333 1120 380 1151 qui
394 1119 428 1144 l’a
443 1120 580 1151 acquittée
595 1121 621 1143 et
636 1120 740 1150 signée.

175 1156 208 1183 38
230 1156 409 1191 Grozelier
426 1155 528 1191 (Nie.),
546 1154 651 1189 prêtre
668 1155 705 1182 de
723 1154 902 1189 l’Oratoire,
927 1155 1018 1191 poète
1035 1155 1067 1182 et
1083 1154 1268 1182 littérateur
1283 1155 1324 1183 du

228 1197 323 1219 xviii»
347 1190 452 1224 siècle,
479 1192 516 1218 né
541 1191 558 1218 à
581 1190 723 1218 Beaune.
752 1207 785 1210 —
808 1190 847 1218 L.
877 1199 906 1218 a.
936 1190 998 1226 sig.
1026 1190 1062 1217 de
1084 1198 1132 1218 ses
1150 1189 1292 1218 initiales
1308 1191 1326 1218 à

229 1227 272 1255 M.
290 1226 444 1262 Macault;
461 1226 600 1261 Beaune,
616 1226 650 1253 23
661 1225 752 1262 janv.
773 1226 852 1260 1761,
869 1226 885 1252 2
902 1234 932 1262 p.
952 1226 1028 1254 in-4.
1256 1226 1272 1253 3
1310 1236 1323 1252 >>

177 1269 211 1297 39
229 1270 341 1297 Henri
355 1270 417 1302 III,
434 1268 480 1296 roi
497 1268 534 1296 de
551 1268 685 1296 France.
697 1268 806 1296 —Let.
827 1269 889 1303 sig.
910 1276 948 1296 au
968 1267 1126 1296 maréchal
1143 1267 1322 1302 d’Aumont;

230 1304 334 1338 Paris,
359 1305 374 1331 4
396 1304 470 1340 juin
494 1304 573 1337 1585,
598 1304 648 1338 1/2
673 1312 704 1340 p.
736 1304 809 1332 in-f.
843 1303 957 1332 Traces
987 1304 1024 1331 de
1054 1303 1174 1331 cachet.
1204 1303 1324 1340 Piquée

229 1339 428 1368 d’humidité.
1256 1339 1272 1366 6
1310 1350 1323 1365 »

266 1377 358 1400 Lettre
375 1376 408 1400 de
422 1375 546 1406 l’époque
563 1375 595 1399 de
610 1375 636 1399 la
654 1375 747 1405 Ligue,
764 1382 814 1406 par
828 1375 944 1406 laquelle
960 1375 978 1399 il
1000 1374 1037 1399 lui
1054 1381 1178 1399 annonce
1193 1375 1220 1399 la
1238 1375 1325 1400 nomi¬

234 1407 328 1431 nation
342 1407 375 1431 de
391 1407 425 1431 M.
442 1408 474 1432 de
487 1407 617 1437 Malabry,
633 1413 740 1431 comme
755 1406 1068 1436 commissaire-général
1081 1406 1129 1431 des
1144 1407 1240 1431 vivres.

175 1446 208 1473 40
228 1445 347 1479 Holtei
369 1444 433 1479 (Ch.
457 1444 514 1480 de),
538 1447 654 1473 auteur
678 1444 879 1480 dramatique
904 1443 1076 1472 allemand.
1105 1460 1136 1463 —
1162 1444 1199 1472 L.
1226 1452 1256 1471 a.
1280 1451 1323 1478 s.,

228 1482 240 1508 1
258 1489 287 1517 p.
305 1480 382 1508 in-8.
1254 1479 1270 1507 3
1308 1489 1322 1504 »

175 1522 204 1549 41
228 1520 395 1556 Italinski
423 1520 550 1556 (A.-J.),
582 1519 706 1548 célèbre
736 1519 909 1555 diplomate
939 1522 972 1547 et
1005 1519 1128 1546 homme
1168 1519 1323 1555 politique

228 1564 331 1584 russe.
364 1572 397 1576 —
427 1556 463 1584 L.
497 1564 526 1584 a.
559 1564 602 1588 s.,
631 1564 670 1583 en
699 1555 853 1594 français;
878 1554 1000 1589 Berlin,
1023 1554 1102 1589 1806,
1132 1554 1148 1581 2
1178 1563 1210 1591 p.
1239 1555 1320 1582 in-4.

228 1592 393 1620 Curieuse.
1255 1591 1271 1617 4
1308 1600 1323 1615 »

175 1635 208 1662 42
227 1634 336 1669 Janin
360 1633 480 1669 (Jules),
505 1633 534 1661 le
557 1633 665 1669 prince
689 1632 742 1660 des
768 1632 934 1668 critiques,
960 1632 1100 1660 membre
1133 1632 1170 1660 de
1201 1631 1319 1660 i’Acad.

228 1670 328 1698 franc.
346 1685 377 1689 —
394 1670 431 1697 L.
451 1677 481 1697 a.
501 1677 528 1697 s.
548 1669 566 1696 à
581 1677 624 1696 un
640 1668 836 1702 littérateur,
854 1668 932 1702 1846,
950 1669 961 1694 1
980 1676 1008 1704 p.
1025 1667 1103 1695 in-8.
1255 1668 1271 1694 8
1309 1678 1323 1693 »

267 1710 432 1734 Charmante
455 1709 542 1740 épitre
568 1708 681 1733 relative
707 1708 723 1732 à
748 1715 779 1732 sa
805 1708 962 1733 traduction
983 1708 1015 1732 de
1030 1707 1157 1732 Clarisse
1172 1707 1309 1732 Harlowe
1318 1714 1323 1732 :

231 1749 242 1764 «
258 1740 303 1764 Ma
321 1741 451 1765 tentative
469 1746 538 1764 vous
553 1741 674 1771 paraîtra
695 1739 758 1764 bien
776 1739 880 1767 hardie,
897 1739 953 1764 moi
969 1738 995 1770 je
1009 1739 1036 1764 la
1052 1741 1152 1765 trouve
1171 1739 1324 1765 téméraire,

229 1774 254 1796 et
280 1772 303 1795 si
327 1771 353 1802 je
378 1771 480 1796 n’avais
498 1778 547 1802 pas
565 1771 678 1807 apporté
701 1771 716 1794 à
738 1777 769 1795 ce
793 1771 891 1795 travail
913 1773 972 1795 tout
987 1771 1012 1795 le
1029 1770 1099 1799 soin,
1117 1771 1176 1795 tout
1188 1771 1212 1794 le
1227 1770 1282 1794 zèle
1300 1772 1327 1795 et

230 1805 306 1827 toute
323 1802 441 1827 l’ardeur
458 1802 520 1827 d’un
534 1803 592 1826 vrai
609 1802 689 1833 jeune
702 1802 821 1830 homme,
843 1802 868 1833 je
883 1808 951 1826 vous
964 1809 1060 1826 assure
1075 1808 1128 1833 que
1149 1801 1174 1832 je
1195 1801 1326 1826 n’oserais

229 1840 278 1865 pas
289 1841 322 1857 en
339 1834 428 1864 parler
444 1835 533 1858 même
548 1834 564 1858 à
576 1840 635 1858 mes
652 1833 791 1857 meilleurs
806 1834 886 1857 amis.
901 1841 912 1856 »

177 1873 210 1900 43
229 1872 385 1906 Jauffret
400 1871 533 1906 (L.-F.),
549 1871 724 1905 moraliste,
738 1871 890 1899 fabuliste
903 1871 1027 1904 estimé,
1044 1871 1081 1898 né
1098 1879 1136 1898 en
1152 1870 1325 1898 Provence.

230 1924 261 1927 —
279 1908 314 1934 L.
336 1915 365 1934 a.
387 1915 412 1934 s.
433 1915 472 1934 au
489 1906 622 1934 libraire
638 1906 802 1940 Maradan,
818 1906 853 1934 20
869 1907 948 1935 févr.
970 1907 1045 1941 1815,
1064 1907 1075 1933 1
1094 1914 1125 1942 p.
1146 1906 1219 1933 in-4.
1257 1905 1274 1932 5
1312 1916 1325 1930 »

268 1943 319 1967 Sur
336 1942 380 1966 ses
396 1942 492 1967 Fables
508 1943 665 1968 nouvelles.

178 1983 211 2009 44
230 1981 363 2015 Joseph
379 1981 424 2014 II,
441 1988 610 2020 empereur
625 1980 857 2015 d’Allemagne,
877 1979 1001 2008 célèbre
1030 1988 1086 2015 par
1100 1987 1149 2007 ses
1164 1979 1327 2013 réformes,

231 2016 315 2044 frère
342 2016 379 2043 de
404 2016 435 2044 la
459 2024 548 2043 reine
571 2016 890 2044 Marie-Antoinette.
911 2031 943 2035 —
961 2015 1053 2044 Pièce
1070 2015 1149 2051 sig.,
1166 2015 1244 2050 1788,
1261 2015 1277 2042 3
1293 2024 1324 2051 p.

232 2052 304 2080 in-f.
322 2051 433 2080 Sceau.
450 2051 592 2087 Superbe
609 2051 705 2087 pièce.
1259 2051 1275 2077 6
1313 2062 1327 2076 »
