2982 5010
1001 343 1097 399 DE
1147 339 1579 405 SYNONYMIE
1639 345 1935 403 LATINE.

2645 333 2689 401 3

249 489 735 595 άναφλογίζειν.
797 489 1227 571 Comburere
1267 505 1343 573 et
1395 521 1717 573 cremare
1721 555 1741 589 ,
1797 515 2217 575 consumer
2261 503 2339 573 et
2375 493 2643 573 brûler
2685 519 2705 573 :

251 615 669 691 comburere
671 675 691 707 ,
747 637 1055 693 comme
1103 617 1523 715 χατακαίειν,
1567 643 1701 697 sur
1759 621 1895 697 des
1955 619 2343 695 charbons
2389 619 2707 693 ardents

247 737 473 837 (c’est
507 737 581 815 le
605 737 935 815 causatif
961 739 1321 841 d’ardere)
1341 765 1359 837 ;
1393 765 1713 817 cremare
1719 799 1739 837 ,
1773 761 2083 817 comme
2115 739 2523 843 πιμπράναι,
2565 759 2709 837 par

253 863 611 939 flammes
643 859 849 939 vives
887 863 1103 959 (c’est
1141 863 1215 941 le
1253 863 1589 941 causatif
1621 863 1721 965 de
1759 861 2143 965 flagrare).
2185 863 2299 939 On
2343 861 2569 939 brûle
2597 859 2713 937 les

251 991 527 1075 morts,
561 983 851 1061 mortui
889 997 1313 1063 cremantur
1315 1043 1335 1079 ,
1379 1009 1513 1063 sur
1549 1009 1655 1061 un
1691 983 1993 1063 bûcher
2043 985 2559 1085 flamboyant;
2609 1007 2713 1061 on

253 1103 479 1181 brûle
507 1105 621 1181 les
645 1105 939 1185 vivants
965 1107 1009 1185 à
1049 1107 1245 1209 petit
1271 1109 1425 1201 feu,
1461 1109 1607 1187 vivi
1637 1109 2169 1187 comburuntur
2171 1165 2191 1203 ,
2225 1115 2307 1185 et
2327 1115 2533 1185 cette
2555 1129 2717 1183 ma¬

255 1227 469 1305 nière
509 1229 607 1307 de
643 1229 903 1327 parler
935 1233 1133 1309 rend
1165 1233 1341 1329 plus
1377 1233 1785 1333 frappante
1837 1231 2227 1309 l'horreur
2273 1233 2373 1309 de
2399 1229 2473 1307 la
2501 1237 2713 1309 mort

255 1375 401 1451 par
421 1375 511 1429 ce
545 1375 783 1451 genre
821 1355 921 1431 de
953 1353 1331 1455 supplice.

259 1543 627 1627 Acceptes,
663 1541 727 1615 v.
767 1541 1039 1615 Gratus.

357 1721 763 1799 Accidere.
823 1723 1185 1799 Evenire.
1245 1721 1751 1803 Contingere.
1805 1725 2221 1803 Obvenire.
2261 1725 2713 1801 OBTINGERE.

261 1843 617 1921 Accidere
619 1871 639 1937 ,
675 1845 963 1923 evenire
1005 1855 1079 1923 et
1119 1849 1537 1949 contingere
1583 1853 1999 1945 marquent
2029 1849 2167 1923 des
2223 1845 2721 1925 événements

265 1967 693 2045 favorables
743 1991 847 2045 ou
905 1969 1479 2065 défavorables,
1547 1969 1619 2047 le
1661 1969 2025 2071 premier,
2085 1967 2479 2069 lorsqu’ils
2551 1975 2727 2047 sont

263 2089 993 2187 inattendus,qu’ils
1029 2101 1591 2189 surprennent;
1633 2091 1705 2169 le
1745 2093 2063 2185 second,
2109 2089 2501 2191 lorsqu’ils
2551 2097 2729 2167 sont

265 2215 653 2307 attendus,
699 2215 1125 2313 pressentis
1149 2241 1167 2309 ;
1201 2213 1271 2291 le
1305 2215 1731 2309 troisième,
1769 2215 2179 2315 lorsqu’on
2209 2211 2321 2291 les
2357 2235 2401 2287 a
2445 2213 2727 2311 prépa¬

269 2335 419 2427 rés,
457 2337 817 2431 amenés;
853 2335 1195 2413 obvenire
1219 2347 1297 2413 et
1319 2339 1697 2437 obtingere
1731 2361 1829 2413 ne
1881 2359 1965 2413 se
2003 2335 2263 2413 disent
2299 2359 2449 2435 que
2477 2335 2731 2415 d’évé¬

271 2467 627 2537 nements
657 2457 1033 2537 heureux.
1063 2461 1207 2537 Les
1241 2459 1657 2537 accidentia
1693 2467 1873 2539 sont
1905 2459 2221 2537 l’œuvre
2265 2459 2371 2533 du
2413 2457 2723 2551 hasard,

269 2579 381 2659 les
423 2581 825 2659 evenientia
877 2591 1055 2659 sont
1101 2583 1241 2659 des
1285 2583 1877 2681 conséquences
1921 2585 2019 2659 de
2079 2601 2217 2657 nos
2271 2579 2571 2659 actions
2623 2603 2725 2659 ou

273 2703 413 2781 des
471 2701 1099 2807 circonstances;
1155 2703 1267 2781 les
1331 2705 1831 2805 contingentia
1855 2761 1875 2789 ,
1943 2705 2081 2779 des
2135 2701 2357 2779 effets
2415 2705 2517 2779 de
2587 2725 2731 2781 nos

279 2827 569 2921 efforts,
617 2827 715 2903 de
755 2849 899 2905 nos
935 2849 1189 2919 vœux,
1233 2829 1329 2903 de
1363 2849 1509 2905 nos
1549 2829 1837 2921 fautes;
1881 2825 1993 2903 les
2023 2825 2485 2927 obtingentia
2521 2833 2597 2905 et
2621 2825 2737 2905 les

275 2945 737 3023 obvenientia
741 3005 763 3041 ,
807 2949 947 3025 des
981 2947 1281 3025 faveurs
1321 2949 1429 3023 du
1463 2957 1651 3027 sort.
1693 2949 1849 3025 Cic.
1893 2949 2109 3023 Fam.
2149 2947 2275 3039 VI,
2315 2949 2439 3025 21.
2471 2947 2735 3023 Time¬

283 3069 459 3147 bam
499 3093 597 3147 ne
633 3071 999 3147 evenirent
1039 3093 1213 3169 quæ
1251 3069 1709 3149 acciderunt.
1735 3073 1825 3149 Je
1855 3069 2241 3167 craignais
2275 3071 2375 3147 de
2411 3069 2577 3147 voir
2605 3091 2739 3147 ces

277 3193 603 3281 hasards
655 3215 737 3269 se
791 3191 1133 3271 réaliser.
1179 3195 1281 3271 Le
1313 3193 1661 3291 premier
1719 3195 1857 3271 des
1905 3195 2115 3271 deux
2147 3191 2449 3287 verbes,
2493 3191 2737 3269 eveni¬

279 3331 465 3413 rent,
525 3341 609 3393 se
651 3325 1019 3415 rapporte
1079 3317 1125 3393 à
1169 3317 1499 3395 Cicéron
1555 3317 1999 3409 lui-même,
2057 3317 2103 3393 à
2161 3335 2283 3393 ses
2317 3311 2743 3413 pressenti¬

285 3449 573 3533 ments;
631 3439 705 3517 le
743 3439 1061 3533 second,
1117 3439 1547 3517 acciderunt
1553 3499 1573 3535 ,
1621 3443 1951 3541 regarde
1989 3437 2103 3517 les
2135 3461 2561 3539 personnes
2603 3435 2743 3537 qui

283 3587 365 3641 se
417 3567 817 3641 montrent
879 3559 1265 3659 surprises
1323 3565 1371 3639 à
1429 3561 1729 3639 l’heure
1787 3563 1885 3639 de
1935 3561 2479 3639 l’événement.
2557 3561 2739 3637 Sén.

285 3687 425 3785 Ep.
465 3689 639 3763 110.
671 3683 885 3781 Scies
923 3683 1149 3781 plura
1173 3683 1381 3761 mala
1403 3697 1825 3785 confiner*
1849 3683 2079 3761 nobis
2111 3705 2349 3783 quam
2385 3681 2715 3759 accidere
2715 3737 2739 3777 ,

285 3807 755 3887 c’est-à-dire
779 3829 929 3907 que
957 3829 1101 3885 nos
1127 3809 1607 3887 souffrances
1633 3817 1809 3885 sont
1835 3807 2009 3907 plus
2035 3803 2359 3885 souvent
2377 3805 2489 3883 les
2509 3805 2751 3885 suites

287 3931 387 4011 de
425 3955 569 4009 nos
613 3953 939 4031 propres
975 3953 1201 4009 vœux
1239 3955 1389 4033 que
1421 3933 1661 4009 l’effet
1703 3931 1891 4007 d’un
1921 3931 2207 4007 hasard
2241 3931 2587 4029 aveugle.

285 4121 649 4205 Accipere,
683 4117 751 4189 v.
797 4117 1103 4189 Sumere.
1537 4119 1811 4207 Accire,
1853 4117 1921 4187 v.
1959 4117 2331 4191 Arcessere.

287 4235 675 4319 Accusare,
703 4231 771 4301 v.
815 4231 1141 4321 Arguere.

389 4419 625 4499 Acer.
685 4417 1119 4501 Vehemens.
1179 4417 1375 4501 Acer
1429 4415 1791 4523 présente
1843 4421 1917 4501 la
1973 4419 2297 4503 vivacité
2363 4443 2545 4499 sous
2605 4437 2745 4495 son

1137 4837 1369 4883 DioltlzeSby
1383 4787 1729 4909 GoOgle
