1884 2823
1057 158 1099 196 -
1129 158 1177 197 16
1208 180 1248 186 -

513 259 657 292 auteur
684 258 735 292 du
763 260 933 300 Myosotis.
954 261 996 293 —
1029 258 1256 302 L'apparition
1277 258 1403 302 (juillet
1435 258 1549 302 1833),
1578 258 1687 303 pièce
1715 257 1763 292 de
1792 267 1880 291 vers

514 304 685 346 autogr.,
705 305 726 347 2
745 313 780 347 p.
802 302 897 338 in-4.
920 304 1015 338 Rare.
1796 304 1816 336 8
1864 314 1880 332 »

552 348 705 385 Fragment
724 347 857 386 poétique
876 347 986 385 inspiré
1017 356 1070 386 par
1095 349 1122 377 la
1150 355 1205 378 vue
1223 347 1308 377 d'une
1331 348 1382 378 des
1404 347 1478 378 filles
1497 349 1533 378 de.
1554 347 1794 385 Louis-Philippe,
1815 346 1882 384 qu’il

511 390 663 417 rencontra
684 395 739 416 aux
756 386 871 417 Tuilerii
884 395 908 417 s.
930 388 968 417 La
983 386 1125 425 première
1144 395 1216 425 page
1234 386 1269 416 de
1286 389 1359 417 cette
1378 387 1511 418 curieuse
1525 387 1604 425 pièce
1619 395 1635 416 a
1653 388 1698 417 été
1716 386 1841 422 raturée,
1856 388 1882 415 et

511 426 678 461 supprimée
695 427 711 456 à
730 426 925 464 l’impression
942 435 949 457 :
969 427 1022 456 elle
1040 434 1071 457 se
1090 429 1204 464 trouve,
1224 433 1276 464 par
1293 426 1479 463 conséquent,
1500 427 1613 457 inédite.

423 464 487 497 233
511 464 674 498 Nodier
693 463 801 510 (Ch.),
823 463 1000 499 éminent
1020 464 1210 506 écrivain,
1231 464 1278 498 de
1299 464 1444 499 l’Acad.
1465 464 1530 508 fr.,
1551 465 1598 499 né
1618 464 1640 498 à
1664 464 1880 510 Besançon.

511 527 552 532 —
573 507 615 543 L.
635 519 670 543 a.
691 519 721 544 s.
743 509 766 543 à
783 508 883 553 Eug.
904 508 1085 552 Bareste;
1111 511 1148 543 17
1169 518 1273 543 mars
1297 511 1392 552 1841,
1416 511 1428 543 1
1453 519 1489 553 p.
1511 509 1606 544 in-8.
1795 512 1816 543 5
1865 521 1880 539 »

550 553 691 584 Curieuse
709 554 793 584 lettre
810 554 929 584 relative
946 554 961 583 à
985 554 1010 584 la
1028 554 1193 584 traduction
1211 555 1227 584 d
1231 553 1376 584 'Homère
1396 562 1469 593 pour
1489 555 1559 592 Eug.
1587 555 1716 590 Bareste,
1736 554 1784 590 qui
1806 554 1883 584 dési¬

512 592 565 621 rait
586 594 749 622 concourir,
771 600 841 622 avec
858 596 903 622 cet
920 600 1060 630 ouvrage,
1077 594 1091 623 il
1111 600 1148 623 un
1170 594 1232 630 prix
1252 593 1287 622 de
1306 593 1481 623 l’Académie
1501 594 1653 630 française.

421 631 486 663 238
512 631 695 665 Ollivier
714 631 879 675 (Emile),
900 631 1054 665 célèbre
1076 631 1249 675 premier
1269 631 1451 666 ministre
1473 631 1518 665 de
1534 630 1736 676 Napoléon
1751 629 1818 673 III,
1835 631 1881 664 de

512 673 655 710 l’Acad.
677 675 725 711 fr.
746 696 788 700 —
807 674 850 709 L.
871 686 905 709 a.
927 686 957 710 s.
979 686 1027 709 au
1048 675 1169 710 baron
1191 674 1432 717 d’Eckstein,
1457 678 1517 718 1/2
1537 686 1571 720 p.
1593 676 1690 710 in-8.
1794 677 1815 710 3
1864 687 1880 706 »

422 719 487 751 239
511 720 660 763 Poney
679 719 788 764 (Ch.),
811 719 858 753 né
879 720 900 753 à
918 720 1086 755 Toulon.
1104 739 1148 745 —
1166 719 1209 755 L.
1237 730 1270 754 a.
1299 730 1347 762 s.;
1375 722 1418 755 22
1443 722 1519 754 oct.
1553 722 1648 762 1842,
1678 722 1689 753 1
1722 729 1757 764 p.
1785 719 1881 753 in-8.

513 761 749 799 Charmante
769 763 909 809 épitre.
1797 765 1818 797 4
1866 775 1881 794 »

422 807 487 839 240
511 808 710 843 Ponsard
730 809 811 852 (F.),
833 808 986 843 célébré
1009 809 1122 853 poète
1143 807 1282 850 dram.,
1309 807 1357 842 né
1383 807 1405 841 à
1429 807 1582 842 Vienne
1604 808 1744 852 (Isère).
1766 826 1807 832 —
1839 806 1881 842 L.

512 861 545 886 a.
567 861 610 894 s.,
636 854 697 895 1/2
717 863 752 896 p.
775 853 871 887 in-8.
1796 854 1816 886 2
1863 864 1879 882 »

422 895 480 927 241
511 897 677 931 Reboul
697 896 832 941 (Jean),
853 896 1086 941 boulanger,
1107 896 1153 931 de
1173 896 1323 938 Nîmes,
1344 895 1497 931 célèbre
1519 897 1646 941 poète.
1667 916 1709 921 —
1729 896 1771 930 L.
1793 906 1827 929 a.
1850 906 1880 929 s.

513 939 535 972 à
554 941 787 985 Guepratte,
810 942 832 975 à
850 941 1022 982 Toulon;
1048 942 1142 982 1842,
1167 944 1177 975 1
1202 951 1238 986 p.
1261 941 1352 975 in-8.
1796 942 1816 974 3
1865 952 1880 970 »

422 984 486 1015 242
511 985 690 1019 Romme
705 986 898 1030 (Gilbert),
916 985 1253 1028 mathématicien,
1268 984 1411 1029 député
1426 984 1477 1018 du
1494 984 1789 1029 Puy-de-Dôme
1811 984 1832 1017 à
1847 983 1884 1017 la

514 1028 773 1072 Convention,
795 1030 863 1075 qui
890 1030 935 1064 ht
962 1029 1140 1064 décréter
1165 1029 1200 1063 le
1227 1028 1453 1064 calendrier
1480 1029 1741 1074 républicain,
1773 1030 1813 1062 et
1843 1038 1883 1062 se

515 1073 732 1122 poignarda
758 1085 857 1119 pour
883 1074 1077 1119 échapper
1097 1074 1118 1107 à
1144 1073 1362 1108 l’échafaud
1395 1074 1507 1118 après
1534 1074 1590 1108 les
1616 1073 1807 1117 journées
1836 1072 1882 1106 de

513 1118 690 1160 prairial.
719 1138 761 1143 —
788 1119 830 1153 L.
852 1128 897 1160 s.,
918 1128 1067 1152 comme
1095 1119 1370 1162 représentant
1397 1117 1493 1152 dans
1522 1118 1559 1152 la
1590 1117 1811 1161 Dordogne,
1840 1118 1883 1151 22

514 1161 632 1196 fruct.
655 1173 703 1197 an
724 1166 756 1205 2,
783 1165 792 1206 1
806 1165 843 1206 /2
863 1173 897 1207 p.
920 1163 1016 1197 in-4.
1797 1165 1818 1195 3
1865 1172 1881 1191 »

423 1204 488 1238 243
513 1206 762 1241 Saint-Just
780 1208 908 1248 (Ant.),
930 1206 1084 1241 célèbre
1099 1206 1421 1246 conventionnel,
1436 1206 1615 1251 décapité
1628 1216 1722 1240 avec
1735 1204 1884 1239 Robes¬

511 1249 654 1293 pierre.
667 1271 708 1277 —
722 1251 863 1286 Arrêté
884 1249 935 1285 du
953 1251 1105 1285 Comité
1124 1250 1170 1284 de
1191 1251 1297 1285 salut
1316 1250 1463 1295 public,
1480 1251 1553 1295 sig.
1570 1251 1616 1285 de
1632 1250 1688 1284 lui
1710 1253 1750 1284 et
1770 1249 1816 1283 de
1835 1250 1883 1284 R.

513 1293 669 1336 Lindet,
689 1298 710 1330 6
731 1306 855 1341 germ.
877 1306 925 1330 an
945 1298 977 1337 2,
999 1298 1019 1329 2
1039 1305 1073 1339 p.
1096 1294 1183 1330 in-f.
1206 1295 1314 1329 Belle
1337 1294 1458 1339 pièce.
1798 1298 1816 1327 7
1868 1306 1883 1324 »

423 1339 487 1371 244
513 1339 812 1375 Saint-Pierre
826 1339 1059 1383 (Bernardin
1075 1340 1146 1382 de),
1167 1339 1338 1374 l’auteur
1352 1339 1398 1373 de
1419 1341 1499 1373 Paul
1514 1344 1542 1374 et
1559 1340 1723 1382 Virginie,
1741 1337 1883 1372 memb.

513 1383 559 1417 de
580 1383 723 1418 l’Acad.
746 1385 795 1419 fr.
816 1404 857 1410 —
877 1384 919 1418 L.
941 1394 1025 1419 a.-s.
1048 1384 1068 1418 à
1089 1384 1139 1418 M.
1162 1383 1213 1417 Le
1234 1383 1405 1426 Portier,
1425 1386 1520 1426 1811,
1542 1386 1603 1427 1/2
1621 1394 1657 1428 p.
1679 1382 1771 1417 in-8.
1792 1383 1884 1416 Gra¬

513 1427 645 1462 cieuse
668 1426 807 1473 pitre.
1796 1430 1815 1460 7
1865 1440 1882 1457 »>

423 1473 489 1505 245
511 1472 663 1516 Vigny
683 1473 772 1516 (Alf.
793 1473 866 1516 de),
887 1472 1041 1507 célèbre
1063 1471 1174 1516 poète
1195 1471 1433 1517 dramtique,
1456 1472 1601 1507 auteur
1617 1471 1665 1508 de
1679 1473 1884 1515 Cinq-Mars,

515 1515 561 1549 de
591 1516 735 1551 l’Acad.
759 1517 807 1552 fr.
828 1537 870 1542 —
898 1517 941 1551 L.
971 1528 1005 1551 a.
1036 1527 1066 1551 s.
1096 1516 1118 1550 à
1145 1515 1260 1551 Fréd.
1291 1516 1449 1560 Soulié;
1483 1518 1522 1550 16
1543 1514 1637 1561 juil.
1671 1518 1766 1558 1829,
1803 1518 1813 1549 1
1848 1525 1883 1559 p.

514 1560 610 1595 in-8.
1799 1562 1821 1594 5
1868 1572 1882 1590 »

552 1604 729 1636 Charmante
746 1607 837 1644 épitre
857 1614 909 1645 pur
927 1606 1049 1643 laquelle
1069 1606 1086 1635 il
1103 1604 1210 1636 l’invite
1229 1606 1244 1634 h
1263 1605 1346 1636 venir
1361 1607 1483 1635 assister
1501 1606 1569 1635 chez
1587 1604 1623 1636 lui
1644 1607 1659 1636 à
1680 1604 1707 1634 la
1725 1605 1833 1636 lecture
1852 1606 1880 1634 d<

514 1644 566 1675 son
585 1644 673 1675 More
696 1645 734 1675 de
761 1646 870 1675 Venise
893 1643 1043 1681 (Othello).
1070 1656 1082 1669 »
1110 1644 1235 1677 Tâchez,
1264 1645 1344 1677 dit-il,
1366 1652 1421 1681 que
1452 1647 1534 1674 notre
1565 1646 1646 1683 poète
1678 1644 1784 1675 Nodier
1815 1651 1880 1673 vous

514 1690 719 1722 accompagne.
744 1685 777 1715 Je
796 1685 876 1715 viens
895 1685 930 1714 de
950 1684 1004 1713 l'en
1024 1685 1102 1722 prier
1121 1696 1127 1712 :
1148 1683 1308 1714 aidez-moi.
1330 1696 1341 1710 »

490 1822 918 1926 CABINET
986 1818 1822 1926 D'AUTOGRAPHES

1129 1958 1177 1982 DE

705 2017 1087 2081 GABRIEL
1173 2017 1640 2083 CHAR

1063 2112 1256 2136 EXPERT

533 2156 540 2194 (
567 2157 797 2189 ANCIENNE
825 2155 992 2187 MAISON
1019 2155 1203 2186 CHARON
1224 2180 1231 2191 .
1257 2155 1354 2186 PUIS
1380 2155 1480 2188 AUG.
1507 2156 1742 2189 LAVERDET
1768 2155 1775 2193 )

792 2209 863 2249 60,
888 2217 967 2241 rue
992 2207 1521 2242 Saint-André-des-Arts

472 2303 691 2339 Collection
723 2300 996 2336 considérable
1028 2300 1341 2346 d’Autographes
1373 2301 1440 2336 des
1471 2302 1679 2338 célébrités
1711 2304 1758 2338 de
1795 2307 1862 2340 tou

429 2359 583 2394 genres,
606 2347 872 2386 littérateurs,
893 2346 1063 2387 savants,
1085 2344 1263 2389 artistes;
1285 2346 1506 2381 nombreux
1521 2349 1678 2382 cartons
1693 2349 1740 2383 de
1754 2350 1863 2401 pièce

427 2392 614 2428 relatives
651 2402 728 2426 aux
766 2390 973 2443 provinces
1011 2390 1056 2423 de
1095 2389 1245 2423 France
1282 2392 1322 2425 et
1357 2401 1434 2425 aux
1471 2391 1643 2426 familles
1674 2393 1824 2429 nobles.

472 2436 782 2472 L’authentieite
805 2435 872 2470 des
891 2434 1169 2478 Autographes
1189 2437 1249 2468 est
1270 2434 1466 2479 garantie.

470 2481 596 2516 Achat
626 2481 671 2515 de
705 2479 938 2515 collections
968 2477 1308 2523 d’Autographes,
1345 2490 1394 2513 au
1431 2481 1652 2524 comptant,
1686 2491 1734 2515 ou
1768 2484 1859 2518 vent

427 2526 449 2560 à
468 2525 664 2560 l’amiable
684 2536 734 2559 ou
755 2535 831 2559 aux
851 2523 1039 2558 enchères
1058 2532 1158 2567 pour
1177 2522 1212 2557 le
1231 2525 1384 2568 compte
1405 2523 1472 2558 des
1492 2534 1751 2569 possesseurs.

689 2605 784 2631 Rouen,
802 2603 824 2627 J.
843 2603 937 2630 Lecerf,
956 2601 1104 2633 imprimeur
1118 2602 1148 2624 de
1167 2602 1189 2625 la
1207 2601 1274 2626 Cour
1291 2602 1393 2634 d'Appel
1410 2607 1434 2626 el
1456 2603 1486 2626 de
1511 2603 1532 2626 la
1544 2603 1639 2628 Mairie.
