1884 2807
933 134 975 171 -
1006 134 1053 172 10
1083 154 1124 160 -

398 234 489 265 teau
511 231 620 273 d’Eu,
642 231 797 266 célèbre
818 232 974 277 député,
995 232 1272 267 commandant
1292 232 1449 266 l’armée
1464 231 1511 266 de
1525 232 1767 267 Normandie

399 275 573 319 pendant
593 275 630 309 la
649 275 833 310 dernière
855 287 1013 320 guerre.
1033 297 1075 302 —
1094 277 1137 311 L.
1160 287 1194 311 a.
1216 287 1260 318 s.,
1285 278 1382 318 1834,
1402 279 1422 310 2
1443 286 1477 320 p.
1499 276 1595 310 in-4.
1682 278 1703 311 3
1726 279 1769 311 50

314 321 373 355 138
397 320 517 363 Exéa
535 319 583 363 (le
605 321 731 355 comte
752 320 812 364 d’),
834 321 1006 372 général,
1028 320 1306 355 commandant
1326 320 1441 354 d’une
1474 320 1645 355 division
1674 331 1767 365 pen¬

398 363 494 398 dant
514 364 549 398 le
569 363 676 409 siège
696 364 741 398 de
765 365 889 401 Pans.
910 385 952 391 —
973 366 1015 400 L.
1037 376 1071 400 a.
1092 376 1136 407 s.,
1161 367 1256 407 1853,
1271 367 1291 400 3
1311 375 1346 409 p.
1369 365 1464 398 in-8.
1683 367 1703 399 2
1727 367 1770 399 50

313 409 374 443 139
397 409 645 451 Faidherbe
665 408 822 453 (Louis),
844 410 1005 456 général
1026 420 1073 444 en
1094 409 1188 443 chef
1203 409 1250 443 de
1276 407 1434 443 l’armée
1460 408 1511 442 du
1538 407 1645 442 Nord
1675 419 1767 453 pen¬

398 453 495 487 dant
517 453 554 487 la
574 463 719 497 guerre
740 457 877 490 contre
904 455 942 489 la
972 454 1130 496 Prusse,
1163 453 1210 487 né
1243 453 1265 487 à
1296 452 1412 487 Lille.
1447 472 1488 477 —
1519 452 1561 487 L.
1594 463 1639 495 s.,
1673 455 1767 494 1859,

403 499 414 531 1
440 507 475 541 p.
499 496 586 531 in-f.
1683 500 1703 532 3
1751 509 1767 527 »

312 542 373 576 140
396 541 541 585 Failly
559 541 607 583 (le
627 543 754 576 comte
775 541 847 584 de),
869 540 1029 585 général
1050 552 1098 576 en
1119 541 1211 576 chef
1228 541 1295 576 des
1324 542 1485 595 troupes
1505 541 1721 588 françaises
1743 540 1764 574 à

400 585 562 619 l’affaire
583 585 629 620 de
650 586 850 627 Mentana,
871 585 1148 621 commandant
1167 585 1257 620 d’un
1279 596 1392 630 corps
1412 582 1579 620 d’armée
1608 585 1704 619 dans
1733 584 1771 618 la

402 639 547 678 guerre
567 631 703 665 contre
724 630 762 664 la
780 630 939 665 Prusse.
961 651 1002 655 —
1020 631 1063 666 L.
1097 642 1130 665 a.
1163 641 1208 673 s.;
1241 630 1358 674 Camp
1389 630 1435 664 de
1467 629 1648 671 Chàlons,
1685 632 1694 663 1
1732 639 1767 673 p.

400 676 492 708 in-8.
1680 675 1702 708 5
1750 685 1765 703 »

315 718 368 752 141
398 719 542 761 Favre
560 718 709 762 (Jules),
731 718 886 752 célèbre
907 721 1070 754 orateur
1101 718 1422 764 parlementaire,
1456 717 1770 761 vice-président

399 761 449 795 du
472 773 664 804 gouvern.
685 762 731 797 de
752 762 791 797 la
810 762 968 798 défense
989 763 1205 799 nationale.
1225 782 1266 787 —
1285 763 1328 797 L.
1350 773 1383 797 a.
1405 773 1450 805 s.,
1474 764 1554 796 1857
1561 788 1570 803 ,
1589 764 1610 796 2
1624 772 1659 806 p.
1676 761 1768 795 in-4.

400 806 509 841 Belle
531 806 652 851 pièce.
1680 808 1700 839 7
1749 818 1765 835 »

315 851 375 885 142
398 852 562 894 Fleury
582 851 629 893 (le
651 851 811 895 général
833 851 902 895 E.),
921 851 1094 895 premier
1113 861 1264 885 veneur
1283 850 1329 885 de
1351 850 1600 895 l’empereur,
1621 849 1771 884 ambas¬

399 895 543 929 sadeur
562 896 584 929 à
603 895 871 945 Pétersbourg
890 906 936 929 au
963 899 1137 931 moment
1156 895 1202 930 de
1224 895 1262 930 la
1280 894 1464 929 dernière
1486 904 1644 939 guerre.
1665 913 1706 919 —
1725 894 1767 928 L.

400 950 435 973 a.
456 949 499 980 s.;
522 939 638 974 Hôtel
661 939 727 974 des
748 939 915 981 écuries,
937 942 973 974 21
998 942 1096 985 sept.
1123 942 1217 981 1853,
1238 942 1258 974 2
1277 950 1312 984 p.
1335 939 1425 973 in-4.
1683 941 1704 972 6
1751 950 1767 968 »

442 985 632 1015 Intéressante
653 985 734 1015 lettre
751 985 869 1015 relative
887 993 922 1014 au
940 992 1051 1023 voyage
1066 987 1101 1016 de
1117 984 1292 1023 l’empereur
1312 987 1340 1013 et
1357 985 1393 1014 de
1424 983 1627 1022 l'impératrice
1646 983 1718 1013 dans
1746 983 1771 1013 le

402 1024 472 1053 nord
493 1024 527 1053 de
543 1025 568 1053 la
586 1025 704 1055 France.

315 1062 375 1095 143
399 1063 579 1106 Foscolo
598 1062 722 1107 (Ego),
744 1062 902 1097 illustre
923 1062 1099 1096 écrivain
1120 1063 1160 1096 et
1180 1063 1351 1107 patriote
1373 1061 1527 1103 italien,
1544 1063 1689 1095 auteur
1703 1060 1770 1094 des

402 1105 541 1140 lettres
561 1106 607 1140 de
626 1109 744 1151 Jacopo
763 1108 865 1143 Ortis,
888 1109 991 1141 mort
1010 1106 1107 1141 dans
1127 1105 1234 1141 l’exil
1255 1117 1301 1140 en
1323 1106 1574 1151 Angleterre,
1595 1105 1680 1139 d’où
1710 1115 1770 1139 ses

401 1151 682 1195 compatriotes
717 1150 909 1185 viennent
945 1151 991 1185 de
1024 1150 1124 1185 faire
1165 1152 1414 1195 transporter
1449 1160 1509 1184 ses
1549 1149 1770 1194 dépouilles

401 1195 604 1230 mortelles
624 1206 672 1229 en
693 1195 821 1230 Italie.
842 1215 884 1220 —
904 1195 946 1229 L.
967 1206 1000 1229 a.
1022 1205 1051 1230 s.
1074 1195 1096 1228 à
1115 1195 1284 1237 Ücheda,
1307 1195 1457 1229 maison
1477 1193 1523 1228 de
1545 1194 1630 1229 lord
1652 1195 1771 1237 Spen¬

401 1249 467 1272 cer
481 1251 489 1281 ;
511 1239 699 1281 Londres,
721 1249 824 1274 mars
848 1242 943 1281 1818,
968 1242 978 1273 1
1003 1250 1039 1283 p.
1061 1239 1152 1280 in-4,
1174 1239 1323 1274 cachet.
1684 1240 1704 1272 4
1752 1251 1767 1269 »

443 1284 461 1312 Il
480 1292 496 1313 a
514 1285 623 1321 besoin,
637 1292 711 1322 pour
728 1293 763 1314 un
784 1284 898 1317 travail,
917 1285 952 1314 de
967 1285 1113 1315 consulter
1128 1284 1272 1322 plusieurs
1287 1291 1431 1322 ouvrages
1457 1284 1492 1313 de
1525 1284 1549 1313 la
1578 1283 1770 1319 bibliothèque

401 1323 436 1352 de
453 1323 514 1353 lord
530 1325 669 1362 Spencer,
686 1327 713 1354 et
727 1324 744 1354 il
757 1324 898 1354 demande
916 1323 1123 1354 l'ai.lorisalion
1140 1323 1175 1353 de
1193 1323 1234 1353 les
1260 1325 1409 1362 parcourir
1424 1330 1475 1352 sur
1495 1322 1585 1360 place.
1606 1323 1625 1352 Il
1655 1322 1769 1360 indique

401 1369 449 1390 ces
466 1362 553 1393 livres
571 1366 597 1392 et
615 1363 656 1392 les
671 1363 802 1394 éditions.
829 1362 870 1392 On
899 1366 1000 1392 Iiouve
1016 1363 1088 1392 dans
1122 1362 1147 1392 le
1175 1363 1294 1392 nombre
1322 1362 1329 1392 :
1362 1362 1533 1391 Muratori.
1567 1359 1770 1398 Macchiavel,

401 1400 534 1435 Murelli,
551 1402 593 1431 les
619 1402 685 1432 Vies
704 1403 747 1432 du
767 1403 867 1432 Danle
885 1409 938 1439 par
954 1402 1078 1431 Boccace
1095 1403 1122 1431 et
1146 1402 1277 1438 l'Arétin,
1296 1403 1350 1431 etc.

315 1440 374 1473 144
400 1439 610 1485 Girardin
640 1440 788 1485 (Emile
819 1439 906 1484 de),
939 1439 1093 1475 célèbre
1127 1439 1352 1484 publiciste.
1384 1459 1425 1464 —
1462 1439 1504 1475 L.
1536 1450 1569 1473 a.
1603 1449 1648 1481 s.,
1682 1440 1694 1472 1
1731 1449 1766 1483 p.

401 1482 498 1518 in-8.
1685 1485 1696 1517 1
1749 1495 1765 1514 »

315 1528 376 1561 145
401 1528 553 1572 Grévy
573 1528 721 1573 (Jules),
743 1529 1019 1574 représentant
1038 1528 1089 1562 du
1108 1528 1219 1571 Jura,
1235 1528 1439 1573 président
1452 1528 1498 1562 de
1515 1527 1767 1562 l’Assemblée

402 1571 618 1607 nationale.
639 1594 681 1598 —
701 1574 742 1608 L.
764 1584 798 1608 a.
820 1584 865 1615 s.,
890 1575 899 1607 1
925 1583 961 1617 p.
982 1572 1073 1607 in-8.
1685 1574 1706 1607 3
1752 1584 1769 1603 »

315 1616 375 1649 146
401 1616 601 1661 Grignan
620 1617 1114 1666 (Françoise-Marguerite
1135 1617 1182 1652 de
1202 1618 1340 1660 Sévignc
1343 1643 1352 1659 ,
1373 1619 1564 1651 comtesse
1586 1616 1660 1660 de),
1688 1616 1770 1650 fflle

401 1659 447 1693 de
462 1660 499 1694 M
505 1667 543 1682 me
558 1661 604 1696 de
625 1662 795 1707 Sévigné
815 1664 855 1696 et
874 1672 942 1696 son
963 1661 1092 1696 émule
1108 1661 1203 1696 dans
1219 1661 1254 1695 le
1271 1661 1396 1706 grand
1409 1661 1511 1707 style
1527 1660 1770 1705 épistolaire.

400 1724 442 1728 —
461 1704 504 1739 L.
526 1707 623 1748 aut.,
644 1706 718 1752 sig.
740 1707 787 1740 de
808 1716 877 1741 son
898 1705 1083 1750 paraphe,
1107 1708 1168 1748 1/2
1187 1716 1222 1751 p.
1245 1705 1337 1740 in-4.
1356 1708 1439 1740 Jolie
1452 1707 1554 1751 pièce.
1663 1707 1706 1739 40
1753 1718 1769 1736 »

317 1749 376 1782 147
402 1749 542 1793 Guiod
562 1750 645 1794 (G.),
667 1750 828 1795 général
849 1750 1097 1792 d’artillerie,
1119 1750 1398 1785 commandant
1417 1761 1463 1784 en
1485 1749 1578 1784 chef
1594 1749 1773 1784 l’artille¬

403 1792 460 1826 rie
482 1794 528 1828 de
549 1794 662 1830 Paris
685 1795 858 1840 pendant
878 1794 912 1828 le
933 1793 1055 1838 siège.
1076 1814 1117 1819 —
1137 1795 1178 1829 L.
1200 1805 1234 1828 a.
1256 1805 1301 1836 s.,
1326 1797 1420 1834 1862,
1447 1797 1457 1828 1
1484 1804 1518 1838 p.
1541 1794 1632 1828 in-4.
1655 1794 1771 1828 Rela¬

402 1836 483 1871 tive
504 1838 527 1872 à
545 1838 612 1873 des
631 1840 823 1884 épreuves
844 1838 891 1873 de
911 1849 1070 1873 canons.
1685 1840 1706 1873 3
1754 1852 1770 1869 »

317 1882 377 1915 148
401 1882 717 1927 Haussonville
736 1883 843 1927 (Jos.,
865 1885 990 1917 comte
1011 1883 1071 1927 d’),
1087 1882 1302 1928 diplomate
1318 1884 1358 1917 et
1370 1882 1545 1916 écrivain
1563 1882 1771 1927 politique,

404 1924 449 1959 de
471 1926 616 1962 i’Acad.
637 1928 686 1963 fr.
707 1948 749 1953 —
767 1927 811 1962 L.
833 1929 929 1969 aut.,
949 1927 1024 1972 sig.
1046 1928 1068 1961 à
1088 1927 1126 1961 la
1144 1930 1165 1962 3
1167 1934 1179 1948 e
1201 1937 1316 1972 pers.,
1343 1930 1351 1961 1
1378 1938 1413 1972 p.
1435 1927 1528 1961 in-4.
1686 1930 1707 1962 3
1754 1940 1770 1959 »

319 1971 378 2003 149
403 1971 572 2015 Hébert
600 1972 746 2016 (René),
778 1971 988 2006 rédacteur
1016 1971 1067 2006 du
1101 1973 1179 2006 Père
1208 1974 1357 2006 Duchènc
1365 1998 1374 2013 ,
1407 1981 1628 2016 procureur
1657 1971 1704 2005 de
1735 1972 1773 2006 la

404 2014 618 2050 Commune
639 2017 685 2051 de
706 2016 833 2058 Paris,
860 2016 953 2050 chef
977 2015 1027 2050 du
1057 2016 1160 2061 parti
1190 2015 1429 2051 Hébertiste.
1450 2036 1492 2041 —
1529 2015 1644 2050 Pièce
1682 2016 1771 2061 sig.;

401 2060 444 2093 23
465 2069 568 2095 mars
593 2063 687 2103 1793,
708 2064 729 2096 2
747 2071 783 2106 p.
805 2060 896 2096 in-f.
916 2063 1015 2096 Rare.
1668 2062 1707 2096 14
1755 2075 1770 2094 »

319 2105 380 2137 150
403 2105 542 2139 Henri
560 2107 614 2140 de
632 2108 815 2147 France,
841 2107 967 2140 comte
994 2106 1040 2140 de
1068 2105 1302 2140 Chambord.
1334 2124 1375 2129 —
1406 2108 1427 2139 2
1457 2105 1601 2150 petites
1630 2108 1772 2148 cartes,

404 2147 501 2183 dont
520 2149 623 2184 l’une
646 2153 808 2194 portant
833 2161 875 2184 sa
904 2150 1112 2195 signature
1142 2152 1277 2194 autog.
1309 2160 1400 2184 sous
1433 2160 1485 2184 un
1516 2150 1654 2185 cachet
1685 2150 1707 2184 à
1737 2151 1774 2185 la

403 2191 483 2226 cire
506 2204 629 2239 rouge
650 2195 794 2239 (devise
817 2197 824 2229 :
847 2196 942 2228 Fides
962 2198 991 2228 et
1008 2195 1105 2238 spes),
1126 2196 1167 2229 et
1186 2194 1327 2229 l’autre
1347 2204 1417 2229 son
1439 2193 1608 2238 portrait
1637 2194 1772 2240 frappé

406 2236 428 2271 à
445 2236 565 2281 froid,
586 2250 680 2274 avec
699 2241 803 2274 cette
824 2239 956 2274 devise
977 2241 985 2273 :
1006 2240 1202 2283 L’Orphelin
1225 2243 1272 2272 est
1292 2241 1449 2282 puissant
1470 2239 1555 2272 dans
1573 2240 1607 2272 la
1624 2241 1716 2273 main
1735 2241 1774 2273 de

405 2283 500 2316 Dieu.
1687 2286 1709 2319 5
1757 2297 1772 2315 »

320 2326 373 2360 151
403 2327 531 2371 Hugo
550 2327 723 2371 (Victor),
745 2327 931 2362 l’illustre
954 2328 1078 2372 poète.
1099 2347 1140 2352 —
1159 2326 1203 2362 L.
1224 2337 1258 2362 a.
1280 2337 1324 2367 s.;
1349 2329 1387 2361 16
1411 2327 1505 2362 août
1535 2327 1657 2371 (1831),
1691 2331 1701 2362 1
1737 2339 1772 2373 p.

406 2371 502 2405 in-8.
1687 2375 1708 2406 6
1756 2385 1772 2403 »

447 2417 465 2445 Il
485 2417 591 2447 adhère
623 2418 658 2448 de
684 2417 774 2454 grand
800 2424 891 2451 cœur,
923 2416 993 2446 ainsi
1025 2417 1094 2454 qu'il
1121 2416 1158 2446 l'a
1181 2415 1244 2454 déjà
1271 2416 1343 2447 écrit
1371 2424 1406 2446 au
1437 2416 1553 2455 général
1580 2416 1738 2454 Lafayelle,
1757 2419 1773 2447 à

405 2458 499 2485 toutes
515 2456 557 2486 1rs
576 2456 748 2487 résolutions
767 2464 822 2493 que
839 2456 863 2486 le
878 2456 981 2486 comité
997 2456 1126 2494 polonais
1139 2454 1209 2485 croit
1224 2455 1323 2486 devoir
1337 2456 1461 2494 prendre
1478 2456 1551 2486 dans
1563 2456 1588 2486 le
1605 2457 1708 2487 double
1722 2457 1773 2487 but

406 2495 441 2525 de
458 2495 552 2525 servir
570 2495 595 2525 la
613 2497 725 2526 France
742 2498 769 2526 et
791 2496 817 2525 la
835 2496 971 2532 Bologne.

320 2535 380 2568 152
404 2535 463 2568 Le
481 2535 636 2569 même.
649 2554 690 2559 —
705 2534 746 2568 L.
768 2544 802 2568 a.
823 2533 898 2578 sig.
920 2533 1056 2568 Victor
1075 2533 1138 2575 H.,
1160 2533 1181 2566 à
1200 2533 1298 2578 Eug.
1321 2533 1488 2576 Guinot;
1510 2536 1529 2567 7
1544 2533 1632 2579 juin
1647 2536 1771 2579 (1831),

408 2581 419 2613 1
445 2589 480 2623 p.
501 2578 597 2614 in-8.
618 2578 801 2614 Relative
823 2578 845 2612 à
865 2589 940 2613 une
961 2577 1278 2622 représentation
1299 2577 1322 2612 d
1326 2577 1501 2613 ’Hernani.
1687 2582 1708 2614 3
1731 2582 1774 2614 50
