1858 2885
278 146 337 178 No
361 145 429 178 27.

1324 140 1477 174 Juillet
1499 141 1622 175 1871.

710 296 1177 369 REVUE
904 416 977 449 DES
212 492 1672 681 AUTOGRAPHES
408 754 483 798 DES
505 744 745 798 CURIOSITÉS
770 754 815 797 DE
837 753 1056 797 L'HISTOIRE
1079 755 1111 797 &
1132 753 1178 797 DE
1199 753 1242 797 LA
1263 753 1498 797 BIOGRAPHIE

247 861 605 889 PARAISSANT
622 860 843 892 CHAQUE
866 860 1006 890 MOIS,
1023 859 1159 887 SOUS
1181 860 1253 886 LA
1269 860 1560 887 DIRECTION
1581 860 1648 886 DE

665 944 904 977 GABRIEL
936 943 1242 977 CHARAVAY

334 1071 780 1096 ABONNEMENTS
800 1077 806 1096 :

256 1138 417 1168 France,
435 1144 486 1163 un
501 1137 550 1169 an
569 1137 613 1169 (12
630 1136 764 1169 Numéros;
814 1136 841 1162 3
859 1137 903 1162 l'r.

257 1179 755 1219 Étranger.
810 1187 834 1213 4

1173 1094 1465 1120 BUREAUX
1482 1102 1490 1119 :

996 1172 1062 1204 60,
1077 1180 1147 1200 rue
1161 1174 1647 1205 Saint-André-des-Arts,

612 1277 669 1310 UN
709 1270 902 1310 NUMÉRO
936 1288 943 1311 :
984 1279 1037 1312 25
1062 1281 1291 1314 CENTIMES

269 1438 479 1474 Sommaire
502 1451 509 1473 :
539 1440 568 1474 I.
589 1440 787 1481 Nécrologie.
810 1441 853 1475 —
882 1441 915 1475 2.
936 1440 1248 1482 Autographes
1260 1441 1287 1473 à
1296 1440 1398 1482 prix
1413 1443 1635 1483 marqués.

733 1603 1170 1653 NÉCROLOGIE.

274 1722 534 1761 Gauthier-La
557 1721 743 1770 Chapelle
776 1714 1460 1771 (Claude-Marie-Émiliand-Adrien),
1491 1729 1617 1763 avocat
1663 1729 1683 1763 k

228 1773 261 1810 la
291 1774 387 1810 Cour
420 1771 578 1822 d'appel,
615 1771 818 1821 professeur
837 1770 881 1808 de
914 1770 1025 1817 droit,
1049 1770 1409 1821 secrétaire-adjoint
1429 1773 1472 1810 de
1509 1774 1684 1813 l’Institut

228 1823 442 1873 historique,
476 1820 636 1859 membre
659 1821 704 1858 de
739 1820 772 1858 la
804 1820 947 1858 Société
979 1819 1044 1857 des
1077 1823 1267 1858 Amateurs
1301 1822 1599 1873 d’autographes,
1627 1833 1680 1863 est

229 1879 320 1910 mort
336 1872 367 1910 le
382 1872 430 1910 20
441 1871 583 1922 janvier
601 1870 757 1912 dernier,
779 1870 871 1908 dans
883 1880 923 1908 sa
946 1870 992 1907 74
996 1877 1008 1893 e
1024 1871 1152 1907 année.
1180 1870 1225 1907 M.
1245 1869 1496 1911 Gauthier-La
1512 1874 1684 1923 Chapelle

228 1923 317 1960 était
340 1934 388 1959 un
407 1922 472 1960 des
490 1922 570 1971 plus
590 1921 741 1959 anciens
760 1926 943 1957 amateurs
962 1919 1245 1968 d’autographes
1265 1921 1309 1958 de
1341 1920 1457 1960 Paris.
1483 1922 1530 1960 Sa
1548 1924 1681 1961 collec¬

231 1973 304 2010 tion
320 1978 375 2009 est
393 1971 473 2022 déjà
486 1971 718 2009 mentionnée
731 1969 822 2007 dans
841 1969 875 2006 le
892 1970 1048 2006 Manuel
1064 1969 1108 2006 de
1125 1969 1172 2007 M.
1190 1969 1290 2008 Jules
1309 1970 1496 2019 Fontaine,
1512 1984 1554 2010 en
1572 1973 1681 2011 1836.

230 2034 273 2059 au
298 2021 446 2059 nombre
463 2021 526 2059 des
546 2020 625 2071 plus
645 2020 917 2058 intéressantes.
945 2019 1020 2056 Elle
1039 2029 1078 2056 se
1091 2030 1257 2067 compose
1276 2019 1320 2057 de
1336 2020 1529 2059 célébrités
1543 2023 1588 2060 de
1606 2030 1686 2061 tous

229 2082 373 2120 genres,
397 2072 488 2108 mais
505 2070 843 2119 particulièrement
861 2069 906 2106 de
925 2068 1034 2105 celles
1053 2068 1114 2117 qui
1134 2079 1173 2105 se
1195 2069 1405 2107 rattachent
1436 2082 1481 2108 au
1505 2074 1618 2121 règne
1641 2073 1684 2110 de

235 2121 341 2160 Louis
362 2121 445 2160 XIII
490 2121 640 2158 Homme
655 2119 700 2158 de
717 2119 819 2168 goût,
841 2124 1005 2156 amateur
1021 2107 1167 2159 délicat,
1191 2118 1237 2156 M.
1261 2118 1438 2157 Gauthier
1457 2121 1686 2160 n’admettait

231 2171 321 2209 dans
341 2183 398 2209 ses
420 2171 577 2208 dossiers
596 2181 667 2219 que
686 2169 749 2206 des
779 2169 897 2217 pièces
915 2167 1024 2205 d’une
1053 2167 1306 2205 conservation
1333 2169 1499 2217 parfaite,
1520 2172 1541 2208 à
1568 2172 1687 2210 moins

233 2232 279 2268 qu
296 2221 384 2259 elles
402 2231 449 2257 ne
474 2219 612 2258 fussent
631 2219 742 2256 d’une
761 2219 880 2256 rareté
903 2217 1153 2266 très-grande,
1184 2223 1233 2259 et,
1256 2218 1398 2268 chaque
1427 2219 1494 2258 fois
1517 2220 1603 2269 qu’il
1640 2233 1684 2259 en

236 2271 393 2307 trouvait
419 2271 625 2311 l’occasion,
650 2269 672 2305 il
697 2280 741 2306 en
765 2267 979 2316 remplaçait
998 2278 1069 2304 une
1093 2266 1273 2305 médiocre
1296 2279 1360 2317 par
1382 2279 1453 2306 une
1475 2269 1555 2318 plus
1577 2270 1685 2310 belle.

235 2318 260 2356 Il
284 2319 342 2356 n’a
363 2320 463 2356 cessé
485 2320 738 2367 d’augmenter
768 2328 807 2355 sa
838 2316 1029 2354 collection
1059 2316 1224 2366 jusqu’au
1257 2316 1405 2355 dernier
1428 2326 1600 2357 moment.
1639 2321 1686 2358 Sa

235 2381 303 2406 vue
321 2368 443 2406 s’était
462 2367 646 2417 beaucoup
665 2367 834 2405 affaiblie.
855 2366 1093 2408 Néanmoins,
1116 2366 1137 2402 il
1155 2366 1285 2403 sortait
1306 2373 1385 2404 tous
1407 2367 1457 2404 les
1471 2368 1585 2416 jours,
1608 2377 1643 2407 et
1663 2371 1686 2407 il

236 2419 334 2456 avait
351 2417 454 2459 failli,
480 2417 500 2454 il
521 2429 542 2467 y
564 2429 584 2454 a
601 2417 777 2466 quelques
796 2417 944 2457 années,
967 2414 1046 2452 être
1075 2416 1197 2452 écrasé
1218 2426 1282 2463 par
1303 2427 1373 2453 une
1406 2417 1557 2455 voiture.
1593 2418 1619 2455 Il
1642 2431 1686 2457 en

237 2468 289 2505 fut
305 2468 422 2518 quille
440 2478 528 2516 pour
549 2467 727 2515 quelques
746 2465 970 2504 contusions.
994 2465 1041 2501 Sa
1062 2466 1167 2502 santé
1186 2464 1276 2502 était
1294 2472 1370 2503 tout
1390 2468 1411 2504 k
1434 2467 1498 2504 fait
1518 2468 1684 2515 rétablie,

240 2519 331 2555 mais
352 2519 373 2554 il
395 2517 454 2555 n’a
474 2528 517 2566 pu
539 2521 730 2565 supporter
752 2517 803 2553 les
824 2515 1022 2565 privations
1038 2525 1107 2563 que
1125 2514 1157 2551 le
1175 2514 1277 2562 siège
1290 2515 1336 2552 de
1351 2515 1454 2553 Paris
1470 2527 1491 2553 a
1509 2516 1689 2567 imposées

238 2579 306 2605 aux
343 2577 541 2616 personnes
572 2566 689 2602 même
720 2565 770 2602 les
790 2565 872 2613 plus
901 2564 1028 2602 aisées.
1067 2563 1090 2600 Il
1127 2563 1187 2612 n’y
1207 2564 1306 2601 avait
1335 2576 1397 2614 pas
1425 2565 1607 2604 d’homme
1641 2579 1686 2605 au
