1858 2868
809 92 1015 144 - 11 -
182 198 242 233 153
265 197 545 238 Ladmirault
572 195 655 239 (de),
689 196 850 246 général
882 197 928 231 de
960 198 1147 241 division,
1179 199 1457 234 commandant
1489 208 1541 232 un
1574 197 1641 231 des

266 243 407 285 quatre
428 250 540 284 corps
560 238 729 274 d’armee
750 241 863 285 après
884 241 922 276 la
944 242 1046 286 prise
1067 243 1113 278 de
1134 243 1262 279 Paris.
1282 263 1324 269 —
1353 243 1391 277 L.
1418 254 1451 277 a.
1473 253 1519 283 s.,
1544 243 1640 281 1855,

273 287 285 319 1
310 295 345 330 p.
367 284 455 320 in-f.
1556 288 1578 319 2
1626 297 1641 315 »

183 330 242 365 154
266 329 593 369 Ledru-Rollin,
626 327 780 362 célèbre
812 331 975 365 orateur
1012 331 1341 375 parlementaire,
1380 330 1553 365 membre
1590 329 1642 363 du

269 375 585 418 gouvernement
604 371 823 417 provisoire
844 372 891 407 de
914 376 1111 411 1848.—L.
1127 387 1161 411 a.
1177 387 1206 411 s.
1229 376 1264 420 (à
1283 376 1390 410 Elias
1410 373 1642 419 Régnault);

268 421 289 452 3
303 417 445 462 juillet
464 417 587 461 (1841),
608 419 628 451 2
648 426 684 461 p.
710 417 769 458 1/2
789 416 885 452 in-8.
1558 419 1578 452 4
1626 429 1642 448 »

319 462 528 493 l'rès-cuiieuse
546 462 628 491 lettre
644 461 762 491 relative
776 463 792 491 à
808 469 860 492 son
878 462 997 494 élection
1013 464 1086 495 dans
1104 465 1129 494 la
1146 466 1251 495 Sarthe
1269 466 1285 495 à
1318 464 1344 494 la
1362 465 1441 502 place
1455 464 1490 493 de
1509 462 1645 493 Garnier-

273 502 373 539 Pagès.
394 501 414 531 Il
433 509 463 530 se
483 501 572 538 plaint
590 501 767 530 amèrement
782 501 833 531 des
852 504 984 539 attaques
1002 503 1049 540 qui
1066 506 1115 533 ont
1132 503 1178 535 été
1196 505 1321 541 dirigées
1348 507 1447 533 contre
1474 502 1525 538 lui,
1552 509 1604 539 par
1621 500 1646 529 le

274 540 408 577 pouvoir,
420 540 468 577 qui
488 540 565 569 avait
580 539 631 568 fait
644 539 744 570 courir
756 540 782 569 le
802 540 880 569 bruit
894 541 962 578 qu’il
977 543 1052 571 avait
1071 542 1186 580 présidé
1202 543 1229 573 la
1243 543 1362 573 réunion
1378 542 1415 573 où
1433 540 1552 573 Alibaud
1571 539 1647 570 avait

273 580 333 616 pris
347 580 372 609 la
392 578 549 609 résolution
566 579 600 608 de
619 581 683 608 tuer
702 578 728 608 le
743 579 799 613 roi,
819 581 847 609 et
864 587 915 617 par
929 581 954 610 le
983 581 1147 618 National,
1164 582 1211 619 qui
1238 581 1275 612 lui
1310 582 1446 619 préférait
1476 580 1576 610 Michel
1612 578 1647 608 de

277 619 415 656 Bourges.

186 658 246 693 155
271 658 386 699 Leflo
407 655 516 699 (Ad.),
539 655 697 711 général
719 658 760 691 et
786 657 1075 702 représentant,
1106 659 1279 703 proscrit
1309 659 1345 693 le
1376 661 1396 694 2
1426 657 1646 695 décembre,

271 700 455 735 ministre
475 699 521 733 de
543 702 581 734 la
600 710 744 744 guerre
767 702 941 746 pendant
960 705 1002 736 et
1021 702 1133 746 après
1162 703 1198 738 le
1226 703 1333 748 siège
1366 703 1412 738 de
1443 701 1571 741 Paris,
1598 699 1646 734 né

271 745 367 779 dans
387 744 422 778 le
443 743 655 781 Finistère.
677 764 719 769 —
743 745 784 780 L.
806 756 840 780 a.
862 756 906 786 s.,
927 748 1024 787 1850,
1048 748 1058 780 1
1084 757 1119 791 p.
1141 746 1233 781 in-8.
1556 747 1577 780 3
1625 757 1641 774 »

186 791 247 826 156
272 789 443 839 Leroux
462 788 578 839 (Alt'.),
599 787 743 833 député
764 789 810 823 de
832 790 870 824 la
897 789 1065 828 Vendée,
1096 790 1410 836 vice-président
1442 791 1492 825 du
1527 789 1648 832 Corps

272 832 480 878 législatif.
500 852 543 857 —
564 832 605 866 L.
628 843 661 867 a.
682 843 727 874 s.,
751 836 847 874 1865,
872 836 882 868 1
908 845 943 878 p.
967 835 1027 876 1/2
1048 834 1139 869 in-8.
1567 835 1577 867 1
1606 834 1649 867 50

188 880 246 914 157
272 877 493 921 Lorencez
512 876 593 921 (Ch.
615 876 796 920 Latrille,
818 882 944 913 comte
966 878 1039 922 de),
1062 878 1223 928 général
1251 879 1297 913 de
1331 878 1517 920 division,
1544 887 1648 911 com¬

273 921 462 955 mandant
493 931 541 955 en
570 920 662 955 chef
690 921 724 956 le
756 932 869 967 corps
900 922 1243 975 expéditionnaire
1275 924 1326 958 du
1365 923 1566 967 Mexique,
1602 920 1648 954 né

271 966 367 1000 dans
387 965 426 999 la
445 965 591 999 Meuse.
613 984 654 990 —
669 965 710 1000 L.
732 977 766 1000 a.
787 977 837 1009 s.;
859 956 1108 1010 Bar-le-Duc,
1132 970 1229 1009 1851,
1249 970 1270 1002 2
1288 979 1323 1013 p.
1348 968 1442 1002 in-4.
1464 965 1647 1002 Relative

273 1010 295 1044 à
313 1020 355 1044 sa
375 1009 622 1054 biographie.
1564 1013 1585 1045 3
1633 1021 1648 1039 »

190 1055 248 1091 158
273 1055 443 1097 Louvet
462 1053 571 1097 (Ch.),
591 1053 736 1098 député
766 1054 812 1088 de
844 1054 1195 1098 Maine-et-Loire,
1226 1056 1410 1090 ministre
1443 1054 1489 1089 de
1520 1053 1649 1098 Napo¬

274 1098 363 1133 léon
383 1098 449 1133 III.
470 1117 513 1122 —
532 1098 574 1132 L.
596 1108 629 1132 a.
651 1108 695 1139 s.,
723 1100 819 1140 1853,
844 1101 855 1133 1
880 1109 915 1143 p.
938 1098 1030 1133 in-8.
1564 1101 1585 1132 2
1633 1109 1649 1127 »

190 1144 250 1179 159
274 1143 454 1186 Luynes
475 1142 586 1184 (Paul
610 1141 788 1177 d’Albert
802 1142 875 1186 de),
890 1142 1084 1185 cardinal,
1100 1143 1249 1189 évêque
1265 1143 1311 1178 de
1327 1144 1501 1188 Bayeux,
1517 1141 1652 1176 arche¬

275 1186 400 1231 vêque
422 1186 468 1221 de
490 1186 600 1228 Sens,
622 1186 782 1221 ennemi
801 1187 869 1221 des
888 1187 1148 1231 Jansénistes,
1170 1189 1409 1229 astronome,
1432 1185 1574 1222 memb.
1603 1185 1650 1219 de

277 1231 422 1265 l’Acad.
456 1231 520 1272 fr.,
554 1230 600 1264 né
632 1231 654 1265 à
684 1230 911 1266 Versailles.
944 1252 985 1257 —
1022 1232 1064 1266 L.
1098 1244 1130 1267 a.
1165 1243 1194 1267 s.
1229 1233 1251 1266 à
1278 1233 1316 1267 M
1321 1239 1359 1254 mo
1391 1233 1437 1266 de
1469 1231 1649 1275 Nogent;

277 1275 446 1317 Somme,
470 1278 481 1310 1
489 1281 515 1296 er
538 1274 614 1309 mai
638 1277 733 1314 1853,
758 1277 818 1318 1/2
838 1285 873 1320 p.
895 1276 986 1311 in-4.
1007 1276 1111 1311 Jolie
1132 1276 1256 1321 pièce.
1546 1277 1584 1309 10
1631 1286 1648 1304 »

192 1321 253 1355 160
277 1321 452 1363 Mahias
472 1319 621 1363 (Jules),
643 1319 870 1364 publiciste,
891 1320 1283 1366 secrétaire-général
1306 1320 1352 1355 de
1373 1321 1411 1355 la
1429 1319 1570 1354 mairie
1603 1318 1649 1352 rie

278 1364 391 1398 Paris
413 1363 586 1409 pendant
608 1364 643 1398 le
664 1363 785 1408 siège.
807 1383 848 1389 —
867 1364 910 1398 L.
932 1375 966 1399 a.
988 1375 1032 1404 s.,
1058 1367 1151 1407 1859,
1176 1368 1186 1399 1
1213 1376 1246 1409 p.
1270 1365 1362 1400 in-8.
1570 1365 1579 1397 1
1609 1365 1652 1397 25

191 1410 246 1444 161
277 1409 492 1452 Malézieu
527 1407 705 1452 (Nicolas
726 1407 805 1453 de),
835 1408 990 1443 célèbre
1020 1408 1082 1443 bel
1114 1409 1241 1454 esprit
1278 1409 1329 1443 du
1374 1414 1471 1443 xvu°
1516 1406 1649 1448 siècle,

277 1453 390 1497 poète
417 1454 457 1487 et
482 1452 822 1494 mathématicien,
849 1452 896 1487 de
924 1452 1068 1488 l’Acad.
1099 1453 1147 1488 fr.
1177 1473 1218 1478 —
1250 1454 1367 1488 Pièce
1399 1452 1474 1497 sig.
1501 1461 1650 1486 comme

276 1496 490 1531 secrétaire
523 1496 590 1531 des
619 1496 981 1532 commandements
1009 1497 1060 1531 clu
1093 1497 1168 1532 duc
1197 1498 1248 1532 du
1273 1497 1418 1539 Maine,
1457 1498 1551 1538 1709,
1575 1497 1586 1529 1
1613 1506 1648 1540 p.

277 1540 367 1575 in-f.
389 1540 598 1595 Fatiguée.
619 1543 717 1576 Rare.
1566 1542 1587 1574 5
1636 1553 1650 1569 »

192 1586 253 1621 162
277 1585 444 1629 Martin
470 1584 643 1629 (Henri),
663 1584 818 1620 célèbre
841 1585 1050 1628 historien,
1067 1585 1190 1620 maire
1205 1586 1295 1621 d’un
1314 1585 1653 1620 arrondissement

278 1629 324 1664 de
341 1630 452 1664 Paris
474 1629 647 1679 pendant
667 1629 702 1663 le
723 1629 845 1672 siège,
868 1631 1144 1674 représentant
1163 1630 1210 1664 de
1232 1631 1270 1665 la
1289 1629 1406 1665 Seine
1427 1630 1449 1663 à
1468 1629 1651 1664 l’Assem¬

280 1673 365 1709 blée
402 1674 618 1715 nationale,
650 1673 699 1707 né
731 1674 753 1708 à
784 1674 1105 1713 Saint-Quentin.
1137 1694 1179 1700 —
1210 1675 1253 1709 L.
1292 1686 1326 1709 a.
1359 1685 1404 1717 s.,
1438 1676 1534 1715 1859,
1568 1675 1578 1706 1
1615 1682 1650 1717 p.

280 1719 376 1753 in-8.
1566 1719 1587 1752 3
1635 1729 1651 1748 »

310 1763 440 1794 Relative
459 1771 515 1792 aux
536 1763 730 1800 autographes
748 1763 782 1793 de
801 1763 898 1793 Daniel
918 1763 1025 1794 Manin.

195 1803 256 1837 163
280 1803 591 1846 Martimprey,
607 1801 769 1846 général
790 1802 836 1835 de
852 1800 1037 1844 division,
1051 1802 1144 1836 chef
1154 1801 1418 1847 d’état-major
1432 1801 1478 1835 de
1494 1799 1653 1835 l’armée

281 1846 473 1888 d’Orient,
495 1856 750 1890 gouverneur
769 1846 836 1880 des
857 1846 1070 1888 Invalides,
1093 1846 1240 1881 détenu
1262 1857 1410 1880 comme
1440 1847 1556 1890 otage
1584 1854 1654 1888 par

282 1890 320 1925 la
355 1891 570 1926 Commune
602 1890 648 1924 de
680 1890 808 1925 Paris.
833 1890 937 1925 —L.
970 1901 1003 1925 a.
1037 1901 1067 1925 s.
1092 1904 1100 1935 ;
1139 1891 1285 1933 Varna,
1328 1892 1421 1933 1854,
1465 1893 1475 1924 1
1517 1899 1553 1934 p.
1596 1890 1656 1931 1/2

282 1934 378 1970 in-4.
1569 1935 1590 1967 4
1637 1945 1653 1963 »

196 1980 256 2014 164
280 1981 472 2028 Mazure,
493 1977 653 2028 général
674 1978 923 2018 d’artillerie,
950 1979 1230 2013 commandant
1251 1979 1272 2012 à
1291 1979 1400 2024 Lyon
1427 1978 1449 2013 à
1475 1978 1653 2022 l’époque

281 2024 328 2058 de
349 2024 387 2058 la
406 2022 590 2057 dernière
612 2033 769 2066 guerre,
792 2022 924 2057 arrêté
946 2034 1016 2068 par
1035 2023 1071 2059 le
1092 2023 1244 2058 Comité
1265 2023 1311 2057 de
1332 2023 1438 2058 salut
1453 2021 1586 2068 public
1606 2021 1653 2055 de

283 2069 386 2103 cette
408 2067 516 2101 ville.
538 2086 580 2092 —
599 2068 643 2101 L.
664 2077 709 2108 s.,
734 2069 831 2109 1859,
856 2069 866 2101 1
892 2077 926 2110 p.
953 2069 1013 2110 1/2
1032 2067 1119 2102 in-f.
1572 2069 1583 2100 1
1612 2068 1655 2100 50

198 2114 259 2147 165
283 2111 590 2155 Mellinet(E.),
606 2111 724 2145 brave
746 2101 922 2161 général,
944 2111 1223 2147 commandant
1243 2111 1280 2146 la
1296 2111 1416 2157 garde
1433 2110 1654 2155 impériale,

285 2157 374 2200 puis
405 2156 473 2190 des
511 2155 652 2198 gardes
690 2155 913 2190 nationales
944 2156 991 2190 de
1030 2157 1068 2191 la
1102 2156 1235 2197 Seine,
1273 2156 1341 2200 qui
1379 2155 1563 2200 occupait
1599 2154 1656 2189 les

283 2200 498 2235 Tuilleries
514 2198 554 2235 le
575 2203 595 2235 4
612 2200 852 2244 septembre,
872 2200 952 2235 lors
972 2200 1023 2235 du
1044 2200 1183 2245 départ
1212 2200 1258 2234 de
1284 2190 1585 2245 l’Impératrice.
1615 2218 1656 2223 —

284 2245 326 2279 L.
349 2255 382 2279 a.
405 2255 450 2286 s.,
471 2255 520 2278 au
541 2255 701 2290 crayon,
726 2245 787 2287 1/2
806 2255 841 2289 p.
863 2244 954 2279 in-4.
1570 2246 1591 2277 2
1639 2255 1655 2273 »

199 2289 260 2323 166
284 2289 394 2333 Miot
427 2289 590 2333 (Jules),
624 2288 902 2338 représentant
940 2289 986 2323 de
1024 2289 1062 2323 la
1104 2288 1266 2331 Nièvre,
1315 2289 1488 2323 membre
1529 2287 1576 2321 de
1620 2287 1658 2321 la

287 2334 502 2369 Commune
524 2333 570 2366 de
591 2333 718 2375 Pans,
740 2333 789 2367 où
811 2333 840 2368 il
860 2333 906 2367 fit
925 2332 1106 2368 décréter
1125 2333 1164 2367 la
1183 2333 1360 2368 création
1375 2332 1426 2367 du
1442 2331 1594 2367 Comité
1610 2331 1657 2365 de

287 2377 393 2413 salut
413 2376 561 2422 public.
582 2396 623 2402 —
643 2377 685 2411 L.
708 2388 742 2412 a.
764 2388 814 2419 s.;
840 2380 878 2412 18
892 2376 986 2422 juil.
1012 2379 1106 2419 1849,
1132 2379 1142 2411 1
1167 2388 1203 2423 p.
1229 2379 1289 2420 1/2
1309 2377 1404 2411 in-8.
1571 2378 1592 2410 6
1640 2387 1656 2406 »

326 2422 466 2453 Curieuse
481 2422 564 2452 lettre
579 2429 630 2452 sur
649 2429 704 2452 une
718 2422 905 2453 délibération
923 2425 960 2452 du
979 2421 1086 2453 conseil
1100 2422 1254 2460 municipal
1270 2423 1304 2452 de
1319 2423 1413 2452 Cosne
1430 2430 1504 2459 pour
1518 2428 1658 2460 procurer

287 2462 323 2492 du
342 2462 444 2492 travail
462 2468 517 2491 aux
534 2461 642 2491 classes
659 2461 818 2491 ouvrières.
839 2473 850 2486 »
876 2461 1005 2499 Occuper
1019 2461 1028 2491 1
1040 2461 1168 2498 homme,
1182 2461 1266 2496 dit-il,
1284 2461 1354 2491 c'est
1364 2462 1390 2491 le.
1403 2461 1567 2491 moraliser.
1586 2473 1597 2485 »

202 2502 262 2535 167
289 2500 564 2542 Montauban
584 2499 663 2542 (Ch.
685 2500 804 2534 Cousin
825 2499 897 2542 de),
918 2500 1045 2534 comte
1066 2500 1112 2533 de
1132 2501 1268 2533 Palihao
1272 2526 1281 2542 ,
1297 2499 1459 2534 dernier
1474 2499 1657 2534 ministre

288 2545 334 2579 de
355 2544 559 2590 Napoléon
579 2543 645 2579 III.
666 2563 708 2568 —
726 2543 770 2578 L.
791 2554 825 2578 a.
846 2553 876 2579 s.
891 2556 899 2588 ;
922 2544 1076 2586 Rouen,
1100 2546 1195 2587 1859,
1220 2546 1248 2579 1.
1269 2554 1305 2589 p.
1328 2544 1424 2579 in-4.
1572 2546 1593 2577 6
1640 2555 1657 2574 »
