2084 2737
977 736 413 55 <b>MOORE</b> (<b>Henry</b>).

576 901 1257 55 Né à York en 1831. Fils de William Moore, peintre

520 969 1310 56 également, qui tenait aussi un atelier d’enseignement. Il

517 1036 1313 54 débuta sous la direction de son père et près de ses deux

514 1102 1315 55 frères, dont le plus jeune, Albert (1841-1893), devait se

516 1169 1312 57 conquérir une grande notoriété comme peintre de

517 1238 165 53 figures.

568 1304 1259 50 Vint à Londres avec son frère aîné et fut reçu aux

515 1371 1312 54 Écoles de l’Académie en 1853. Il exposa pour la pre¬

513 1437 1314 55 mière fois, cette même année, à la Royal Academy. Il pei¬

509 1505 1315 54 gnit d’abord des paysages, puis, à partir de 1838, il com¬

510 1571 1311 55 mença à se livrer plus spécialement à la contemplation

508 1638 1313 55 des grands spectacles de la mer. Il s'est fait dans ce genre

506 1705 1316 55 un nom exceptionnel par la puissance et l’éclat de sa

507 1772 1313 55 vision et sa compréhension de la vie intense qui, sous

505 1838 1312 50 les ciels en mouvement, anime les flots comme un

504 1906 1316 54 immense organisme tourmenté. Élu associé de l’Acadé¬

504 1972 1312 54 mie royale en 1886 et membre titulaire en 1893. Grand

502 2039 1314 55 prix à l’Exposition Universelle de Paris 1889 et cheva¬

500 2105 1016 55 lier de la Légion d’honneur la même année.

554 2174 1089 52 Henry Moore est mort à Margate en juin 1895.

1080 2296 225 42 — 68 —
