1749 2481
672 691 357 44 PORTRAITS

412 998 541 40 35. — Portrait de l’auteur.

596 1100 696 35 Signé à gauche, en bleu : 1842, Gustave

568 1142 127 26 Courbet.

598 1182 696 35 C’est par ce tableau que l’artiste a débuté au

566 1223 224 35 Salon de 1844.

867 1290 364 34 T. — H. 0.46. L. 0.56.

410 1437 887 50 36 — L’Homme à la ceinture de cuir, por¬

615 1498 421 47 trait du peintre jeune.

597 1583 523 35 Signé à gauche : Gustave Courbet.

597 1622 484 35 Exposition particulière de 1855.

603 1664 691 35 Ce portrait paraît être celui que le peintre,

566 1704 728 35 dans le catalogue de cette exposition, plaçait à

568 1744 710 36 la date de 1849, et désignait en ces termes

568 1785 697 35 « <i>Portrait de l’auteur</i>, étude des Vénitiens. »

881 1854 354 33 T. — H. 1.00. L. 0.78.

612 1916 686 42 Acheté pour l’État à la vente du 9 dé¬

567 1963 203 28 cembre 1881.
