5866 8958
1975 987 1946 132 ORDRE DES VACATIONS.

1211 1701 3470 130 Première Vacation. . . — Mercredi 14 mai 1845.

3121 1905 924 118 Du n° 1 à 94.

1215 2121 2838 122 Deuxième Vacation. . . — Jeudi 15 mai.

3123 2317 1124 118 Du n° 95 à 190.

1217 2533 3090 124 Troisième Vacation. . . — Vendredi 16 mai.

3147 2735 1176 118 Du n° 191 à 283.

1223 2951 3010 162 Quatrième Vacation. . — Samedi 17 mai.

3119 3140 1190 140 Du n° 284 à 378.

1191 3833 3660 134 Il y aura chaque jour de vente, d’une heure à trois, exposition

1063 3987 2180 134 des pièces qui seront vendues le soir.

1189 4235 3666 136 On aura huit jours pour la vérification des pièces; passé ce délai,

1059 4391 2076 106 aucune réclamation ne sera admise.

1191 4639 3660 132 Les acquéreurs paieront 5 p. 100 en sus du prix d’adjudication

1059 4799 1214 132 applicables aux frais.

1195 5483 3658 134 M. CHARON, chargé de la vente, recevra les commissions qui lui

1065 5639 3792 136 seront adressées. (<i>Les lettres doivent être adressées franc de port</i>.)

1186 5904 3616 50 N. B. <i>Les vacations commenceront à</i> 7 HEURES TRÈS-PRÉCISES.

1621 7205 2680 96 DE L'IMPRIMERIE DE CRAPELET, RUE DE VAUGIRARD, N° 9.
