5866 9016
2633 576 647 132 —13—

1027 806 3826 151 83. <b>COLBERT</b> (Jean-Baptiste), ministre de Louis XIV,

1485 963 3368 144 membre de l'Académie française. N. 1619. M. 1683.

1456 1113 3427 124 L. aut. sig. à M. Le Bret. De Sceaux, 12 octobre 1681. demi-

1326 1239 530 111 page in 4.

1434 1349 3444 112 Il lui donne ordre de vérifier les bois qui appartiennent au duc de Mor¬

1324 1449 1812 112 temart, en Limousin et en Poitou, etc.

1033 1600 3822 151 84. <b>COLIGNY</b> (Gaspard de), seign. de Chastillon, l’amiral.

2875 1754 1990 123 N. 1517. M. assassiné en 1572.

1467 1903 3400 126 Précieuse lettre adressée au comte de Reingeau, datée de Caen,

1352 2023 2225 119 16 mars 1562. 1 page in-folio avec cachet.

1428 2141 3448 130 On y remarque le passage suivant, écrit entièrement de la main de l’ami¬

1336 2237 3542 116 ral, et signé (le commencement de la lettre étant d’un secrétaire). « Il me

1330 2339 3546 112 « samble que vous ne scauries mieulx faire que de vous acheminer à Or¬

1329 2439 3555 112 « leans, ou iespere que iaure le moien de vous veoir, et ce pendant asseures

1333 2537 3540 110 « vous quil ne tiendra point en moy que nous nayons une paix, mais si on

1333 2635 3550 128 « la peult faire aveques les articles que iay veus, l’on ne peut esperer que

1331 2733 3552 116 « plus grans troubles en ce royaulme que jamais; car c’est trop grand pitie

1330 2833 3551 112 « que de limiter ainssy certains lieux pour servir a Dieu, comme sil ne le

1336 2933 1633 86 « vouloit estre eu tous endroicts. »

1042 3074 3836 163 85. <b>CONCINI</b>, dit le maréchal d'<i>Ancre</i>, assassiné par

1494 3233 2102 141 ordre du roi Louis XIII, en 1617.

1465 3381 3417 124 Sa sig., 2 grandes lig. et le compliment aut. au bas d’une lettre,

1335 3501 3546 126 à M. l’évêque de Luçon. (Richelieu.) Du Pont de Larche, 13 mars

1355 3623 1990 118 1617. Sujet militaire. 1 page in-folio.

1044 3754 3831 173 86. <b>CONDÉ</b> (Louis II do Bourbon, prince de), dil le <i>Grand</i>.

3674 3938 1200 121 N. 1621. M. 1686.

1474 4063 3408 142 L. aut. sig.. à M. de Pompone. ministre secrétaire d’État. De

1353 4205 2377 121 Nancy, 6 février 1673. 2 grandes pages in-4.

1447 4319 3444 114 Il lui donne avis qu’un secrétaire de l’ambassadeur d’Espagne, qui s’est

1343 4419 3544 112 sauvé d’auprès de son maître, vient en France pour dire au roi des choses

1351 4519 3522 124 importantes; il a vu cet homme à son passage et l’a beaucoup entretenu;

1355 4615 3528 116 mais il y a des articles dont cet homme n’a pas voulu parler, disant qu’il

1356 4717 3529 130 ne peut les dire qu’au roi. Il lui a donné de quoi continuer sa route jusqu’à

1352 4813 3526 134 Paris, où il ne doit pas tarder à arriver. Cet homme, qui est Napolitain,

1354 4913 3534 126 lui a conté fort naturellement les raisons qui l’ont obligé à sortir de Na¬

1344 5011 3548 114 ples, entre autres, qu’il a mis dans un four une fille dont il n’était pas con¬

1355 5109 3537 116 tent, et l’a fait brûler de peur qu’on ne trouvât son corps s’il l'eût fait

1351 5211 3540 114 mourir d’une autre mort.... Il doit juger par là que c’est un méchant

1353 5311 3536 126 homme, qu’on ne doit pas laisser approcher du roi, mais que, s’il a de

1353 5409 3530 114 bons avis a donner, on peut les tirer de lui, et lui faire dire tout ce qu’il

1351 5509 652 93 sait, etc., etc.

1060 5660 3830 155 87. <b>CONTI</b> (Armand de Bourbon, prince de), frère du grand

1518 5815 3366 150 Condé, général des armées françaises en Catalogne,

1517 5971 3367 140 gouverneur de la Guienne, etc. N. 1629. M. 1666.

1489 6115 2910 127 L. aut. sig.. à M. de Chavigny. Paris, 2 novembre 1648.

1457 6233 3440 116 Il le complimente sur sa sortie de prison. « .... Comme je prends plus de

1355 6337 3548 116 « part que personne du monde à toutes les choses qui vous touchent, aussy

1356 6435 2847 110 « personne n’a plus de ioye que moy de vostre liberté, etc. »

1066 6580 3838 159 88. <b>COURT DE GEBELIN</b> (Antoine), écrivain et archéo¬

1538 6741 3358 140 logue. N. 1725. M. 1784.

1499 6885 3395 130 L. aut. sig., à M. Maret, secrétaire perpétuel de l’Académie de

1381 7007 2462 126 Dijon. Du 19 sept. 1782.2 grandes pages in-4.

1469 7125 2602 96 Détails intéressants relatifs aux travaux de l’Académie.
