5866 9075
2668 667 611 120 —9—

1362 882 3532 112 d'un nomme Huard, qui est au moment d'être poursuivi comme déser

1374 992 1306 105 teur, etc. Détails à ce sujet.

1070 1158 3872 143 51. <b>BOUILLON</b> (Emm.-Théod. de la Tour-d’Auvergne,

1530 1312 3418 151 cardinal de), grand aumônier de France et ambassa¬

1542 1464 3400 123 deur à Rome. N. 1644. M. 1715.

1510 1614 3444 127 L. aut. sig. à M. le prince de Turenne. De Tournus, le 8 juin

1392 1742 3376 118 1683. Lettre d’amitié très-affectueuse. 1 belle page in-4. Cachet.

1073 1926 3590 146 52. <b>BREWSTER</b> (David), célèbre physicien écossais.

1507 2076 3446 131 L. aut. sig. (en anglais), à M. Biot, de l’Institut. Édimbourg,

1399 2206 1598 117 13 juillet, 1815, 2 pages in-4.

1481 2316 3470 93 Relative à son admission comme membre associé de l’Institut de France.

1085 2518 3872 145 53. <b>BRILLAT-SAVARIN</b>, député aux états généraux, con¬

1535 2660 3422 153 seiller à la Cour de cassation et auteur de la <i>Physio¬</i>

1547 2822 3398 181 <i>logie du goût</i>. N. 1755. M. 1826.

1517 2974 3136 124 L. aut. sig. à M. Dumolin. Paris, 28 juillet. 3 pages in-4.

1489 3090 3470 125 Il vient de la cour, et lui donne les nouvelles qu'il en a apprises relative¬

1388 3192 3569 113 ment au concile et à la question des institutions canoniques des évêques

1390 3288 3570 115 et des cardinaux, que l’on doit soumettre au pape. Il lui parle du départ

1390 3386 3570 129 d'une armée de quarante mille hommes pour Naples, commandée par le

1390 3496 3170 106 maréchal Pérignon, et d’autres détails politiques fort intéressants.

1094 3668 3874 145 54. <b>BRUNSWICK-LUNEBOURG</b> ( Charles-Guillaume-

1564 3818 3394 145 Ferdinand, duc de). N. 1735, tué en 1806.

1534 3968 3438 133 L. aut. sig. (en allemand), à Son Altesse le prince.... Datée de

1404 4100 2596 118 Breslau, le 27 décembre 1801. 1 belle page in-4.

1102 4284 3878 151 55. <b>CABANIS</b> (Jean-Pierre-George), médecin, philosophe

1565 4442 3403 117 et littérateur. N. 1737. M. 1808.

1535 4590 3438 123 L. aut. sig. au citoyen Lucien Bonaparte. Auteuil, 17 floréal

1415 4716 1812 115 an XI. 1 page in-4, avec vignette.

1507 4830 3476 111 Il lui envoie pour son discours quelques notes sur Condorcet, et lui ga¬

1407 4930 3576 111 rantit l’exactitude des faits. Les jugements portés sur les ouvrages de cet

1397 5030 2192 112 homme célèbre lui ont paru raisonnables, etc.

1109 5198 3876 151 56. <b>CALVIN</b> (Jean), célèbre réformateur. N. 1509. M. 1564.

1545 5352 3440 125 L. aut. sig. en latin à.... Décembre 1557, une demi-page petit in-

1409 5472 1858 119 folio, d’une parfaite conservation.

1513 5594 3486 121 La personne qu’il lui envoie n’a pas besoin de recommandation. Depuis

1419 5692 3574 111 longtemps elle lui est connue et lui a donné des preuves de sa modestie et

1414 5790 3573 113 de sa piété.... S’il a hésité longtemps à lui confier l’emploi qu’elle remplit,

1412 5892 3580 127 c’est qu'il attendait la voix intérieure de l'Esprit-Saint, qui doit régler et di¬

1414 5992 3580 119 riger toutes ses actions...., « Elle a parlé, et j’ai agi.... Nous marchons tou¬

1416 6073 3583 132 « jours au but désiré; l’Écriture dit : QUE CEUX-LA SEULS RÈGNENT QUI EN

1414 6194 3586 111 « SONT DIGNES (Isaïe). Nous comptons aujourd’hui parmi nos disciples des

1416 6294 3580 111 « personnes du plus haut rang et des savants du premier mérite; que Dieu

1420 6392 2226 108 « en soit béni, etc. » On y a joint la traduction.

1126 6550 3872 149 57. <b>CAMPAN</b> (Jeanne Genet, dame), directrice de la mai¬

1586 6682 3412 171 son impériale d’Écouen. N. 1752. M. 1822.

1560 6848 3442 133 L. aut. sig. à M. Boin de l’Institut. Écouen, 5 novembre 1808.

1434 6982 694 112 3 pages in-4.

1523 7100 3495 117 Relative à l’envoi par le Jardin des Plantes de diverses plantes et arbustes

1427 7202 3582 103 pouvant servir à l'éducation de ses élèves, en leur faisant connaître les

1433 7302 2578 106 noms, les qualités et la propriété de ces arbustes, etc.
