3228 5353
1434 109 1808 186 -22-
128 298 374 371 43626.
430 279 834 372 MUSÉUM
888 296 1448 371 D’HISTOIRE
1496 302 2118 378 NATURELLE.
2174 350 2256 365 —
2308 314 2390 385 L.
2446 339 2514 390 a.
2560 342 2618 392 s.
2664 325 2762 398 de
2812 330 3090 429 Faujas

487 390 586 459 de
625 387 1106 459 Saint-Fond
1151 412 1170 473 ;
1223 389 1504 461 Jardin
1551 393 1660 464 du
1712 396 1886 481 Roi,
1940 398 2017 466 le
2056 399 2142 469 15
2169 402 2436 492 juillet
2473 409 2671 500 1788,
2711 419 2754 487 2
2785 441 2861 515 p.
2903 412 3083 506 iri-4.

2917 518 2959 589 4
3053 547 3083 593 »

462 602 512 653 Il
556 597 902 669 demande,
956 601 1256 657 d’accord
1304 622 1460 661 avec
1504 608 1584 662 M.
1630 607 1913 677 Thouïn,
1953 616 2150 680 qu’on
2180 618 2580 683 maintienne
2612 644 2696 685 au
2726 633 2950 694 Jardin
2976 642 3086 703 des

394 670 648 739 plantes
678 668 740 722 le
766 667 1124 738 réglement
1148 671 1408 729 élaboré
1440 692 1560 745 par
1592 677 1672 730 M.
1704 678 1791 731 de
1817 678 2069 735 Buffon.

119 781 365 850 43627.
411 781 721 851 PARIS.
761 821 849 834 —
889 784 973 856 P.
1021 807 1115 871 s.,
1153 809 1295 859 sur
1323 788 1569 874 vélin,
1611 813 1760 882 par
1792 792 2064 867 Pierre
2098 797 2509 875 Thévenot
2537 813 2611 877 et
2637 810 2719 883 P.
2753 815 3087 897 Lemais-

480 877 624 961 tre,
682 881 1309 968 entrepreneurs
1342 879 1485 951 des
1524 880 1956 955 bâtiments
1995 886 2104 956 du
2143 891 2266 962 roi
2297 915 2314 980 ;
2374 895 2624 982 Paris,
2672 903 2713 973 4
2752 915 3082 997 septem¬

482 963 628 1035 bre
678 966 882 1051 1671,
926 969 960 1038 1
1006 993 1082 1064 p.
1126 971 1312 1043 in-4.
2916 1001 2956 1070 4
3052 1031 3080 1072 »

458 1090 635 1158 Reçu
670 1089 750 1144 de
776 1092 839 1144 la
881 1109 1133 1147 somme
1167 1094 1248 1148 de
1274 1095 1407 1147 1000
1443 1095 1639 1148 livres
1667 1093 1992 1179 à-compte
2033 1119 2144 1156 sur
2170 1105 2263 1158 les
2290 1121 2600 1179 ouvrages
2639 1113 2716 1168 de
2744 1133 3082 1188 maçonne¬

386 1157 480 1210 rie
511 1160 701 1225 qu'ils
729 1159 871 1213 font
900 1178 1070 1231 pour
1094 1162 1154 1215 la
1183 1162 1627 1216 construction
1660 1163 1750 1217 du
1778 1169 1932 1234 quai
1964 1168 2022 1223 le
2055 1172 2205 1240 long
2237 1173 2328 1227 du
2354 1176 2553 1232 Cours
2579 1180 2639 1234 la
2672 1184 2885 1242 Reine.

116 1269 368 1340 43628.
424 1274 1130 1348 TERRE-NEUVE
1170 1275 1302 1364 (île
1356 1277 1510 1363 de).
1566 1321 1648 1328 —
1690 1281 1773 1349 P.
1825 1304 1893 1352 s.
1949 1306 2097 1375 par
2145 1289 2389 1360 Louis
2429 1293 2589 1363 XIV
2641 1299 3086 1382 (secrétaire

477 1364 576 1435 de
615 1367 688 1436 la
741 1367 1028 1453 main);
1091 1367 1547 1452 Versailles,
1603 1371 1690 1440 15
1752 1394 1969 1447 mars
2018 1378 2220 1463 1696,
2290 1381 2323 1448 1
2390 1404 2464 1472 p.
2534 1385 2701 1457 in-4
2768 1391 3083 1487 oblong.

2872 1483 2953 1554 10
3053 1513 3081 1553 »

453 1582 681 1632 Brevet
718 1579 990 1634 accordé
1024 1597 1108 1634 au
1140 1583 1320 1635 sieur
1352 1582 1433 1636 de
1460 1585 1777 1653 Belorme,
1807 1589 2104 1645 habitant
2124 1591 2203 1647 de
2230 1595 2290 1647 la
2317 1595 2510 1665 petite
2545 1599 2746 1654 Grave
2774 1601 2934 1659 dans
2966 1608 3086 1663 l’île

386 1647 467 1699 de
501 1648 948 1701 Terre-Neuve
979 1665 1151 1717 pour
1180 1650 1276 1703 lui
1303 1666 1653 1706 conserver
1677 1655 1740 1709 la
1765 1657 2143 1723 jouissance
2171 1660 2326 1716 d’un
2365 1666 2607 1719 terrain
2650 1683 2761 1721 sur
2798 1671 3005 1742 lequel
3041 1678 3085 1730 il

386 1730 423 1767 a
449 1715 566 1767 fait
596 1714 768 1768 bâtir
798 1716 966 1771 dans
997 1719 1056 1771 le
1089 1718 1221 1772 fort
1247 1721 1444 1774 Louis
1478 1720 1558 1775 de
1593 1724 1948 1779 Plaisance.

114 1827 364 1897 43629.
420 1810 823 1902 VENDÉE
874 1832 1475 1925 (Département
1530 1834 1629 1906 de
1684 1839 1817 1927 la).
1877 1883 1957 1888 —
2011 1844 2088 1912 1°
2145 1844 2229 1912 L.
2275 1866 2343 1913 a.
2413 1868 2473 1915 s.
2541 1848 2638 1919 de
2693 1852 2899 1923 P.-R.
2961 1858 3083 1944 M.,

474 1941 746 1992 comte
826 1944 930 1994 de
1020 1931 1530 2012 Vaugiraud,
1614 1929 1929 2000 célèbre
2021 1935 2307 2019 marin,
2401 1934 2497 2008 né
2589 1960 2741 2010 aux
2823 1942 3087 2019 Sables

479 2011 961 2102 d’Olonnes;
1029 2015 1147 2085 les
1211 2016 1513 2101 Sables,
1569 2019 1652 2088 21
1726 2023 2056 2092 octobre
2132 2025 2332 2107 1790,
2394 2029 2435 2096 4
2488 2048 2566 2120 p.
2640 2030 2822 2101 in-4.
2882 2035 3086 2108 Belle

471 2104 729 2172 lettre.
775 2146 861 2161 ---
899 2107 979 2174 2°
1015 2107 1301 2180 Brevet
1341 2107 1577 2178 d’une
1626 2112 1972 2202 pension
2014 2114 2112 2184 de
2168 2115 2372 2186 1.200
2422 2119 2666 2192 livres
2710 2124 3086 2197 accordée

472 2216 620 2285 par
658 2196 906 2266 Louis
938 2199 1104 2268 XVI
1142 2200 1188 2267 à
1224 2200 1713 2289 Vaugiraud,
1751 2202 1979 2293 pièce
2023 2205 2319 2294 signée,
2363 2229 2501 2278 sur
2543 2209 2783 2294 vélin,
2825 2236 2965 2306 par
3015 2217 3085 2286 le

472 2285 906 2359 secrétaire
946 2287 1044 2358 de
1089 2290 1166 2359 la
1205 2289 1424 2361 main
1451 2316 1468 2375 ;
1523 2292 1981 2378 Versailles,
2034 2297 2121 2364 27
2158 2295 2457 2368 février
2506 2301 2705 2385 1786,
2758 2305 2793 2369 1
2848 2326 2921 2396 p.
2978 2307 3089 2376 in-

471 2376 671 2448 folio
707 2380 1033 2470 oblong.
2876 2396 2958 2464 10
3054 2421 3084 2461 »

448 2502 531 2554 Ce
559 2501 917 2556 document
940 2508 1228 2557 constate
1262 2521 1389 2573 que
1418 2507 2077 2563 Pierre-René-Marie
2109 2509 2191 2563 de
2217 2512 2587 2580 Vaugiraud
2605 2513 2685 2567 de
2719 2516 2971 2586 Rosnay
2996 2522 3090 2572 est

379 2568 462 2622 né
493 2586 622 2623 aux
654 2572 875 2624 Sables
908 2572 1226 2627 d’Olonne
1258 2576 1317 2627 le
1342 2574 1408 2627 27
1436 2573 1785 2630 décembre
1818 2578 1949 2630 1741
1984 2582 2047 2631 et
2075 2595 2113 2632 a
2146 2576 2242 2632 été
2274 2580 2528 2651 baptisé
2560 2583 2618 2634 le
2653 2584 2720 2635 30
2757 2582 2846 2636 du
2884 2584 3089 2638 même

382 2637 572 2692 mois.

111 2753 360 2823 43630.
415 2735 843 2826 VENDÉE.
866 2798 981 2809 —
1021 2758 1103 2825 P.
1156 2779 1218 2826 s.
1262 2780 1411 2859 par
1459 2760 1577 2828 les
1623 2759 2222 2850 représentants
2279 2764 2390 2832 Bo
2450 2767 2525 2834 et
2563 2767 3090 2850 Bourbotte;

473 2848 802 2932 Nantes,
873 2848 959 2916 17
1015 2850 1349 2938 prairial
1412 2871 1512 2918 an
1572 2852 1663 2932 II,
1729 2854 1771 2920 3
1833 2874 1910 2943 p.
1973 2854 2089 2938 1/2
2145 2853 2331 2936 in-4,
2397 2853 2554 2925 tête
2617 2861 2693 2925 et
2751 2855 3093 2945 vignette

473 2937 972 3028 imprimées,
1016 2941 1322 3010 cachet.
2880 2948 2965 3015 15
3060 2974 3092 3010 »

451 3062 851 3117 Intéressant
877 3063 1252 3131 document,
1293 3067 1411 3132 qui
1443 3067 1744 3135 organise
1776 3068 1839 3120 la
1868 3067 2107 3136 justice
2144 3069 2451 3124 militaire
2484 3085 2598 3124 sur
2622 3070 2715 3124 les
2748 3069 3095 3124 territoires

380 3131 663 3201 occupés
706 3149 829 3202 par
873 3133 1137 3186 l’armée
1184 3134 1269 3187 de
1312 3135 1572 3189 l’Ouest.
1609 3137 1697 3189 Le
1741 3136 2098 3189 document
2138 3137 2413 3205 indique
2449 3139 2544 3192 les
2592 3138 2911 3192 divisions
2956 3154 3096 3192 sou¬

380 3200 583 3253 mises
608 3200 647 3254 à
681 3202 936 3270 chaque
962 3202 1254 3257 tribunal
1287 3207 1350 3255 et
1374 3205 1434 3256 le
1467 3220 1626 3257 nom
1651 3204 1769 3257 des
1783 3205 1992 3274 juges.

111 3326 362 3395 43631.
417 3306 845 3398 VENDÉE.
892 3371 974 3377 —
1014 3330 1100 3398 P.
1147 3351 1210 3397 s.
1253 3352 1403 3420 par
1438 3332 1512 3399 le
1552 3330 1878 3420 général
1918 3335 2304 3433 Beaupuy
2334 3356 2351 3417 ;
2396 3334 2754 3424 quartier
2787 3331 3096 3424 général

475 3419 576 3488 de
614 3419 866 3502 Valet,
905 3422 993 3488 12
1032 3422 1426 3510 germinal
1465 3444 1567 3491 an
1607 3425 1737 3507 III,
1778 3425 1813 3492 1
1855 3447 1933 3515 p.
1974 3425 2092 3510 1/2
2127 3424 2470 3495 m-folio.
2885 3426 2968 3493 12
3064 3449 3092 3488 »

446 3544 653 3598 Ordre
679 3544 763 3598 de
792 3546 1058 3598 marche
1082 3545 1351 3599 adressé
1374 3547 1414 3600 à
1446 3548 1702 3616 Savary.
1738 3548 2022 3603 L’armée
2054 3550 2396 3604 marchera
2428 3566 2543 3603 sur
2572 3549 2742 3604 deux
2773 3551 3093 3612 colonnes,

372 3611 538 3665 dont
586 3615 608 3665 1
629 3630 779 3681 une,
827 3613 1259 3668 commandée
1296 3618 1420 3685 par
1459 3618 1819 3687 Savary.se
1848 3622 2129 3688 portera,
2170 3635 2292 3689 par
2313 3618 2502 3685 Jetté,
2544 3635 2659 3672 sur
2681 3620 2743 3672 la
2774 3616 3094 3687 Chapelle-

376 3680 706 3737 du-Genet
727 3701 741 3746 ;
776 3684 1002 3736 l’autre
1041 3684 1474 3740 commandée
1505 3703 1627 3757 par
1666 3687 1980 3756 Beaupuy
2004 3703 2074 3741 se
2107 3691 2371 3757 portera
2410 3687 2450 3742 à
2488 3687 2947 3742 Saint-Mecker
2983 3700 3096 3755 par

338 3749 697 3819 Montigny.

107 3865 367 3936 43632.
419 3867 925 3938 VOLTAIRE
981 3869 1451 3942 (document
1523 3893 1720 3942 suri.
1792 3914 1876 3922 —
1942 3875 2026 3942 L.
2106 3896 2170 3943 s.
2244 3873 2342 3947 de
2416 3874 2502 3952 E.
2576 3870 2956 3951 Legouvé
3026 3870 3100 3937 et

472 3957 564 4026 E.
642 3958 764 4026 Ha
770 3979 906 4030 vin
976 3982 1078 4032 au
1150 3966 1594 4034 maréchal
1646 3965 2085 4050 Vaillant,
2145 3965 2513 4043 ministre
2581 3964 2727 4036 des
2813 3964 3097 4034 Beaux-

475 4048 660 4117 Arts
687 4072 710 4133 ;
767 4051 1024 4136 Paris,
1085 4054 1176 4123 27
1227 4052 1662 4127 décembre
1714 4055 1921 4139 1867,
1974 4058 2009 4125 1
2068 4079 2149 4148 p.
2216 4059 2335 4140 1/2
2390 4060 2587 4129 in-4.
2647 4096 2733 4107 —
2786 4055 2865 4126 2°
2902 4052 3097 4122 Note

469 4143 961 4213 manuscrite
1001 4143 1379 4215 émanant
1419 4146 1529 4215 du
1569 4147 1988 4219 ministère
2036 4171 2180 4221 ues
2222 4152 2710 4221 Beaux-Arts
2762 4169 2782 4233 ;
2822 4147 2904 4216 14
2932 4143 3098 4235 jan¬

472 4230 651 4300 vier
686 4234 892 4316 1868,
932 4238 979 4303 2
1014 4257 1094 4329 p.
1146 4238 1267 4319 1/2
1302 4238 1650 4309 in-folio.
2881 4230 2972 4306 20
3063 4255 3094 4295 »

447 4355 742 4410 Curieux
772 4362 1181 4415 documents.
1205 4363 1354 4416 MM.
1389 4365 1601 4418 Havin
1646 4370 1712 4419 et
1743 4363 2043 4434 Legouvé
2073 4366 2498 4435 demandent,
2537 4382 2707 4439 pour
2736 4363 2940 4432 ériger
2974 4366 3097 4412 une

376 4427 589 4476 statue
615 4424 700 4477 de
731 4426 1035 4492 Voltaire,
1067 4431 1346 4502 l’espace
1376 4436 1667 4506 compris
1709 4439 1893 4488 entre
1924 4437 1985 4488 le
2013 4441 2175 4506 pont
2210 4437 2329 4492 des
2363 4438 2510 4492 Arts
2543 4441 2606 4492 et
2631 4425 2948 4490 l’Institut.
2986 4424 3099 4479 Les

371 4490 573 4544 fonds
626 4510 799 4562 pour
840 4495 1172 4550 l’érection
1202 4499 1287 4552 de
1312 4507 1477 4555 cette
1509 4510 1722 4558 statue
1763 4505 2030 4559 avaient
2069 4504 2171 4559 été
2199 4506 2428 4562 réunis
2456 4523 2579 4578 par
2614 4520 2744 4560 une
2779 4494 3099 4561 souscrip¬

375 4558 514 4612 tion
536 4559 580 4614 à
607 4563 735 4616 0.25
764 4563 1107 4631 organisée
1128 4584 1253 4636 par
1292 4570 1355 4622 le
1382 4572 1641 4638 journal
1676 4573 1739 4627 le
1770 4572 1976 4642 Siècle,
2011 4574 2078 4629 et
2111 4574 2152 4629 à
2185 4575 2470 4645 laquelle
2498 4576 2727 4631 202.500
2751 4573 3102 4642 personnes

373 4629 637 4682 avaient
674 4630 940 4684 adhéré.
985 4664 1055 4672 --
1092 4635 1180 4688 La
1207 4643 1357 4691 note
1390 4640 1483 4694 du
1508 4642 1852 4697 ministère
1895 4643 2015 4698 des
2061 4645 2457 4700 Beaux-Arts
2495 4643 2755 4700 combat
2790 4640 2848 4693 le
2879 4630 3102 4707 projet,

373 4712 545 4764 pour
596 4700 930 4768 plusieurs
968 4702 1246 4759 raisons.
1282 4708 1406 4760 Les
1455 4712 1677 4779 places
1713 4712 2072 4783 publiques
2113 4714 2388 4769 doivent
2432 4715 2570 4769 être
2614 4705 2942 4769 réservées
2983 4711 3104 4755 aux

375 4773 802 4819 monuments
826 4766 1058 4824 dédiés
1086 4770 1125 4825 à
1163 4772 1283 4828 des
1323 4782 1734 4846 souverains,
1783 4784 1951 4837 mais
1991 4784 2048 4836 si
2092 4784 2219 4838 l’on
2257 4789 2410 4840 veut
2451 4786 2676 4840 traiter
2706 4775 2981 4833 Voltaire
3022 4770 3105 4822 fen

378 4835 749 4893 souverain,
784 4837 1069 4905 puisque
1105 4839 1273 4896 dans
1300 4861 1391 4898 un
1425 4852 1675 4905 certain
1708 4852 1954 4905 monde
1997 4868 2087 4906 on
2118 4854 2211 4908 lui
2242 4871 2281 4908 a
2320 4852 2545 4910 donné
2580 4855 2641 4907 le
2681 4852 2826 4906 titre
2865 4839 2945 4898 de
2974 4833 3088 4894 Roi
3089 4876 3104 4897 ,

380 4901 902 4973 l'emplacement
966 4905 1295 4966 demandé
1360 4918 1541 4971 est-il
1596 4920 1755 4976 bien
1828 4922 2063 4976 choisi.
2124 4923 2484 4979 L’érection
2539 4923 2696 4978 d’un
2756 4904 3107 4973 semblable

379 4976 773 5023 monument
795 4977 1093 5041 pourrait
1132 4977 1408 5036 froisser
1445 4987 1469 5038 I
1489 4986 1773 5043 Institut.
1817 5008 1841 5041 «
1887 4991 2174 5047 Voltaire
2205 4997 2373 5049 n’est
2403 5009 2523 5065 pas
2547 5008 2638 5049 un
2678 4989 2760 5046 de
2791 4998 2896 5042 ces
2924 4978 3106 5037 hom¬

375 5050 520 5090 mes
550 5037 796 5092 devant
818 5041 1106 5112 lesquels
1131 5053 1286 5106 tous
1314 5053 1414 5106 les
1429 5056 1731 5125 citoyens
1767 5060 2148 5116 s'inclinent
2172 5079 2336 5119 avec
2359 5067 2772 5137 respect_;
2809 5065 2930 5110 son
2954 5054 3107 5103 nom

381 5106 638 5174 appelle
666 5106 730 5160 la
761 5107 1021 5183 dispute
1039 5132 1051 5167 :
1098 5132 1200 5171 ses
1236 5118 1570 5178 doctrines
1606 5131 1671 5183 et
1703 5141 1809 5180 ses
1845 5132 2185 5206 principes
2218 5139 2369 5190 sont
2411 5134 2470 5188 le
2505 5134 2676 5205 sujet
2715 5128 2831 5184 des
2860 5120 3110 5179 contro¬

380 5185 605 5230 verses
635 5175 730 5229 les
762 5177 913 5254 plus
938 5178 1438 5250 douloureuses.
1474 5209 1503 5241 *
1536 5192 1861 5269 Piquants
1891 5183 2149 5263 détails.
