3207 5338
1461 94 1543 110 -
1594 60 1683 133 15
1736 104 1815 119 -

495 231 593 300 de
641 226 978 302 Médicis
1018 241 1096 302 et
1134 234 1234 308 de
1284 242 1530 315 Louis
1566 247 1759 322 XIII.
1801 297 1884 307 —
1929 261 2013 330 L.
2057 285 2129 333 a.
2179 286 2241 336 s.
2293 272 2338 339 à
2387 273 2483 341 M.
2531 274 2843 367 Scappi,
2885 287 3099 356 audi¬

492 326 675 394 teur
721 318 833 391 du
884 342 1148 395 nonce
1184 350 1203 411 ;
1258 330 1914 431 Fontainebleau,
1976 351 2061 420 18
2101 355 2279 442 juin
2324 361 2524 441 1612,
2566 363 2603 430 1
2643 384 2722 454 p.
2764 366 3094 447 in-folio.

2883 460 2971 531 15
3063 492 3095 530 »

468 571 518 624 Il
550 568 645 623 lui
671 583 972 623 annonce
997 572 1237 628 l’envoi
1272 576 1388 632 des
1417 579 1729 651 réponses
1761 589 1947 646 faites
1971 609 2097 649 aux
2129 596 2580 654 réclamations
2612 604 2725 661 des
2756 612 3102 679 prétendus

399 634 715 695 réformés
743 638 858 706 qui
892 639 1194 694 habitent
1222 643 1284 698 le
1311 645 1564 703 Comtat
1588 651 1952 712 Venaissin.

137 804 379 884 43570.
433 797 898 871 PHILIPPE
941 799 974 869 I
977 807 1034 853 et
1079 799 1200 872 dit
1245 805 1312 873 le
1365 805 1581 896 beau,
1637 815 1761 885 roi
1813 815 1911 886 de
1963 818 2311 907 Castille,
2351 823 2607 916 époux
2659 834 2755 904 de
2811 839 3105 916 Jeanne

489 891 566 960 la
593 888 794 980 folle
833 894 915 959 et
966 891 1161 982 père
1200 892 1301 963 de
1340 896 1974 993 Charles-Quint.
2018 949 2102 958 —
2142 910 2226 979 L.
2272 934 2364 996 s.,
2408 936 2506 986 en
2542 918 2910 1013 français,
2952 953 3104 1003 aux

489 978 946 1066 trésoriers,
1000 982 1604 1074 bourgmestres
1680 1000 1758 1064 et
1804 994 2186 1067 échevins
2248 1000 2346 1072 de
2402 1008 2806 1083 Bruxelles
2835 1038 2854 1099 ;
2918 1021 3104 1090 Bru¬

488 1069 766 1153 xelles,
806 1072 850 1139 8
891 1072 1353 1164 septembre
1393 1077 1597 1166 1505,
1641 1084 1677 1152 1
1707 1105 1787 1176 p.
1829 1086 2015 1157 in-4.
2067 1085 2245 1160 Très
2283 1116 2485 1166 rare.
2887 1109 2975 1177 60
3073 1137 3105 1179 »

468 1230 518 1283 Il
547 1230 692 1282 leur
731 1227 991 1296 enjoint
1027 1228 1427 1303 d’exempter
1464 1234 1547 1290 de
1585 1241 1796 1294 toutes
1835 1241 2043 1296 tailles
2085 1247 2148 1298 et
2190 1249 2612 1306 subventions
2663 1257 2843 1311 Colin
2886 1262 3109 1319 Boulet

399 1304 462 1354 et
486 1298 743 1352 Pierrot
775 1297 1074 1352 Gossian.

136 1462 375 1537 43571.
429 1460 591 1530 PIE
627 1458 751 1541 IX,
781 1478 1020 1550 pape.
1066 1501 1150 1510 —
1190 1461 1276 1530 P.
1322 1483 1416 1545 s.,
1456 1485 1654 1536 avec
1690 1487 1848 1538 une
1888 1473 2130 1563 petite
2168 1472 2380 1564 ligne
2408 1500 2422 1566 ;
2464 1478 2738 1565 Rome,
2782 1483 2824 1553 4
2852 1483 3114 1574 juillet

487 1548 765 1634 1861,1
807 1570 888 1641 p.
928 1548 1116 1620 in-8.
1156 1551 1374 1623 Belle
1398 1552 1646 1643 pièce.
2894 1576 2978 1647 16
3076 1604 3108 1644 >»

133 1735 373 1809 43572.
427 1732 717 1804 PINEL
771 1732 1234 1837 (Philippe),
1296 1733 1618 1810 célèbre
1680 1740 2076 1826 médecin,
2132 1745 2270 1835 qui
2326 1745 2672 1821 réforma
2726 1751 2798 1823 le
2852 1759 3110 1827 traite¬

483 1829 703 1895 ment
753 1824 898 1893 des
948 1823 1282 1895 aliénés.
1328 1865 1412 1877 —
1464 1828 1550 1899 L.
1594 1850 1664 1900 a.
1710 1854 1774 1900 s.
1812 1834 1856 1902 à
1894 1834 1994 1903 M.
2038 1835 2484 1926 Gayetaud;
2524 1841 2772 1927 Paris,
2822 1845 2904 1917 15
2940 1847 3112 1935 jan¬

485 1915 661 1987 vier
693 1916 898 1999 1811,
942 1917 986 1985 2
1025 1938 1104 2009 p.
1150 1917 1338 1988 in-8.
2222 1933 2246 1958 *
2893 1937 2980 2006 12
3076 1963 3108 2003 »

454 2076 621 2129 Jolie
665 2075 849 2128 lettre
891 2074 978 2129 où
1022 2076 1069 2128 il
1100 2076 1161 2129 le
1198 2075 1438 2131 félicite
1479 2079 1560 2132 de
1605 2082 1667 2133 la
1718 2085 2148 2152 propagation
2183 2084 2265 2138 de
2306 2088 2369 2144 la
2404 2090 2684 2143 vaccine.
2732 2091 2782 2142 Il
2818 2106 3113 2148 annonce

390 2146 452 2199 la
477 2148 650 2197 mort
675 2142 760 2197 de
794 2159 868 2197 sa
892 2144 1159 2212 femme,
1201 2145 1365 2199 dont
1389 2147 1436 2199 il
1470 2152 1661 2202 vante
1695 2150 1789 2203 les
1824 2151 2102 2219 qualités
2140 2153 2415 2222 privées.

131 2308 369 2380 43573.
425 2307 887 2378 PONSARD
948 2310 1428 2399 (François),
1488 2310 1807 2384 célèbre
1868 2313 2101 2403 poète
2150 2316 2540 2407 tragique,
2606 2321 2963 2390 membre
3018 2322 3159 2391 de-

477 2398 964 2471 l’Académie
1002 2398 1436 2489 française,
1480 2400 1582 2471 né
1620 2403 1668 2472 à
1708 2403 2016 2474 Vienne
2058 2404 2352 2494 (Isère).
2398 2449 2480 2456 —
2520 2407 2754 2479 Pièce
2794 2409 2892 2480 de
2936 2432 3120 2482 vers

476 2496 634 2559 aut.
666 2512 685 2577 ;
726 2492 993 2581 (1852),
1023 2492 1068 2561 2
1105 2514 1185 2583 p.
1231 2494 1350 2579 1/2
1389 2492 1733 2564 in-folio.
2897 2502 2984 2571 15
3087 2528 3120 2567 »

453 2649 611 2705 Très
643 2650 813 2705 belle
839 2649 1028 2722 pièce
1064 2655 1420 2707 contenant
1451 2653 1511 2707 le
1545 2650 1750 2706 début
1784 2653 1865 2707 de
1900 2669 2021 2708 son
2047 2653 2280 2725 poème
2319 2654 2664 2710 d’Homère.
2696 2657 2794 2710 On
2825 2674 2864 2726 y
2895 2674 2932 2712 a
2958 2657 3130 2727 joint

387 2722 444 2773 le
484 2737 699 2774 meme
738 2720 1068 2791 fragment
1104 2721 1417 2793 imprimé
1459 2739 1542 2776 en
1586 2724 1620 2777 4
1649 2735 1846 2793 pages
1890 2723 2082 2789 in-16,
2117 2739 2276 2779 avec
2307 2726 2703 2779 corrections
2737 2724 2818 2779 de
2850 2729 2913 2782 la
2950 2727 3130 2782 main

383 2789 464 2843 de
490 2789 813 2845 Ponsard.

124 2950 358 3022 43674.
412 2931 868 3024 PRÉVOST
927 2955 1309 3045 (Marcel),
1383 2952 1706 3026 célèbre
1765 2954 2249 3039 romancier,
2313 2961 2602 3027 auteur
2661 2954 2806 3026 des
2859 2956 3123 3027 Demi-

481 3045 813 3137 Vierges.
860 3088 946 3100 —
988 3048 1074 3117 L.
1120 3068 1190 3118 a.
1238 3070 1332 3133 s.,
1374 3048 1421 3117 2
1452 3068 1530 3140 p.
1574 3048 1762 3119 in-8.
2942 3050 2987 3118 3
3084 3075 3117 3115 »

121 3225 353 3300 43575.
407 3230 968 3305 PROUDHON
1020 3232 1726 3325 (Pierre-Joseph),
1781 3233 1856 3303 le
1901 3230 2221 3302 fameux
2273 3229 2631 3303 écrivain
2687 3231 3117 3303 socialiste.

468 3365 552 3375 —
592 3327 678 3396 L.
718 3348 790 3395 a.
836 3348 901 3395 s.
936 3349 957 3413 ;
1002 3326 1268 3415 (1850),
1312 3325 1434 3412 3/4
1472 3326 1572 3395 de
1610 3346 1688 3417 p.
1730 3323 1916 3395 in-8.
2942 3324 2987 3392 8
3084 3349 3116 3391 »

445 3486 756 3540 Curieuse
788 3486 995 3558 pièce.
1028 3488 1078 3541 Il
1105 3502 1409 3541 annonce
1440 3486 1681 3541 l’envoi
1713 3486 1909 3540 d’une
1941 3483 2222 3555 réponse
2254 3480 2291 3538 à
2317 3500 2410 3537 un
2436 3482 2658 3536 article
2687 3482 2766 3535 de
2796 3480 3118 3538 Girardin.

379 3570 406 3606 a
438 3555 617 3609 Nous
641 3572 850 3611 avons
883 3556 1034 3628 déjà
1059 3555 1271 3628 prévu
1299 3560 1478 3610 toute
1517 3557 1579 3610 la
1604 3554 1789 3610 thèse
1815 3555 1854 3608 à
1880 3553 2298 3623 développer,
2326 3554 2488 3621 j’ose
2526 3566 2691 3606 vous
2731 3550 2872 3604 dire
2904 3566 3031 3621 que
3063 3552 3123 3605 le

375 3622 433 3677 le
459 3637 604 3695 gars
639 3632 736 3681 est
767 3628 920 3698 plus
949 3645 1079 3699 que
1100 3627 1344 3697 jamais
1372 3624 1598 3680 enlacé
1631 3625 1800 3680 dans
1835 3640 1938 3678 ses
1966 3624 2152 3677 filets.
2185 3639 2211 3673 »

116 3777 351 3856 43576.
407 3788 807 3863 RACHEL
883 3792 1134 3881 (Elisa
1210 3790 1488 3876 Feux,
1580 3789 1804 3881 dite),
1896 3789 1974 3860 la
2054 3784 2354 3877 grande
2422 3783 2968 3876 tragédienne.
3042 3825 3126 3835 —

464 3881 548 3954 L.
594 3906 664 3955 a.
706 3908 804 3973 s.,
842 3888 879 3957 1
923 3908 1005 3981 p.
1043 3886 1283 3958 in-32.
2947 3877 2992 3947 8
3091 3901 3123 3943 »

113 4053 348 4135 43577.
404 4067 915 4145 RAVIGNAN
986 4074 1313 4163 (Xavier
1381 4072 1541 4159 de),
1608 4068 1937 4164 jésuite,
2029 4063 2351 4138 célèbre
2424 4062 2967 4158 prédicateur.
3045 4105 3127 4115 —

457 4162 541 4235 L.
585 4185 653 4235 a.
701 4190 765 4239 s.
811 4170 858 4239 à
896 4168 1268 4241 Madame
1308 4166 1410 4240 de
1448 4161 1864 4248 Parseval,
1898 4162 2018 4249 3/4
2052 4158 2152 4231 de
2194 4180 2272 4252 p.
2318 4160 2508 4232 in-8.
2946 4157 2992 4228 6
3090 4181 3124 4225 »

107 4331 342 4413 43578.
395 4347 871 4429 REGNAUD
934 4359 1073 4429 DE
1126 4354 1729 4429 SAINT-JEAN
1788 4324 2287 4429 D’ANGÉLY
2344 4344 3127 4439 (Auguste-Etienne,

455 4452 779 4539 comte),
833 4452 1254 4525 maréchal
1316 4450 1418 4523 de
1470 4450 1782 4522 France
1836 4442 1978 4538 qui
2030 4441 2196 4537 prit
2244 4463 2406 4515 une
2442 4445 2626 4552 part
2662 4437 3040 4509 brillante
3080 4439 3128 4507 à

453 4535 531 4608 la
583 4541 912 4617 bataille
956 4546 1056 4619 de
1108 4548 1504 4637 Magenta.
1550 4584 1636 4595 —
1692 4539 1776 4614 L.
1818 4561 1888 4610 a.
1934 4558 1998 4609 s.
2042 4538 2090 4607 à
2128 4558 2240 4608 un
2280 4534 2604 4629 général
2636 4555 2654 4620 ;
2710 4530 3130 4604 Fontaine¬

454 4628 718 4723 bleau,
806 4642 854 4709 4
907 4640 1118 4715 avril
1183 4640 1391 4726 1833,
1469 4638 1512 4712 3
1563 4658 1643 4731 p.
1725 4629 1915 4707 in-4.
1991 4628 2158 4704 Peu
2219 4648 2606 4705 commun.
2675 4622 3134 4718 (Collection

452 4722 806 4823 Gilbert).
2907 4715 2995 4789 12
3095 4740 3127 4785 »

433 4884 746 4951 Curieuse
781 4898 978 4956 lettre
1016 4899 1217 4957 écrite
1252 4913 1516 4956 comme
1554 4894 1831 4952 colonel.
1874 4892 1929 4949 Il
1964 4889 2298 4948 demande
2327 4903 2584 4946 comme
2617 4900 2749 4941 une
2781 4878 2968 4953 grâce
3001 4894 3132 4950 que

363 4965 483 5011 son
515 4959 835 5033 régiment
868 4987 952 5028 ne
988 4974 1118 5031 soit
1146 4989 1268 5049 pas
1304 4966 1546 5045 appelé
1568 4965 1609 5026 à
1647 4965 1853 5025 Paris.
1891 4965 2014 5022 Les
2054 4962 2396 5020 dernières
2441 4970 2709 5016 courses
2742 4955 2857 5009 ont
2887 4949 3130 5019 fatigué

360 5020 454 5080 les
503 5030 817 5108 chevaux,
871 5041 992 5099 usé
1041 5044 1137 5099 les
1181 5045 1369 5100 effets
1414 5041 1533 5099 des
1578 5039 1886 5097 hommes
1938 5039 2002 5092 et
2045 5036 2094 5094 il
2136 5037 2398 5108 compte
2443 5045 2572 5103 que
2621 5025 2859 5100 quinze
2908 5022 2946 5082 à
2991 5020 3132 5079 dix-

361 5091 505 5156 huit
529 5105 699 5165 mois
728 5119 953 5174 seront
985 5113 1398 5176 nécessaires
1436 5129 1611 5195 pour
1649 5111 1958 5172 remettre
1987 5122 2111 5167 son
2138 5104 2461 5185 régiment
2496 5116 2614 5163 sur
2648 5112 2742 5156 un
2778 5095 2915 5154 bon
2947 5091 3126 5173 pied.
