3147 5230
1384 91 1763 181 -17-
96 293 343 367 43589.
398 287 907 361 ROUSSEAU
946 288 1451 376 (Théodore),
1499 290 1811 362 célèbre
1857 293 2164 381 peintre
2214 294 2686 385 paysagiste,
2738 298 2892 366 ami
2941 293 3036 371 de

455 380 723 450 Millet.
761 419 845 427 —
883 380 969 447 L.
1013 400 1083 447 a.
1127 383 1189 450 s.
1231 383 1379 450 Th.
1423 381 1509 449 R.
1547 382 1591 448 à
1629 385 1821 452 Jean
1863 383 2104 454 Millet
2136 408 2152 473 ;
2206 384 2618 470 vendredi,
2658 387 2702 454 2
2734 408 2808 477 p.
2854 388 3036 456 in-8.

455 471 655 543 Rare
703 474 775 537 et
815 468 1249 539 recherché.
2818 476 2906 546 20
3002 503 3032 542 »

430 615 601 668 Belle
626 616 810 667 lettre
836 615 1100 669 relative
1133 614 1169 668 à
1196 616 1260 668 la
1283 628 1554 685 gravure
1588 618 1781 672 d’une
1808 619 2102 689 planche.

97 754 343 827 43590.
397 750 1179 823 ROUX-FAZILLAC
1241 750 1598 840 (Pierre),
1667 754 1956 848 député
2032 758 2129 827 de
2194 760 2269 829 la
2340 758 2763 844 Dordogne
2848 756 2893 822 à
2968 755 3045 822 la

458 840 986 913 Convention.
1030 883 1112 892 —
1148 843 1230 911 L.
1276 864 1338 911 s.
1372 865 1390 926 ;
1434 842 1898 934 Périgueux,
1934 850 2021 918 25
2053 848 2589 919 vendémiaire
2625 867 2723 914 an
2757 844 2843 925 V,
2887 844 2921 909 1
2965 864 3039 932 p.

456 932 798 1001 in-folio.
2871 934 2915 999 4
3011 957 3043 998 »

434 1069 604 1121 Belle
636 1068 838 1137 pièce,
878 1065 1094 1135 signée
1122 1084 1376 1123 comme
1412 1070 1944 1128 administrateur
1984 1070 2077 1125 du
2117 1072 2567 1141 départemant
2595 1066 2675 1118 de
2717 1067 2777 1119 la
2803 1065 3045 1119 Dordo¬

366 1147 508 1204 gne.

100 1272 349 1343 43591.
404 1271 1167 1341 SAINT-ARNAUD
1220 1275 1973 1364 (Armand-Jacques
2023 1272 2300 1341 Leroy
2337 1271 2468 1352 de)
2515 1267 2914 1339 maréchal
2945 1270 3046 1341 de

461 1363 787 1444 France,
825 1362 963 1451 qui
1003 1364 1163 1451 prit
1199 1384 1353 1434 une
1391 1365 1683 1451 grande
1715 1370 1893 1456 part
1945 1384 2048 1432 au
2104 1382 2312 1449 coup
2366 1358 2618 1426 d’Etat
2666 1357 2772 1426 du
2818 1361 2862 1429 2
2910 1359 3042 1429 dé¬

459 1451 779 1520 cembre
819 1456 895 1519 et
933 1454 1069 1540 qui
1121 1474 1587 1542 commença
1623 1457 1697 1522 la
1739 1471 2018 1542 guerre
2064 1452 2162 1517 de
2194 1445 2526 1517 Crimée.
2578 1488 2654 1496 —
2706 1449 2788 1516 L.
2838 1471 2898 1519 s.
2942 1471 3042 1519 au

457 1541 777 1610 colonel
807 1540 1223 1628 Soumain;
1267 1544 1517 1626 Paris,
1541 1545 1627 1612 13
1655 1542 2074 1612 décembre
2096 1540 2298 1621 1852,
2338 1539 2374 1605 1
2414 1557 2490 1626 p.
2522 1536 2702 1606 in-8.
2824 1539 2908 1608 10
3004 1566 3036 1605 »

432 1697 482 1748 Il
500 1698 558 1748 le
586 1698 895 1750 remercie
916 1697 1031 1750 des
1044 1696 1457 1750 félicitations
1475 1699 1630 1764 qu’il
1653 1698 1746 1749 lui
1770 1712 1809 1748 a
1831 1692 2149 1760 envoyées
2169 1691 2207 1744 à
2226 1692 2567 1743 l’occasion
2587 1691 2668 1745 de
2704 1709 2821 1746 son
2841 1691 3042 1747 éléva¬

363 1764 501 1816 tion
532 1780 616 1816 au
642 1763 1051 1818 maréchalat.
1100 1783 1126 1816 «
1154 1766 1316 1817 C’est
1348 1769 1600 1817 surtout
1644 1762 2043 1830 lorsqu’elles
2087 1775 2191 1810 me
2222 1760 2531 1810 viennent
2573 1759 2685 1817 des
2729 1772 2916 1830 rangs
2960 1760 3040 1813 de

366 1831 626 1884 l’armée
653 1848 779 1900 que
804 1833 899 1885 les
928 1831 1341 1884 félicitations
1375 1848 1479 1884 me
1506 1836 1652 1883 sont
1682 1829 2074 1899 précieuses.
2115 1844 2142 1877 »

100 1970 344 2039 43592.
404 1969 1260 2038 SAINT-MARCEAUX
1316 1967 1556 2055 (René
1610 1965 1706 2032 de
1756 1962 1976 2032 Paul
2031 1962 2185 2047 de),
2245 1960 2555 2034 célèbre
2613 1965 3039 2054 sculpteur,

462 2057 558 2126 né
598 2061 642 2126 à
680 2060 976 2128 Reims.
1016 2062 1100 2127 ^
1140 2060 1220 2127 L.
1266 2080 1334 2125 a.
1380 2075 1440 2124 s.
1476 2079 1496 2138 ;
1536 2055 1946 2136 Florence,
1988 2052 2079 2121 26
2129 2053 2597 2143 Septembre,
2637 2056 2679 2121 4
2715 2077 2791 2144 p.
2847 2054 3037 2122 in-8.

2863 2144 2907 2209 6
3005 2169 3035 2206 »

433 2281 588 2334 Très
625 2281 782 2348 jolie
842 2280 1023 2332 lettre
1062 2279 1148 2332 où
1196 2281 1244 2331 il
1286 2278 1571 2346 exprime
1629 2293 1698 2330 sa
1745 2276 1879 2344 joie
1928 2274 2009 2328 de
2064 2277 2340 2344 pouvoir
2378 2276 2663 2328 admirer
2702 2276 2795 2329 les
2838 2274 3043 2328 chefs-

366 2348 653 2401 d’œuvre
685 2347 766 2401 de
792 2349 1117 2400 Florence.

101 2486 343 2556 43593.
401 2485 1033 2553 SAINT-SIMON
1085 2480 1679 2568 (Claude-Anne
1719 2476 1815 2549 de
1863 2477 2384 2560 Montbleru,
2436 2480 2820 2567 marquis,
2866 2476 3048 2567 puis

459 2574 613 2644 duc
671 2574 825 2658 de),
885 2571 1191 2641 officier
1241 2572 1377 2662 qui
1439 2572 1599 2661 prit
1647 2576 1823 2661 part
1891 2590 2044 2638 aux
2116 2586 2438 2658 guerres
2516 2566 3046 2657 d’Amérique,

457 2663 749 2754 député
811 2664 919 2731 du
979 2664 1355 2751 bailliage
1409 2657 1973 2749 d’Angoulême
2024 2681 2178 2728 aux
2230 2657 2918 2739 Etats-Généraux,
2976 2663 3052 2726 et

459 2755 669 2822 enfin
703 2752 1023 2842 général
1059 2774 1163 2821 au
1201 2752 1509 2822 service
1547 2750 1645 2819 de
1683 2752 2126 2838 l’Espagne,
2156 2749 2254 2816 né
2294 2769 2396 2816 au
2434 2747 2768 2816 château
2806 2748 2902 2815 de
2942 2746 3052 2815 La

455 2845 664 2933 Faye
719 2844 1196 2929 (Charente).
1262 2883 1346 2891 —
1395 2842 1482 2910 L.
1523 2862 1592 2909 a.
1649 2862 1710 2907 s.
1749 2842 1794 2907 à
1847 2839 2475 2906 l’ambassadeur
2536 2837 2635 2906 de
2696 2839 2999 2906 France
3030 2856 3051 2919 ;

454 2934 788 3017 Madrid,
824 2934 912 3002 23
948 2930 1244 3004 février
1282 2932 1482 3012 1807,
1524 2932 1566 2997 2
1604 2952 1682 3019 p.
1726 2927 2063 2997 in-folio.
2831 2928 2917 2994 10
2999 2950 3045 2989 »

436 3078 717 3147 Superbe
744 3078 926 3146 pièce
960 3077 1046 3129 où
1076 3079 1123 3129 il
1155 3075 1478 3131 demande
1517 3077 1710 3143 qu’on
1747 3074 1839 3126 lui
1873 3074 2136 3124 restitue
2174 3073 2266 3124 les
2307 3071 2494 3123 biens
2539 3071 2691 3138 qu’il
2722 3066 3051 3138 possédait

367 3162 446 3198 en
478 3148 717 3199 France
744 3149 939 3199 avant
963 3146 1024 3197 la
1052 3144 1455 3198 Révolution.
1493 3141 1916 3194 Intéressants
1948 3140 2197 3193 détails.

102 3282 340 3351 4359.4.
398 3273 1102 3353 SAINTE-BEÜVE
1150 3277 2007 3366 (Charles-Augustin),
2061 3277 2135 3344 le
2185 3274 2495 3344 célèbre
2547 3273 2907 3361 critique.
2963 3311 3045 3321 —

450 3376 535 3442 L.
573 3397 643 3442 a.
703 3397 765 3442 s.
820 3374 865 3441 à
920 3374 1185 3441 Henri
1224 3373 1485 3452 Heine
1517 3391 1535 3452 ;
1592 3370 1845 3449 Paris,
1906 3367 1996 3434 25
2051 3365 2346 3436 février
2385 3363 2588 3444 1855,
2647 3365 2684 3430 1
2726 3382 2802 3451 p.
2861 3361 3046 3445 in-8,

455 3463 923 3554 enveloppe.
2830 3451 2916 3519 10
3012 3473 3044 3516 »

429 3599 595 3651 Jolie
621 3602 803 3651 lettre
833 3596 921 3649 où
945 3598 991 3649 il
1017 3598 1073 3651 le
1107 3594 1417 3650 remercie
1443 3593 1523 3648 de
1561 3594 1793 3646 l’envoi
1833 3589 1911 3644 de
1951 3607 2054 3644 ses
2092 3589 2260 3642 deux
2296 3588 2586 3640 volumes
2618 3585 2698 3639 de
2740 3585 3050 3638 l’Allema¬

368 3681 500 3734 gne,
540 3672 600 3719 et
630 3668 722 3719 lui
774 3666 1058 3746 rappelle
1103 3665 1259 3733 qu’il
1299 3678 1337 3716 a
1381 3661 1479 3715 été
1523 3679 1615 3714 un
1655 3663 1777 3715 des
1815 3659 2132 3731 premiers
2174 3657 2212 3710 à
2248 3656 2462 3724 parler
2512 3653 2596 3706 de
2634 3654 2728 3707 lui
2776 3652 2938 3707 dans
2988 3653 3050 3706 la

364 3749 588 3802 presse
618 3734 960 3803 française.

100 3868 341 3938 43595.
396 3871 649 3941 8AND
686 3872 1073 3958 (George),
1108 3868 1185 3937 la
1224 3865 1521 3957 grande
1570 3861 2096 3936 romancière.
2154 3897 2236 3908 —
2275 3861 2354 3926 1°
2405 3857 2638 3926 Billet
2685 3862 2844 3927 aut.
2899 3857 3044 3944 sig.

453 3961 497 4029 à
535 3962 633 4030 M.
677 3961 1009 4042 Dubois,
1065 3961 1101 4028 1
1151 3980 1227 4050 p.
1289 3959 1517 4027 in-16.
1573 3997 1657 4006 —
1705 3957 1783 4024 2°
1845 3951 2076 4020 Pièce
2124 3945 2542 4038 imprimée
2592 3968 2786 4018 avec
2836 3947 3054 4035 quel¬

455 4071 651 4139 ques
711 4051 965 4140 lignes
1023 4055 1179 4118 aut.
1211 4072 1229 4134 ;
1293 4048 1635 4134 Nohant,
1689 4046 1777 4114 29
1825 4041 2112 4131 juillet,
2160 4039 2196 4106 1
2244 4059 2316 4128 p.
2390 4037 2582 4107 in-8.
2644 4038 2794 4107 Les
2842 4034 3052 4107 deux

451 4141 745 4230 pièces.
2834 4126 2918 4196 10
3016 4152 3050 4195 »

427 4274 733 4331 Curieuse
757 4276 959 4347 pièce.
987 4276 1149 4329 C’est
1181 4290 1307 4330 une
1337 4271 1699 4336 invitation,
1735 4280 1889 4322 avec
1921 4263 2158 4316 en-tête
2184 4262 2510 4334 imprimé,
2544 4263 2582 4318 à
2608 4264 2796 4318 venir
2826 4276 3052 4332 passer

360 4341 419 4394 la
453 4341 659 4396 soirée
688 4361 772 4397 au
804 4343 1049 4396 théâtre
1089 4342 1169 4395 de
1199 4342 1475 4399 Nohant.

96 4473 336 4547 43596.
392 4478 868 4553 SARRAZIN
908 4482 1188 4567 (Jean),
1232 4475 1576 4568 général,
1618 4467 2065 4542 condamné
2105 4471 2151 4538 à
2189 4476 2423 4551 mort,
2467 4489 2565 4539 en
2605 4469 2805 4550 1810,
2847 4486 3055 4558 pour

450 4569 854 4641 désertion
910 4577 984 4640 et
1034 4592 1132 4641 en
1194 4569 1370 4639 1819
1438 4568 1482 4633 à
1556 4563 1690 4634 dix
1744 4577 1888 4636 ans
1946 4561 2045 4628 de
2105 4567 2439 4634 travaux
2509 4558 2771 4629 forcés
2845 4578 3053 4646 pour

446 4662 834 4750 trigamie.
890 4703 972 4712 —
1042 4662 1124 4730 L.
1192 4681 1262 4729 a.
1332 4679 1390 4725 s.
1462 4651 1506 4725 à
1578 4651 1902 4724 Kleber
1902 4671 1912 4682 -
1938 4675 1954 4740 ;
2027 4651 2457 4733 Gladbach,
2507 4651 2547 4718 3
2609 4645 3053 4718 thermidor

450 4771 550 4819 an
592 4755 718 4836 III,
760 4755 802 4822 4
840 4775 918 4843 p.
974 4753 1170 4822 in-4.
1588 4745 1666 4846 jÇ
1700 4805 1710 4826 >
1770 4755 1954 4846 MM
2829 4735 2915 4807 15
3015 4765 3047 4802 »

426 4896 733 4952 Curieuse
778 4900 963 4952 lettre
990 4897 1076 4952 où
1112 4899 1158 4951 il
1203 4913 1271 4951 se
1303 4887 1747 4959 disculpe\&es
1784 4882 2133 4958 reproches
2173 4904 2299 4959 que
2346 4888 2439 4942 lui
2474 4886 2733 4941 avaient
2756 4881 3056 4937 adressés

361 4962 593 5019 Kleber
621 4982 705 5020 au
739 4968 907 5034 sujet
938 4967 1019 5020 de
1051 4968 1111 5019 la
1143 4961 1479 5019 mauvaise
1511 4954 1990 5026 exéôutioiî)ies
2025 4958 2250 5012 ordres
2278 4957 2433 5030 qu’il
2457 4955 2629 5011 avait
2660 4967 2846 5022 reçus
2874 4949 2954 5006 de
2982 4967 3053 5007 ce

358 5030 632 5102 général.
