3207 5264
1376 70 1766 154 -20-
78 300 327 379 43612.
378 289 828 372 VERGNES
892 269 1556 371 (Jacques-Paul),
1624 259 1950 354 général
2024 256 2125 327 de
2199 254 2275 325 la
2338 249 2875 344 République,
2941 251 3077 341 qui

441 387 691 461 servit
761 398 861 448 en
927 368 1273 450 Vendée,
1355 361 1453 432 né
1541 361 1585 428 à
1671 351 2090 424 Tonneins
2165 344 2918 434 (Lot-et-Garonne).
2998 385 3076 395 —

442 480 524 549 P.
574 495 636 543 s.
670 493 692 557 ;
746 469 1092 545 Rennes,
1134 460 1224 529 25
1274 451 1650 550 pluviôse
1702 466 1806 515 an
1857 445 1926 513 II
1977 440 2095 528 (13
2146 436 2449 511 février
2486 435 2721 524 1793),
2762 434 2805 503 7
2845 456 2923 527 p.
2966 436 3083 522 1/2

441 561 793 638 in-folio.
2857 527 2946 598 15
3045 552 3078 593 »

415 721 572 777 Très
604 717 875 772 curieux
906 712 1262 766 document
1306 705 1393 759 où
1425 703 1474 758 il
1517 702 1803 770 proteste
1855 695 2080 747 contre
2128 705 2249 744 son
2294 688 2704 755 arrestation,
2746 685 3079 741 ordonnée

348 809 469 864 par
493 786 976 843 Guimberteau.
1013 780 1065 833 Il
1093 778 1380 833 s’efforce
1406 772 1488 826 de
1516 769 1803 837 dissiper
1827 765 1921 817 les
1949 759 2145 830 griefs
2174 773 2301 827 que
2338 759 2433 811 les
2466 754 2950 826 représentants
2988 754 3079 809 du

344 858 581 932 peuple
637 858 751 907 ont
793 857 1016 906 contre
1065 850 1160 902 lui
1211 851 1273 899 et
1326 844 1489 896 dont
1529 841 1590 892 le
1636 833 1967 906 principal
2010 829 2167 884 était
2212 828 2369 896 qu’il
2417 826 2657 882 n’avait
2704 841 2823 896 pas
2878 824 3078 879 voulu

349 926 640 983 secourir
680 925 740 977 le
771 919 1033 991 général
1082 917 1375 971 Tribôut.
1415 912 1466 963 Il
1511 907 1630 962 fait
1671 903 1866 974 appel
1916 917 2042 954 aux
2099 898 2538 966 témoignages
2594 894 2710 948 des
2754 887 3079 963 généraux

347 996 600 1061 Kleber,
630 991 994 1060 Rossignol,
1030 991 1146 1042 etc.
1177 983 1458 1039 Curieux
1489 975 1740 1031 détails.

76 1138 327 1211 43613.
378 1131 881 1206 VERLAINE
920 1126 1203 1216 (Paul),
1240 1118 1561 1193 célèbre
1594 1112 1855 1205 poète.
1896 1151 1978 1159 —
2024 1110 2110 1178 L.
2157 1129 2226 1176 a.
2273 1127 2336 1177 s.
2381 1106 2466 1174 P.
2511 1104 2598 1173 V.
2641 1105 2686 1172 à
2723 1123 2870 1171 son
2911 1099 3077 1171 édi¬

441 1232 622 1299 teur
653 1250 670 1317 ;
703 1221 958 1314 jeudi,
999 1220 1116 1299 21,
1159 1216 1196 1285 1
1235 1235 1314 1305 p.
1359 1209 1546 1279 in-8.
2902 1193 2946 1261 3
3044 1217 3076 1256 »

422 1387 473 1440 Il
502 1385 598 1438 lui
626 1396 906 1453 propose
933 1379 1104 1431 deux
1128 1367 1567 1439 biographies.
1609 1381 1634 1416 «
1663 1363 1800 1431 Que
1833 1361 2234 1415 diriez-vous
2268 1357 2425 1411 d’un
2463 1352 2752 1417 Mendès,
2782 1351 3081 1404 chouette

352 1471 479 1511 aux
508 1466 808 1524 pommes
833 1452 863 1502 ?
893 1464 920 1498 »

87 1596 333 1668 43614.
389 1578 1341 1663 VICTOR-EMMANUEL
1545 1573 1667 1643 roi
1707 1572 1805 1643 de
1855 1567 2316 1658 Sardaigne.
2362 1604 2446 1614 —
2497 1562 2582 1633 L.
2628 1581 2698 1630 a.
2744 1580 2806 1627 s.
2849 1557 2894 1627 à
2936 1576 3084 1626 son

448 1684 638 1772 père
672 1666 1354 1766 (Victor-Amédée
1391 1667 1522 1755 III)
1558 1690 1576 1755 ;
1615 1663 2018 1753 Pignerol,
2073 1659 2165 1730 20
2217 1657 2375 1727 mai
2416 1654 2619 1735 1794,
2674 1652 2717 1720 7
2767 1671 2845 1739 p.
2894 1647 3081 1717 in-4.

2861 1739 2950 1809 40
3047 1764 3078 1803 »

421 1932 849 1984 Importante
879 1937 1134 1978 lettre
1166 1919 1253 1974 où
1278 1919 1325 1971 il
1356 1917 1452 1971 lui
1486 1930 1724 1985 expose
1748 1915 1808 1966 le
1840 1912 2052 1982 projet
2083 1907 2242 1977 qu’il
2279 1922 2318 1959 a
2357 1919 2566 1970 conçu
2605 1900 2966 1967 d’attaquer
2989 1898 3083 1950 les

359 1997 683 2064 Français.
714 1992 872 2047 Très
911 1989 1342 2045 intéressants
1375 1984 1607 2039 détails
1640 1983 1679 2036 à
1712 1999 1782 2035 ce
1812 1981 1999 2048 sujet,
2032 1998 2058 2029 a
2095 1976 2403 2032 D’ailleur
2428 1973 2476 2025 il
2507 1973 2612 2039 n’y
2649 1986 2687 2022 a
2718 1984 2835 2037 pas
2865 1969 3084 2019 moïen

355 2067 604 2121 d’avoir
627 2065 698 2117 ni
731 2064 983 2130 espion,
1018 2061 1089 2112 ni
1119 2057 1369 2127 guides,
1402 2070 1598 2124 parce
1631 2068 1759 2120 que
1789 2049 1881 2104 les
1913 2048 2198 2101 abitants
2234 2043 2316 2097 de
2349 2057 2421 2094 ce
2451 2040 2598 2110 pais
2639 2038 2974 2104 craignent
2998 2050 3083 2087 ou

353 2137 602 2190 aiment
623 2137 771 2202 trop
796 2133 893 2184 les
920 2127 1249 2195 François.
1287 2142 1313 2177 »

85 2277 332 2347 43616.
387 2268 1058 2360 WICQUEFORT
1099 2261 1492 2354 (Joachim
1531 2260 1690 2346 de),
1727 2256 2171 2347 diplomate
2198 2256 2277 2322 et
2302 2247 2569 2319 érudit
2598 2240 3081 2324 hollandais,

451 2362 553 2434 né
592 2364 637 2433 à
670 2360 1203 2433 Amsterdam.
1237 2397 1323 2407 —
1360 2353 1403 2424 8
1440 2353 1493 2422 1.
1538 2374 1607 2421 a.
1648 2371 1743 2433 s.,
1786 2368 1885 2417 en
1918 2344 2300 2434 français,
2339 2343 2384 2410 à
2415 2339 2654 2409 Stella
2683 2359 2704 2420 ;
2741 2336 3086 2403 Amster¬

451 2455 666 2538 dam,
697 2448 1356 2543 juin-novembre
1395 2444 1600 2527 1639,
1643 2442 1730 2510 17
1763 2460 1842 2531 p.
1887 2435 2233 2519 in-folio,
2276 2432 2627 2503 cachets.
2862 2424 2951 2492 40
3050 2447 3083 2490 »

433 2612 589 2668 -Très
628 2610 1058 2667 intéressante
1103 2601 1668 2674 correspondance
1707 2613 1828 2668 par
1858 2594 2137 2664 laquelle
2182 2592 2230 2646 il
2256 2591 2419 2644 tient
2456 2603 2579 2643 son
2628 2584 2762 2639 ami
2789 2582 2978 2638 Stella
3003 2595 3088 2635 au

364 2686 637 2739 courant
654 2682 738 2734 de
772 2696 842 2733 ce
864 2680 979 2748 qui
1008 2694 1075 2731 se
1105 2675 1354 2745 passait
1377 2672 1801 2739 d’important
1825 2666 1991 2722 dans
2022 2666 2118 2716 les
2148 2661 2468 2728 Pays-Bas
2498 2658 2560 2709 et
2585 2670 2668 2708 en
2694 2653 3085 2710 Allemagne.

366 2753 421 2806 Il
448 2753 627 2821 parle
666 2749 783 2802 des
827 2747 1202 2817 opérations
1245 2742 1588 2795 militaires
1633 2737 1724 2789 du
1766 2736 1992 2804 prince
2025 2731 2362 2796 d’Orange,
2397 2726 2489 2778 du
2531 2724 2659 2776 duc
2690 2720 2980 2774 Bernard
3007 2717 3088 2770 de

366 2818 868 2882 Saxe-Weimar,
927 2815 1119 2867 d'une
1167 2811 1437 2865 victoire
1493 2806 1723 2860 navale
1781 2799 2146 2870 remportée
2200 2812 2319 2867 par
2367 2792 2641 2848 l’amiral
2697 2790 2961 2858 Tromp,
3008 2785 3089 2838 de

368 2887 742 2952 Jansénius,
774 2889 890 2938 etc.

95 3029 342 3101 43616.
397 3025 652 3097 ZOLA
687 3022 1030 3113 (Emile),
1071 3018 1145 3089 le
1183 3015 1501 3089 célèbre
1535 3009 2021 3083 romancier.
2059 3044 2144 3056 —-
2180 3005 2264 3075 L.
2310 3022 2380 3072 a.
2422 3023 2516 3084 s.,
2554 3001 2590 3068 1
2636 3020 2714 3089 p.
2748 2996 2866 3082 1/2
2894 2993 3090 3063 in-8.

458 3116 662 3189 Jolie
688 3113 934 3207 pièce.
2919 3084 2963 3157 6
3063 3109 3093 3150 »

1194 3581 2019 3683 DOCUMENTS

105 3871 352 3952 43617.
407 3867 698 3949 AGEN.
742 3908 826 3929 —
863 3864 950 3948 P.
991 3894 1054 3944 s.
1097 3881 1296 3945 aVéé
1321 3865 1366 3938 6
1391 3869 1650 3957 lignes
1677 3867 1836 3936 aut.
1869 3862 1980 3932 dii
2021 3850 2657 3933 cônveiitioftnel
2690 3849 3101 3933 Paganel,

472 3969 509 4041 1
546 3989 623 4060 p.
668 3969 785 4055 1/2
822 3964 1165 4037 in-folio.
2927 3946 2972 4013 5
3071 3965 3104 4011 »

447 4125 619 4180 Liste
646 4124 1047 4179 nominative
1081 4122 1172 4178 du
1199 4120 1488 4177 tribunal
1521 4117 1612 4171 du
1644 4106 1900 4170 districi
1932 4108 2195 4185 d’Agen,
2231 4112 2312 4168 de
2340 4114 2402 4167 la
2435 4104 2890 4181 municipalité
2926 4108 2987 4159 et
3018 4101 3107 4156 du

380 4193 626 4248 conseil
668 4190 944 4261 général,
984 4208 1140 4248 avec
1177 4190 1294 4246 des
1347 4188 1800 4244 observations
1849 4199 1962 4241 sur
2005 4186 2487 4256 quelques-uns
2521 4180 2603 4234 de
2644 4195 2750 4233 ces
2788 4174 3109 4230 fonction¬

382 4263 618 4315 naires.
656 4262 933 4315 Curieux
958 4261 1313 4316 document
1343 4256 1529 4312 local.

110 4398 357 4469 43618.
412 4398 969 4470 RORDEAUX.
1017 4440 1099 4452 —
1138 4400 1373 4472 Pièce
1415 4419 1559 4469 sur
1597 4396 1815 4471 vélin
1843 4419 1861 4484 ;
1902 4395 2160 4479 Paris,
2205 4393 2242 4463 1
2252 4411 2312 4446 er
2352 4393 2514 4463 mai
2553 4388 2834 4472 1586,1
2879 4406 2955 4479 p.
2997 4398 3107 4472 gr.

475 4488 812 4561 in-folio.
2937 4478 2982 4547 8
3079 4497 3110 4536 »

454 4645 696 4702 Lettres
728 4651 1021 4718 patentes
1049 4648 1129 4703 de
1157 4650 1361 4705 Henri
1388 4650 1492 4705 III.
1525 4650 1907 4705 Provisions
1941 4647 2022 4701 de
2051 4647 2112 4701 la
2152 4646 2387 4715 charge
2422 4645 2504 4699 de
2539 4644 2747 4701 maire
2779 4630 3115 4713 perpétuel

387 4711 466 4766 de
494 4714 830 4770 Bordeaux
855 4732 1024 4785 pour
1048 4717 1245 4772 Louis
1278 4718 1358 4773 de
1391 4721 1452 4775 la
1485 4721 1771 4786 Chastre,
1802 4718 2040 4790 depuis
2085 4714 2421 4772 maréchal
2447 4715 2529 4771 de
2565 4716 2831 4770 France.

121 4846 366 4919 43619.
421 4849 908 4925 COMMUNE
944 4854 1079 4924 DE
1114 4856 1317 4929 1871.
1360 4897 1449 4910 —
1486 4861 1571 4931 P.
1614 4882 1687 4931 a.
1728 4880 1791 4931 s.
1846 4858 1949 4929 de
1988 4857 2446 4942 Cluseret,
2491 4856 2862 4929 ministre
2909 4846 3008 4919 de
3045 4843 3122 4915 la

486 4958 814 5030 guerre;
855 4945 1090 5029 (avril
1129 4948 1364 5039 1871),
1395 4951 1514 5039 1/2
1551 4973 1630 5044 p.
1675 4951 1866 5023 in-8.
2888 4942 2977 5013 12
3076 4963 3110 5000 »

460 5097 511 5155 Il
542 5098 761 5156 donne
790 5100 1025 5160 l’ordre
1050 5104 1131 5162 de
1158 5107 1537 5167 barricader
1565 5113 1659 5168 les
1687 5117 1883 5185 ponts
1911 5112 1993 5168 de
2027 5112 2288 5184 Neuilly
2314 5117 2378 5169 et
2404 5111 2800 5170 d’Asnières.
