3273 5344
324 230 1261 331 PUBLICATIONS
1354 224 1587 312 SUR
1674 219 1906 303 LES
1995 207 2942 301 AUTOGRAPHES

596 452 694 502 En
718 451 923 499 vente
948 443 1111 495 chez
1135 442 1221 492 M.
1252 436 1421 490 Noël
1451 433 1834 493 Gharavay,
1865 441 1991 480 rue
2017 427 2101 478 de
2126 426 2605 492 Furstenberg,
2636 427 2679 477 3

152 831 399 900 Faux
434 817 1043 908 autographes
1087 836 1100 884 :
1146 814 1462 886 affaire
1499 786 2148 879 Vrain-Lucas.
2190 785 2421 871 Étude
2459 825 2585 891 par
2622 787 2912 874 Étienne
2942 807 3112 876 Cha-

241 938 475 1004 ravay.
518 912 883 979 Brochure
922 907 1110 975 in-8.
2938 899 2972 964 1
3077 925 3107 962 »

236 1027 461 1108 Étude
510 1037 805 1126 critique
854 1057 982 1103 sur
1025 1035 1092 1101 la
1143 1034 1460 1100 fameuse
1508 1023 1880 1093 collection
1919 1021 2195 1089 vendue
2234 1022 2274 1087 à
2310 1022 2402 1088 M.
2447 1021 2734 1091 Chasles
2768 1030 2835 1091 et
2875 1024 3111 1091 obser¬

151 1133 420 1201 vations
455 1150 583 1197 sur
614 1128 722 1197 les
758 1147 1055 1216 moyens
1091 1126 1180 1194 de
1216 1119 1662 1189 reconnaître
1697 1115 1807 1181 les
1840 1113 2009 1180 faux
2046 1114 2540 1200 autographes.

158 1290 749 1379 Supplément
807 1289 863 1356 à
909 1279 1483 1371 l'isographie
1534 1277 1693 1343 des
1741 1274 2147 1342 hommes
2195 1273 2616 1357 célèbres,
2688 1269 2931 1340 dressé
2992 1293 3116 1357 par

239 1381 536 1449 Etienne
586 1381 938 1465 Gharavay
982 1403 999 1463 ;
1053 1372 1402 1461 première
1451 1365 1662 1448 série,
1718 1370 2096 1431 contenant
2147 1364 2272 1430 des
2321 1364 2693 1430 livraisons
2745 1361 2831 1428 de
2880 1362 2910 1426 I
2954 1363 2992 1426 à
3029 1361 3110 1426 V.

242 1474 410 1539 In-4
449 1492 577 1538 sur
612 1471 856 1558 papier
893 1467 983 1534 de
1021 1460 1390 1531 Hollande.
1431 1455 1598 1522 Tiré
1633 1456 1675 1519 à
1710 1454 1847 1521 200
1881 1455 2372 1542 exemplaires.
2900 1452 2987 1516 12
3085 1474 3115 1513 »

243 1599 288 1665 2
291 1614 320 1649 e
357 1596 568 1679 série,
610 1599 994 1662 contenant
1028 1590 1132 1655 les
1163 1585 1542 1653 livraisons
1579 1581 1667 1647 de
1702 1580 1799 1645 YI
1831 1580 1872 1646 à
1910 1582 1995 1645 X.
2899 1574 2990 1639 12
3086 1602 3115 1632 »

159 1757 433 1826 Table
499 1752 918 1842 générale
989 1749 1149 1815 des
1218 1745 1546 1812 lettres
1616 1746 1709 1808 et
1781 1741 2313 1808 documents
2383 1742 2825 1804 contenus
2899 1733 3121 1798 dans

247 1849 741 1915 l'Amateur
788 1834 1532 1923 d’autographes;
1576 1831 1928 1917 première
1967 1828 2177 1911 série,
2224 1826 2663 1909 1862-1874;
2705 1821 2911 1903 1877,
2948 1822 3019 1885 in
3023 1859 3049 1908 :
3050 1822 3115 1885 8.

246 1934 411 2002 Tiré
445 1935 487 2002 à
518 1933 653 2001 100
685 1930 1181 2016 exemplaires.
2943 1912 2989 1974 4
3082 1933 3117 1975 »

247 2061 438 2127 Cette
484 2058 670 2124 table
719 2052 1007 2140 rédigée
1053 2073 1220 2123 avec
1267 2050 1429 2115 soin
1480 2068 1607 2133 par
1657 2067 1753 2111 un
1792 2044 2280 2129 bibliographe
2317 2038 2635 2119 émérite,
2676 2037 2770 2102 M.
2820 2036 3122 2100 Maurice

158 2151 566 2230 Tourneux,
608 2153 717 2212 est
751 2142 1284 2230 indispensable
1321 2161 1457 2206 aux
1501 2134 1821 2202 abonnés
1859 2135 1948 2200 de
1986 2135 2032 2199 Y
2034 2135 2404 2200 Amateur
2452 2132 2520 2194 cY
2527 2127 3022 2210 autographes
3054 2133 3120 2189 et

160 2263 293 2309 aux
327 2238 596 2307 érudits
629 2238 750 2325 qui
790 2243 913 2302 ont
951 2234 1202 2300 besoin
1234 2230 1323 2297 de
1360 2229 1725 2295 consulter
1762 2234 1869 2290 cet
1907 2225 2078 2290 utile
2115 2222 2408 2288 recueil.

163 2397 690 2469 Inventaire
726 2396 885 2462 des
920 2389 1535 2478 autographes
1572 2393 1667 2453 et
1716 2385 2252 2452 documents
2285 2377 2837 2460 historiques
2884 2369 3125 2436 réunis

253 2509 383 2576 par
427 2487 519 2554 M.
574 2485 948 2570 Benjamin
996 2483 1257 2563 Fillon,
1308 2478 1573 2544 décrits
1616 2497 1743 2562 par
1790 2473 2090 2539 Etienne
2139 2470 2523 2553 Gharavay.
2567 2465 2824 2530 Tomes
2862 2463 2890 2526 I
2928 2468 2995 2526 et
3032 2461 3122 2540 II,

251 2581 297 2646 2
342 2579 480 2646 vol.
534 2577 708 2659 in-4,
760 2577 970 2660 impr.
1025 2593 1154 2640 sur
1187 2570 1436 2658 papier
1477 2567 1565 2633 de
1606 2564 1957 2632 Hollande
1996 2584 2123 2648 par
2157 2562 2256 2627 M.
2299 2558 2401 2623 CI.
2445 2558 2803 2622 Motteroz.
2847 2551 3128 2635 Chaque

256 2670 566 2738 volume.
2909 2640 2999 2706 25
3095 2662 3128 2702 -

175 2830 533 2897 Lettres
587 2822 1198 2910 autographes
1259 2822 1784 2902 composant
1837 2815 1926 2880 la
1975 2808 2444 2878 collection
2501 2806 2609 2870 de
2661 2803 2773 2868 M.
2828 2796 3136 2865 Alfred

265 2916 576 2997 Bovet,
609 2913 917 2981 décrites
953 2933 1081 2997 par
1115 2911 1414 2976 Etienne
1445 2907 1834 2990 Gharavay,
1877 2920 2183 2984 ouvrage
2221 2893 2551 2982 imprimé
2589 2913 2762 2957 sous
2797 2892 2863 2953 la
2912 2888 3137 2952 direc¬

263 3010 412 3075 tion
465 3007 555 3072 de
603 3003 928 3070 Fernand
979 3002 1380 3067 Calmettes.
1431 2998 1471 3060 1
1522 2995 1657 3060 vol.
1717 2994 1870 3059 in-4
1920 2993 2010 3056 de
2062 2988 2272 3053 1.000
2328 3005 2568 3072 pages,
2626 2974 2955 3067 imprimé
3014 2996 3142 3041 sur

264 3098 511 3185 papier
540 3095 632 3162 de
666 3094 856 3177 luxe,
892 3114 1063 3159 avec
1091 3088 1592 3156 encadrement
1626 3105 1847 3169 rouge
1882 3084 1926 3146 à
1960 3082 2236 3167 chaque
2273 3097 2475 3163 page.
2877 3063 3010 3132 150
3104 3088 3136 3126 j>

348 3534 1457 3673 WEGWEISER
1628 3489 1990 3661 FÜR
2145 3513 2993 3652 SAMMLER

1103 3755 1369 3843 (Guide
1403 3755 1533 3823 des
1573 3750 2210 3835 Collectionneurs)

284 3957 631 4035 Journal
678 3952 983 4046 spécial
1038 3973 1253 4048 pour
1302 3951 1601 4022 l’achat
1648 3954 1733 4021 et
1780 3948 1859 4019 la
1913 3951 2152 4018 vente
2199 3943 2306 4017 de
2355 3946 2630 4014 toutes
2677 3927 3014 4029 espèces
3047 3925 3150 4000 de

189 4057 634 4134 curiosités
669 4076 688 4125 :
725 4055 1234 4148 Antiquités,
1269 4070 1574 4139 armes,
1611 4049 2077 4130 armoiries,
2116 4041 2707 4137 autographes,
2748 4027 3145 4115 ex-libris,

196 4158 604 4247 herbiers,
662 4175 1098 4246 gravures,
1160 4152 1694 4241 manuscrits,
1760 4147 2223 4229 médailles,
2295 4142 2757 4233 monnaies,
2823 4148 3149 4212 sceaux,

200 4260 855 4348 timbres-poste,
892 4261 1050 4326 etc.

408 4520 925 4594 Publication
970 4520 1553 4596 bi-mensuelle
1574 4544 1607 4613 ;
1656 4520 2200 4594 abonnement
2235 4516 2292 4590 5
2321 4517 2606 4613 francs
2637 4534 2804 4610 par
2833 4527 2944 4581 an

205 4690 670 4768 S’adresser
696 4688 896 4760 chez
941 4688 1432 4764 Hartmann
1468 4711 1572 4766 et
1602 4691 1959 4782 Wolff,
1991 4691 2039 4764 à
2067 4688 2427 4784 Leipzig,
2465 4685 3017 4761 Inselstrasse,
3070 4663 3155 4738 12

876 4960 970 5027 Le
1006 4961 1770 5052 Propriétaire-Gérant
1800 4972 1816 5041 :
1858 4971 2069 5041 Noël
2105 4969 2495 5037 Charayay

1062 5144 1364 5199 Vendôme.
1389 5174 1459 5186 —
1481 5150 1835 5214 Imprimerie
1862 5153 1931 5205 F.
1965 5154 2308 5206 Eiipactaz
