3191 5214
1460 83 1540 95 -
1594 34 1680 119 19
1728 89 1812 101 -

496 219 754 318 poète,
808 228 1168 303 membre
1216 232 1314 306 de
1376 237 1856 316 l’Académie
1914 244 2337 336 française.
2397 292 2479 304 —
2527 253 2607 325 L.
2667 278 2733 326 a.
2793 280 2855 330 s.
2911 254 2953 333 à
3006 289 3113 339 un

499 314 867 387 confrère
893 342 909 407 ;
953 321 1207 407 Paris,
1251 327 1294 396 3
1327 334 1767 404 novembre
1805 337 2009 420 1879,
2047 340 2091 408 2
2124 359 2201 430 p.
2245 341 2476 413 in-16.
2938 356 2982 424 8
3080 383 3110 423 »

468 481 636 538 Jolie
660 484 845 540 lettre
874 485 914 542 à
945 505 1038 545 un
1063 490 1354 551 écrivain
1384 500 1500 567 qui
1531 504 1762 557 trouve
1792 503 1874 558 de
1905 506 1969 559 la
2006 506 2318 566 difficulté
2347 511 2386 569 à
2422 513 2583 572 faire
2617 518 2961 590 imprimer
2993 538 3116 577 son

405 552 691 622 premier
728 568 1029 627 ouvrage.
1080 578 1106 614 «
1152 562 1315 619 C’est
1355 570 1652 636 toujours
1683 572 1743 625 le
1786 575 1990 629 cercle
2022 578 2277 636 vicieux
2313 602 2325 637 :
2356 583 2406 639 il
2444 582 2584 641 faut
2629 586 2764 642 être
2805 589 3115 661 imprimé

404 634 572 691 pour
603 619 735 676 être
769 639 1006 694 connu,
1037 633 1203 684 mais
1238 649 1323 687 on
1350 637 1525 705 exige
1565 655 1691 708 que
1728 641 2001 699 fauteur
2028 647 2151 701 soit
2182 664 2398 708 connu
2429 671 2599 723 pour
2635 656 3038 729 fimprimer.
3088 678 3115 708 »

139 793 385 864 43606.
439 793 850 868 TAUNAY
901 802 1713 901 (Nicolas-Antoine),
1779 815 2097 894 célèbre
2152 825 2466 915 peintre
2528 829 2628 899 de
2689 846 3112 920 paysages,

502 886 641 975 qui
678 887 765 957 fit
796 908 904 958 un
944 892 1136 984 long
1174 894 1446 985 séjour
1490 922 1590 972 au
1642 906 1918 980 Brésil.
1966 952 2046 963 —
2100 915 2182 982 P.
2228 937 2294 985 a.
2363 939 2425 987 s.
2459 940 2479 1004 ;
2519 921 2773 1001 Paris,
2813 919 2903 987 24
2933 919 3113 1008 plu¬

499 976 728 1048 viôse
765 1000 868 1051 an
907 984 1001 1068 II,
1045 986 1082 1053 1
1123 1007 1201 1076 p.
1245 986 1443 1059 in-4.
2894 1008 2981 1080 10
3078 1036 3112 1079 »

139 1133 384 1204 43607.
439 1135 844 1211 THOMAS
909 1142 1419 1238 (Ambroise),
1467 1150 1544 1222 le
1595 1155 1910 1231 célèbre
1961 1166 2511 1255 compositeur
2560 1165 2659 1233 de
2708 1166 3106 1258 musique.

501 1268 585 1278 —
622 1229 707 1299 L.
740 1251 811 1300 a.
856 1252 949 1320 s.,
990 1235 1033 1304 2
1072 1256 1149 1327 p.
1182 1238 1299 1324 1/2
1336 1240 1523 1315 in-8.
2933 1256 2978 1328 4
3071 1286 3104 1329 »

136 1393 384 1464 43608.
436 1396 822 1471 TARTAS
855 1403 1198 1493 (Emile),
1252 1407 1598 1499 général,
1652 1420 1791 1509 qui
1826 1420 1985 1510 prit
2020 1427 2201 1511 part
2255 1423 2302 1491 à
2352 1421 2428 1491 la
2486 1421 2944 1513 répression
2996 1429 3106 1501 du

495 1500 1015 1565 mouvement
1041 1495 1571 1589 républicain,
1613 1510 1847 1601 après
1884 1511 1959 1579 le
1996 1514 2041 1581 2
2078 1510 2508 1582 décembre
2543 1512 2743 1597 1851,
2777 1515 3093 1609 député,

494 1577 595 1649 né
620 1579 667 1650 à
702 1580 986 1669 Mézin,
1020 1587 1774 1687 (Lot-et-Garonne).
1820 1641 1904 1651 —
1940 1602 2024 1671 P.
2068 1622 2138 1670 a.
2184 1622 2278 1684 s.,
2311 1603 2347 1669 1
2376 1624 2455 1693 p.
2487 1602 2827 1678 in-folio.
2924 1610 2969 1678 5
3067 1638 3101 1675 »

471 1736 950 1795 Proclamation
975 1759 1102 1798 aux
1127 1746 1438 1805 électeurs
1471 1752 1561 1805 du
1590 1755 2158 1809 Lot-et-Garonne.

131 1892 417 1981 43609.,
433 1896 1045 1975 VARNHAGEN
1104 1906 1451 1980 D’ENSE
1510 1912 2318 2003 (Charles-Auguste),
2375 1918 2688 1993 célèbre
2743 1922 3100 1999 écrivain

494 1988 922 2062 allemand.
972 2033 1058 2047 —
1092 1998 1174 2066 L.
1232 2020 1300 2068 a.
1358 2003 1418 2070 s.
1472 2002 1516 2071 à
1568 2002 1832 2073 Henri
1878 2005 2140 2092 Heine
2167 2029 2188 2093 ;
2240 2009 2533 2094 Berlin,
2572 2014 2615 2081 6
2666 2017 3101 2089 novembre

493 2077 697 2163 1843,
741 2083 777 2150 1
816 2105 895 2173 p.
939 2085 1123 2155 in-8.
1807 2101 1843 2181 ..
2050 2099 2141 2185 V
2884 2108 2968 2176 10
3066 2132 3100 2175 »

466 2234 635 2288 Jolie
660 2237 846 2291 lettre
874 2239 961 2293 où
985 2241 1033 2293 il
1061 2243 1240 2296 salue
1263 2259 1383 2297 son
1403 2246 1654 2300 arrivée
1683 2263 1796 2300 sur
1822 2248 1886 2303 la
1910 2254 2077 2305 terre
2098 2253 2479 2311 allemande.
2512 2275 2537 2310 «
2569 2260 2766 2313 Gruss
2793 2261 2931 2313 und
2957 2263 3104 2316 Heil

403 2299 612 2355 Ihnen
637 2304 756 2358 aüf
792 2306 1218 2363 Deustschem
1252 2312 1473 2365 Loden
1502 2317 1515 2366 !
1554 2314 2042 2385 Willkommen,
2081 2322 2491 2377 tausendmal
2526 2327 2996 2382 Willkommen
3017 2332 3029 2382 !
3074 2347 3101 2382 »

399 2368 451 2421 Il
494 2371 588 2423 lui
627 2371 844 2426 donne
890 2378 1140 2429 ensuite
1191 2377 1305 2430 des
1350 2382 1685 2435 nouvelles
1729 2383 1809 2437 de
1856 2401 1925 2439 sa
1975 2387 2173 2454 santé,
2215 2392 2328 2458 qui
2374 2396 2469 2445 est
2512 2396 2844 2449 mauvaise
2884 2400 2945 2449 et
2988 2399 3103 2465 qui

398 2435 756 2506 l’empêche
781 2440 1004 2494 d’aller
1027 2445 1087 2496 le
1126 2446 1269 2497 voir
1300 2444 1339 2499 à
1365 2448 1758 2518 Hambourg.

123 2593 374 2664 43610.
429 2596 910 2669 VENDOME
975 2603 1334 2688 (Charles
1397 2605 1496 2679 de
1561 2611 1979 2697 Bourbon,
2039 2614 2196 2686 duc
2243 2615 2400 2705 de),
2460 2621 2939 2715 grand-père
3004 2624 3107 2694 de

486 2685 735 2758 Henri
774 2691 895 2759 IV.
939 2731 1025 2741 —
1070 2694 1154 2764 P.
1214 2716 1309 2779 s.,
1364 2718 1505 2767 sur
1552 2700 1817 2787 vélin;
1858 2704 1943 2772 31
2002 2704 2426 2778 décembre
2475 2712 2677 2797 1518,
2717 2714 2754 2782 1
2805 2736 2891 2806 p.
2943 2715 3108 2784 in-4

486 2776 810 2868 oblong.
853 2780 1084 2852 Rare.
2878 2805 2967 2874 25
3068 2829 3103 2880 »

461 2932 635 3000 Reçu
662 2934 742 2989 de
772 2952 874 2990 ses
900 2941 1426 3009 appointements
1457 2944 1537 2998 de
1565 2947 1884 3016 capitaine
1919 2949 1998 3003 de
2038 2951 2102 3006 70
2127 2953 2346 3008 lances
2379 2955 2494 3009 des
2523 2957 2975 3015 ordonnances
3010 2962 3101 3017 du

394 3001 515 3053 roi.

120 3156 362 3228 43611.
416 3161 900 3234 VENDOME
961 3166 1388 3262 (Philippe,
1455 3172 1734 3263 prince
1797 3174 1952 3264 de),
2011 3175 2329 3251 célèbre
2408 3181 2751 3272 général,
2816 3190 3101 3278 grand-

478 3254 757 3344 prieur
825 3257 923 3326 de
967 3258 1299 3345 France,
1359 3263 1811 3335 tristement
1862 3264 2183 3339 fameux
2240 3292 2390 3363 par
2445 3295 2572 3344 ses
2611 3276 3094 3350 débauches.

563 3424 643 3491 1°
707 3426 789 3494 L.
857 3433 1015 3497 aut.
1085 3430 1129 3498 à
1205 3452 1353 3500 son
1427 3432 1659 3502 frère-
1709 3434 2101 3521 (l’illustre
2171 3441 2556 3530 guerrier)
2590 3466 2608 3527 ;
2684 3465 2916 3538 camp
2984 3448 3092 3518 du

476 3512 800 3598 Diblon,
834 3518 925 3586 29
964 3520 1418 3609 septembre
1452 3524 1660 3612 1694,
1698 3526 1743 3595 2
1780 3547 1858 3618 p.
1902 3529 2020 3612 1/4
2050 3529 2242 3598 in-4.

447 3680 604 3735 Très
640 3684 809 3737 belle
846 3686 1031 3740 lettre
1068 3688 1155 3742 où
1192 3689 1241 3743 il
1280 3690 1341 3743 le
1378 3688 1617 3747 félicite
1650 3692 1731 3747 de
1773 3695 1837 3748 la
1873 3694 2058 3764 grâce
2090 3713 2216 3762 que
2241 3698 2303 3751 le
2335 3699 2454 3753 Roi
2493 3702 2673 3755 vient
2702 3703 2784 3757 de
2808 3705 2903 3759 lui
2928 3705 3090 3762 faire

380 3763 463 3800 en
492 3750 839 3821 l’appelant
873 3770 958 3807 au
990 3756 1562 3813 commandement
1593 3761 1785 3816 d’une
1829 3762 2065 3817 armée.
2103 3766 2413 3832 Piquants
2449 3765 2678 3824 détails
2720 3772 2758 3826 à
2794 3789 2866 3826 ce
2900 3776 3086 3843 sujet.

562 3899 642 3968 2°
706 3901 788 3971 L.
858 3923 926 3973 a.
996 3926 1058 3974 s.
1120 3928 1222 3976 au
1286 3905 1544 3980 même
1580 3933 1600 3995 ;
1664 3911 1916 3995 Paris,
1982 3913 2071 3980 20
2124 3934 2339 3983 mars
2401 3915 2603 4001 1702,
2665 3921 2709 3990 5
2759 3944 2835 4013 p.
2901 3923 3085 3997 in-4.

473 3987 813 4080 Légères
849 3996 1151 4066 taches.

443 4158 740 4216 Superbe
781 4177 1053 4232 lettre,
1099 4164 1188 4220 où
1227 4167 1276 4220 il
1325 4168 1614 4240 exprime
1657 4169 1716 4223 le
1761 4166 1940 4223 désir
1987 4168 2070 4224 de
2113 4174 2327 4229 servir
2368 4193 2523 4234 sous
2568 4196 2673 4234 ses
2728 4180 2974 4237 ordres.
3032 4184 3085 4239 Il

372 4225 551 4292 parle
583 4228 1002 4296 longuement
1039 4232 1119 4286 de
1159 4250 1230 4288 sa
1272 4238 1608 4290 mauvaise
1650 4237 1929 4290 fortune.
1966 4237 2051 4290 Le
2090 4239 2216 4293 duc
2249 4241 2340 4296 du
2372 4243 2584 4300 Maine
2622 4248 2716 4302 lui
2759 4264 2797 4303 a
2832 4251 3082 4319 promis

373 4306 493 4345 son
524 4298 727 4366 appui
761 4314 787 4349 «
819 4314 989 4367 pour
1030 4303 1290 4356 tascher
1326 4303 1676 4372 d’adoucyr
1713 4320 1805 4358 un
1838 4320 1968 4384 peu
2000 4307 2245 4377 l’esprit
2277 4311 2367 4366 du
2410 4315 2549 4382 Roy
2581 4332 2692 4372 sur
2734 4332 2891 4370 mon
2928 4318 3081 4375 cha¬

367 4361 556 4428 pitre,
601 4364 735 4418 afin
777 4382 904 4434 que
952 4370 1217 4438 lorsque
1251 4371 1318 4439 je
1355 4373 1450 4424 lui
1498 4374 1814 4441 parleray,
1846 4373 1912 4439 je
1943 4376 2167 4443 puisse
2204 4395 2311 4432 me
2354 4382 2566 4436 flatter
2594 4385 2753 4452 qu’il
2782 4383 3083 4443 écoutera

370 4443 508 4482 mes
532 4432 994 4498 justifications
1023 4454 1129 4504 ou,
1157 4455 1328 4508 pour
1352 4441 1572 4493 mieux
1603 4439 1763 4504 dire,
1797 4455 1936 4494 mes
1963 4444 2237 4500 raisons.
2275 4449 2397 4517 S’yl
2429 4451 2524 4504 les
2550 4455 2777 4506 trouve
2802 4453 3077 4523 bonnes,

362 4496 429 4563 je
455 4512 560 4552 me
595 4501 732 4555 suis
772 4500 919 4571 déjà
951 4506 1253 4575 expliqué
1292 4508 1450 4575 qu’il
1474 4509 1666 4561 estoit
1700 4508 1760 4559 le
1802 4509 2067 4563 maistre
2101 4512 2182 4567 de
2216 4531 2285 4572 se
2319 4520 2527 4572 servir
2557 4520 2639 4572 de
2671 4522 2785 4588 qui
2810 4521 2943 4574 bon
2969 4523 3080 4592 luy

368 4567 674 4621 sembloit
715 4575 778 4623 et
819 4587 946 4639 que
982 4573 1049 4641 je
1097 4589 1180 4627 ne
1224 4576 1318 4628 lui
1361 4573 1749 4629 demandois
1781 4592 1908 4644 que
1941 4577 2022 4632 de
2060 4597 2166 4634 me
2211 4585 2446 4640 rendre
2478 4588 2823 4642 l’honneur
2847 4588 2928 4641 de
2958 4605 3080 4644 son

367 4634 595 4688 estime
633 4641 696 4690 et
731 4638 813 4693 de
851 4656 975 4696 son
1003 4641 1248 4708 amitié,
1277 4658 1404 4710 que
1435 4643 1501 4709 je
1529 4643 1767 4696 croiois
1798 4643 2066 4701 mériter
2089 4651 2238 4720 plus
2271 4657 2596 4722 qu’aucun
2627 4654 2708 4709 de
2736 4671 2839 4709 ses
2876 4658 3077 4726 sujets

364 4716 484 4769 par
519 4717 659 4758 mes
704 4708 984 4765 services
1030 4714 1092 4762 et
1133 4725 1241 4763 ma
1284 4709 1525 4764 fidélité
1570 4713 1630 4766 et
1674 4725 1829 4765 mon
1873 4715 2177 4774 affection
2215 4737 2384 4789 pour
2422 4738 2491 4778 sa
2533 4739 2921 4790 personne...
2955 4741 2982 4778 »
3011 4757 3078 4767 —

364 4768 687 4842 (Philippe
731 4773 811 4828 de
854 4775 1190 4831 Vendôme
1228 4778 1331 4834 fut
1370 4778 1685 4847 employé,
1732 4782 1899 4836 mais
1945 4783 1991 4837 il
2033 4786 2132 4840 fut
2169 4789 2487 4859 disgracié
2526 4793 2606 4847 de
2646 4807 2949 4848 nouveau
2992 4811 3077 4850 en

364 4837 516 4904 1705,
550 4840 741 4911 après
765 4843 828 4897 la
863 4844 1125 4900 bataille
1151 4845 1233 4900 de
1260 4847 1591 4911 Cassano.)

529 4986 3091 5103 Les deux pièces 45»
