1818 2838
879 373 147 31 - 8 -

491 437 1005 42 L. a. s., en français, à M. Yvan, à Bruxelles; Turin, 25

451 476 394 38 mai 1852, 2 p. pl. in-4.

507 519 987 35 Belleletlre, tonte politique. « Chez nous, dit-il, les affaires vont assez bien,

474 547 1019 40 mais sur toutes nos frontières s'agite, la réaction... Si le ministère est faible,

474 587 1018 31 le roi est ferme, et ses bonnes intentions sont connues de tout le monde. »

408 635 1086 43 40. BROSSETTE (Claude), avocat, ami et commentateur

450 680 184 32 de Boileau.

492 726 1002 39 L. a. s. à M. Clautrier, secrétaire du contrôleur-géné¬

450 762 809 40 ral; Lyon, 19 août 1714, 2 p. in-4, joli cachet.

506 809 987 32 Belle lettre relative à la sédition qui a eu lieu à Lyon au commencement

472 842 1021 34 de juin, à la nomination de l'abbé de Villeroy il l’archevêché, et au séjour

471 875 517 32 de la reine de Pologne dans cette ville.

408 916 1085 47 41. LE MÊME. L. a. s. à Fabri et Barillot, libraires à

449 965 882 40 Genève; Lyon, 31 janv. 1724, 3 p. pl. in-4, cachet.

502 1012 991 34 Très intéressante épître relative à l’édition de La Fontaine que donnent

470 1044 1022 34 ces libraires, et particulièrement à celle de Boileau qu'ils publient et dans

471 1076 1021 34 laquelle Brossette voudrait qu'ils insèrent une réponse faite par le satirique

471 1109 508 32 à des attaques de Leclerc et de Huet.

405 1149 1084 49 42. LE MÊME. 1° Copie (du temps) d’une lettre adressée

447 1196 1043 42 par lui à Boileau le 10 mars 1099, sur la légende de son

446 1233 1041 40 portrait gravé par Brevet. — 2° L. a. s. de Fabri et Barillot,

445 1270 1046 38 libraires à Genève, à Brossette, sur l’impression du Boi¬

446 1306 1045 37 leau avec ses commentaires, et copie, par eux, d’une cu¬

445 1343 1043 38 rieuse lettre de J.-B. Rousseau sur le même sujet, 1715,

444 1381 156 39 5 p. in-4.

403 1435 714 40 43. BUGEAUD, maréchal de France.

487 1484 1001 40 1° L. s., à l’occasion de son élévation à la dignité de

444 1522 1042 40 maréchal; Alger, 22 août 1843, 1 p. in-4.—2° Pièce aut. sig.,

443 1558 814 38 comme ex-colonel du 14° de ligne, 1831, 1 p. in-4.

405 1610 1084 42 44. CAMPAN (Mme), lectrice de Marie-Antoinette, auteur

440 1651 550 42 de Mémoires sur cette princesse.

483 1701 1003 41 L. a. s. au grand chancelier de la Légion d’honneur;

442 1738 773 40 Ecouen, 1er av. 1811, 4 p. pl. in-f. Belle pièce.

496 1786 992 36 Sur les mesures à prendre pour mieux fermer la maison impériale

464 1819 1023 34 d’Ecouen, où un chien enragé a failli pénétrer et causer d’horribles acci¬

464 1856 77 25 dents.

399 1904 1087 43 45. CANCELLIERI (Fr.), savant bibliographe piémon¬

441 1945 847 43 tais, président de l’imprimerie de la Propagande.

480 1994 981 38 L. a. s., en italien, à M. Marcel; Rome, 1809, 1 p. in-4.

496 2039 885 32 Relative à la mort du savant Zeoga et aux ouvrages qu'il laisse.

398 2088 1090 42 46. CHANGARNIER (le général), commandant en chef

437 2130 338 35 de l’armée de Paris.

479 2178 776 41 L. a. s.; (Bruxelles), 15 janv. 1852, 2 p. in-8.

396 2237 1088 40 47. CHARDON DE LA ROCHETTE, helléniste et

439 2278 328 42 bibliographe érudit.

477 2326 840 39 4 l. a. s. à Amanton, 1810-12, 10 p. in-8 ou in-4.

492 2373 989 34 Intéressante correspondance relative à divers sujets d'érudition et de bi¬

459 2405 154 31 bliographie.
