<?xml version="1.0" encoding="utf-8"?>
<alto xmlns="http://www.loc.gov/standards/alto/ns-v4#" xmlns:xsi="http://www.w3.org/2001/XMLSchema-instance" xsi:schemaLocation="http://www.loc.gov/standards/alto/ns-v4# https://gitlab.inria.fr/scripta/escriptorium/-/raw/develop/app/escriptorium/static/alto-4-1-baselines.xsd">
<Description>
<MeasurementUnit>pixel</MeasurementUnit><sourceImageInformation><fileName>1866_04_23_GAB_0011.jpg</fileName></sourceImageInformation>
<OCRProcessing ID="IdOcr">
<ocrProcessingStep>
<processingDateTime>2020-11-01T17:51:02.113+01:00</processingDateTime>
<processingSoftware>
<softwareCreator>READ COOP</softwareCreator>
<softwareName>Transkribus</softwareName>
</processingSoftware>
</ocrProcessingStep>
</OCRProcessing>
</Description>
<Layout>
<Page HEIGHT="2851" ID="Page1" PHYSICAL_IMG_NR="1" WIDTH="1856">
<TopMargin HEIGHT="0" HPOS="0" VPOS="0" WIDTH="1856"/>
<LeftMargin HEIGHT="2851" HPOS="0" VPOS="0" WIDTH="5"/>
<RightMargin HEIGHT="2851" HPOS="1772" VPOS="0" WIDTH="84"/>
<BottomMargin HEIGHT="0" HPOS="0" VPOS="2851" WIDTH="1856"/>
<PrintSpace HEIGHT="2851" HPOS="5" VPOS="0" WIDTH="1767">
<TextBlock HEIGHT="34" HPOS="831" ID="r_2_1" VPOS="375" WIDTH="142">
<Shape>
<Polygon POINTS="831 375 973 375 973 409 831 409"/>
</Shape>
<TextLine BASELINE="832 408 972 408" HEIGHT="32" HPOS="832" ID="tl_2" VPOS="376" WIDTH="140">
<String CONTENT="- 9 -" HEIGHT="32" HPOS="832" ID="string_tl_2" VPOS="376" WIDTH="140"/>
</TextLine>
</TextBlock>
<TextBlock HEIGHT="105" HPOS="360" ID="r_2_2" VPOS="425" WIDTH="1085">
<Shape>
<Polygon POINTS="360 425 1445 425 1445 530 360 530"/>
</Shape>
<TextLine BASELINE="361 494 1444 494" HEIGHT="68" HPOS="361" ID="tl_3" VPOS="426" WIDTH="1083">
<String CONTENT="48. CHARENTE-INFÉRIEURE. 28 pièces, sur pa¬" HEIGHT="68" HPOS="361" ID="string_tl_3" VPOS="426" WIDTH="1083"/>
</TextLine>
<TextLine BASELINE="402 529 1358 529" HEIGHT="49" HPOS="402" ID="tl_4" VPOS="480" WIDTH="956">
<String CONTENT="pier ou sur vélin, formant la valeur d’un volume in-folio." HEIGHT="49" HPOS="402" ID="string_tl_4" VPOS="480" WIDTH="956"/>
</TextLine>
</TextBlock>
<TextBlock HEIGHT="481" HPOS="395" ID="r_2_3" VPOS="531" WIDTH="1052">
<Shape>
<Polygon POINTS="395 531 1447 531 1447 1012 395 1012"/>
</Shape>
<TextLine BASELINE="444 578 1442 578" HEIGHT="46" HPOS="444" ID="tl_5" VPOS="532" WIDTH="998">
<String CONTENT="Dossier intéressant, comprenant : une charte sur vélin," HEIGHT="46" HPOS="444" ID="string_tl_5" VPOS="532" WIDTH="998"/>
</TextLine>
<TextLine BASELINE="403 609 1445 609" HEIGHT="42" HPOS="403" ID="tl_6" VPOS="567" WIDTH="1042">
<String CONTENT="relative à la Rochelle, de 1424, gr. in-f. ; autre charte sur" HEIGHT="42" HPOS="403" ID="string_tl_6" VPOS="567" WIDTH="1042"/>
</TextLine>
<TextLine BASELINE="401 644 1446 644" HEIGHT="41" HPOS="401" ID="tl_7" VPOS="603" WIDTH="1045">
<String CONTENT="vélin concernant Notre-Dame des Halles de Saint-Jean-" HEIGHT="41" HPOS="401" ID="string_tl_7" VPOS="603" WIDTH="1045"/>
</TextLine>
<TextLine BASELINE="402 688 1443 688" HEIGHT="49" HPOS="402" ID="tl_8" VPOS="639" WIDTH="1041">
<String CONTENT="d’Angély, 1474, 2 p. in-f.; 4 pièces sur vélin, sig. de" HEIGHT="49" HPOS="402" ID="string_tl_8" VPOS="639" WIDTH="1041"/>
</TextLine>
<TextLine BASELINE="401 722 1443 722" HEIGHT="50" HPOS="401" ID="tl_9" VPOS="672" WIDTH="1042">
<String CONTENT="Louis XIII, datées du camp devant la Rochelle et du camp de¬" HEIGHT="50" HPOS="401" ID="string_tl_9" VPOS="672" WIDTH="1042"/>
</TextLine>
<TextLine BASELINE="400 756 1445 756" HEIGHT="45" HPOS="400" ID="tl_10" VPOS="711" WIDTH="1045">
<String CONTENT="vant Royan, 1622 et 1628; — 22 pièces gr. in-f., dont une sur" HEIGHT="45" HPOS="400" ID="string_tl_10" VPOS="711" WIDTH="1045"/>
</TextLine>
<TextLine BASELINE="401 791 1444 791" HEIGHT="44" HPOS="401" ID="tl_11" VPOS="747" WIDTH="1043">
<String CONTENT="vélin, relatives aux communautés des Ursulines, des Dames" HEIGHT="44" HPOS="401" ID="string_tl_11" VPOS="747" WIDTH="1043"/>
</TextLine>
<TextLine BASELINE="396 830 1443 830" HEIGHT="46" HPOS="396" ID="tl_12" VPOS="784" WIDTH="1047">
<String CONTENT="hospitalières de la Charité et des prêtres do l’Oratoire de" HEIGHT="46" HPOS="396" ID="string_tl_12" VPOS="784" WIDTH="1047"/>
</TextLine>
<TextLine BASELINE="400 864 1443 864" HEIGHT="45" HPOS="400" ID="tl_13" VPOS="819" WIDTH="1043">
<String CONTENT="la Rochelle; aux communautés de Notre-Dame, de Sainte-" HEIGHT="45" HPOS="400" ID="string_tl_13" VPOS="819" WIDTH="1043"/>
</TextLine>
<TextLine BASELINE="401 901 1442 901" HEIGHT="44" HPOS="401" ID="tl_14" VPOS="857" WIDTH="1041">
<String CONTENT="Claire, des Carmélites et des Filles de la Charité de Saintes;" HEIGHT="44" HPOS="401" ID="string_tl_14" VPOS="857" WIDTH="1041"/>
</TextLine>
<TextLine BASELINE="400 939 1443 939" HEIGHT="45" HPOS="400" ID="tl_15" VPOS="894" WIDTH="1043">
<String CONTENT="et à la communauté des Nouvelles-Catholiques de Pons :" HEIGHT="45" HPOS="400" ID="string_tl_15" VPOS="894" WIDTH="1043"/>
</TextLine>
<TextLine BASELINE="402 977 1443 977" HEIGHT="45" HPOS="402" ID="tl_16" VPOS="932" WIDTH="1041">
<String CONTENT="dénombrement des biens de ces diverses communautés," HEIGHT="45" HPOS="402" ID="string_tl_16" VPOS="932" WIDTH="1041"/>
</TextLine>
<TextLine BASELINE="401 1011 1108 1011" HEIGHT="42" HPOS="401" ID="tl_17" VPOS="969" WIDTH="707">
<String CONTENT="revêtus des signatures des supérieures." HEIGHT="42" HPOS="401" ID="string_tl_17" VPOS="969" WIDTH="707"/>
</TextLine>
</TextBlock>
<TextBlock HEIGHT="44" HPOS="359" ID="r_2_4" VPOS="1018" WIDTH="703">
<Shape>
<Polygon POINTS="359 1018 1062 1018 1062 1062 359 1062"/>
</Shape>
<TextLine BASELINE="360 1061 1061 1061" HEIGHT="42" HPOS="360" ID="tl_18" VPOS="1019" WIDTH="701">
<String CONTENT="49. CHARLES VII, roi de France." HEIGHT="42" HPOS="360" ID="string_tl_18" VPOS="1019" WIDTH="701"/>
</TextLine>
</TextBlock>
<TextBlock HEIGHT="84" HPOS="403" ID="r_2_5" VPOS="1067" WIDTH="1041">
<Shape>
<Polygon POINTS="403 1067 1444 1067 1444 1151 403 1151"/>
</Shape>
<TextLine BASELINE="442 1113 1443 1113" HEIGHT="45" HPOS="442" ID="tl_19" VPOS="1068" WIDTH="1001">
<String CONTENT="L. s., sur papier, au trésorier de Toulouse; Bourges," HEIGHT="45" HPOS="442" ID="string_tl_19" VPOS="1068" WIDTH="1001"/>
</TextLine>
<TextLine BASELINE="404 1150 1405 1150" HEIGHT="47" HPOS="404" ID="tl_20" VPOS="1103" WIDTH="1001">
<String CONTENT="1er juin, 1/2 p. pet. in-4, fragm. de cachet. Tachée d’eau." HEIGHT="47" HPOS="404" ID="string_tl_20" VPOS="1103" WIDTH="1001"/>
</TextLine>
</TextBlock>
<TextBlock HEIGHT="68" HPOS="422" ID="r_2_6" VPOS="1151" WIDTH="1022">
<Shape>
<Polygon POINTS="422 1151 1444 1151 1444 1219 422 1219"/>
</Shape>
<TextLine BASELINE="455 1191 1443 1191" HEIGHT="39" HPOS="455" ID="tl_21" VPOS="1152" WIDTH="988">
<String CONTENT="Ordre de faire porter des lettres aux sénéchaux de Languedoc et de plu¬" HEIGHT="39" HPOS="455" ID="string_tl_21" VPOS="1152" WIDTH="988"/>
</TextLine>
<TextLine BASELINE="423 1218 802 1218" HEIGHT="34" HPOS="423" ID="tl_22" VPOS="1184" WIDTH="379">
<String CONTENT="sieurs villes du même pays." HEIGHT="34" HPOS="423" ID="string_tl_22" VPOS="1184" WIDTH="379"/>
</TextLine>
</TextBlock>
<TextBlock HEIGHT="193" HPOS="358" ID="r_2_7" VPOS="1229" WIDTH="1087">
<Shape>
<Polygon POINTS="358 1229 1445 1229 1445 1422 358 1422"/>
</Shape>
<TextLine BASELINE="359 1274 1441 1274" HEIGHT="44" HPOS="359" ID="tl_23" VPOS="1230" WIDTH="1082">
<String CONTENT="50. CHARTE. Ordre du fils aîné, lieutenant du roi" HEIGHT="44" HPOS="359" ID="string_tl_23" VPOS="1230" WIDTH="1082"/>
</TextLine>
<TextLine BASELINE="401 1315 1444 1315" HEIGHT="46" HPOS="401" ID="tl_24" VPOS="1269" WIDTH="1043">
<String CONTENT="(Charles V, fils du roi Jean), de payer 58 deniers d’or pour" HEIGHT="46" HPOS="401" ID="string_tl_24" VPOS="1269" WIDTH="1043"/>
</TextLine>
<TextLine BASELINE="400 1350 1444 1350" HEIGHT="45" HPOS="400" ID="tl_25" VPOS="1305" WIDTH="1044">
<String CONTENT="l’achat de certains atours pour Jeanne, sa fille, et les" HEIGHT="45" HPOS="400" ID="string_tl_25" VPOS="1305" WIDTH="1044"/>
</TextLine>
<TextLine BASELINE="400 1385 1443 1385" HEIGHT="43" HPOS="400" ID="tl_26" VPOS="1342" WIDTH="1043">
<String CONTENT="femmes de son service; 23 oct. 1357, in-4 obl., trace de ca¬" HEIGHT="43" HPOS="400" ID="string_tl_26" VPOS="1342" WIDTH="1043"/>
</TextLine>
<TextLine BASELINE="400 1421 887 1421" HEIGHT="42" HPOS="400" ID="tl_27" VPOS="1379" WIDTH="487">
<String CONTENT="chet. Un peu endommagée." HEIGHT="42" HPOS="400" ID="string_tl_27" VPOS="1379" WIDTH="487"/>
</TextLine>
</TextBlock>
<TextBlock HEIGHT="89" HPOS="358" ID="r_2_8" VPOS="1428" WIDTH="1085">
<Shape>
<Polygon POINTS="358 1428 1443 1428 1443 1517 358 1517"/>
</Shape>
<TextLine BASELINE="359 1477 1442 1477" HEIGHT="48" HPOS="359" ID="tl_28" VPOS="1429" WIDTH="1083">
<String CONTENT="51. CHAUMETTE (Anaxagoras), procureur de la Com¬" HEIGHT="48" HPOS="359" ID="string_tl_28" VPOS="1429" WIDTH="1083"/>
</TextLine>
<TextLine BASELINE="399 1516 966 1516" HEIGHT="46" HPOS="399" ID="tl_29" VPOS="1470" WIDTH="567">
<String CONTENT="mune de Paris, décapité en 1794." HEIGHT="46" HPOS="399" ID="string_tl_29" VPOS="1470" WIDTH="567"/>
</TextLine>
</TextBlock>
<TextBlock HEIGHT="82" HPOS="397" ID="r_2_9" VPOS="1517" WIDTH="1043">
<Shape>
<Polygon POINTS="397 1517 1440 1517 1440 1599 397 1599"/>
</Shape>
<TextLine BASELINE="438 1564 1439 1564" HEIGHT="46" HPOS="438" ID="tl_30" VPOS="1518" WIDTH="1001">
<String CONTENT="Let. sig. à la section de 1792; Paris, 6 fév. 1793,1 p. in-4," HEIGHT="46" HPOS="438" ID="string_tl_30" VPOS="1518" WIDTH="1001"/>
</TextLine>
<TextLine BASELINE="398 1598 864 1598" HEIGHT="42" HPOS="398" ID="tl_31" VPOS="1556" WIDTH="466">
<String CONTENT="tête imp. de la Commune." HEIGHT="42" HPOS="398" ID="string_tl_31" VPOS="1556" WIDTH="466"/>
</TextLine>
</TextBlock>
<TextBlock HEIGHT="79" HPOS="355" ID="r_2_10" VPOS="1606" WIDTH="1084">
<Shape>
<Polygon POINTS="355 1606 1439 1606 1439 1685 355 1685"/>
</Shape>
<TextLine BASELINE="356 1654 1438 1654" HEIGHT="47" HPOS="356" ID="tl_32" VPOS="1607" WIDTH="1082">
<String CONTENT="52. CHRESTIENNE RE FRANCE, fille de Henri IV," HEIGHT="47" HPOS="356" ID="string_tl_32" VPOS="1607" WIDTH="1082"/>
</TextLine>
<TextLine BASELINE="397 1684 721 1684" HEIGHT="36" HPOS="397" ID="tl_33" VPOS="1648" WIDTH="324">
<String CONTENT="duchesse de Savoie." HEIGHT="36" HPOS="397" ID="string_tl_33" VPOS="1648" WIDTH="324"/>
</TextLine>
</TextBlock>
<TextBlock HEIGHT="46" HPOS="436" ID="r_2_11" VPOS="1696" WIDTH="835">
<Shape>
<Polygon POINTS="436 1696 1271 1696 1271 1742 436 1742"/>
</Shape>
<TextLine BASELINE="437 1741 1270 1741" HEIGHT="44" HPOS="437" ID="tl_34" VPOS="1697" WIDTH="833">
<String CONTENT="Pièce sig.; Turin 9 fév. 1738, 1 p. in-f., cachet." HEIGHT="44" HPOS="437" ID="string_tl_34" VPOS="1697" WIDTH="833"/>
</TextLine>
</TextBlock>
<TextBlock HEIGHT="72" HPOS="418" ID="r_2_12" VPOS="1742" WIDTH="1023">
<Shape>
<Polygon POINTS="418 1742 1441 1742 1441 1814 418 1814"/>
</Shape>
<TextLine BASELINE="451 1782 1440 1782" HEIGHT="39" HPOS="451" ID="tl_35" VPOS="1743" WIDTH="989">
<String CONTENT="Ordre de compter 4,593 ducatons au comte Baldessare Messerati, pour" HEIGHT="39" HPOS="451" ID="string_tl_35" VPOS="1743" WIDTH="989"/>
</TextLine>
<TextLine BASELINE="419 1813 970 1813" HEIGHT="39" HPOS="419" ID="tl_36" VPOS="1774" WIDTH="551">
<String CONTENT="l’acquisition de son fief de Casalborgone." HEIGHT="39" HPOS="419" ID="string_tl_36" VPOS="1774" WIDTH="551"/>
</TextLine>
</TextBlock>
<TextBlock HEIGHT="93" HPOS="354" ID="r_2_13" VPOS="1808" WIDTH="1086">
<Shape>
<Polygon POINTS="354 1808 1440 1808 1440 1901 354 1901"/>
</Shape>
<TextLine BASELINE="355 1871 1439 1871" HEIGHT="62" HPOS="355" ID="tl_37" VPOS="1809" WIDTH="1084">
<String CONTENT="53. CLÉMENT (Pierre), célèbre critique, surnomme par" HEIGHT="62" HPOS="355" ID="string_tl_37" VPOS="1809" WIDTH="1084"/>
</TextLine>
<TextLine BASELINE="396 1900 747 1900" HEIGHT="35" HPOS="396" ID="tl_38" VPOS="1865" WIDTH="351">
<String CONTENT="Voltaire l'inclément." HEIGHT="35" HPOS="396" ID="string_tl_38" VPOS="1865" WIDTH="351"/>
</TextLine>
</TextBlock>
<TextBlock HEIGHT="81" HPOS="396" ID="r_2_14" VPOS="1910" WIDTH="1042">
<Shape>
<Polygon POINTS="396 1910 1438 1910 1438 1991 396 1991"/>
</Shape>
<TextLine BASELINE="435 1958 1437 1958" HEIGHT="47" HPOS="435" ID="tl_39" VPOS="1911" WIDTH="1002">
<String CONTENT="L. a. s.; 5 brum. an 10, 1 p. in-4. Piquée d’humidité dans" HEIGHT="47" HPOS="435" ID="string_tl_39" VPOS="1911" WIDTH="1002"/>
</TextLine>
<TextLine BASELINE="397 1990 598 1990" HEIGHT="30" HPOS="397" ID="tl_40" VPOS="1960" WIDTH="201">
<String CONTENT="une marge." HEIGHT="30" HPOS="397" ID="string_tl_40" VPOS="1960" WIDTH="201"/>
</TextLine>
</TextBlock>
<TextBlock HEIGHT="36" HPOS="450" ID="r_2_15" VPOS="1995" WIDTH="567">
<Shape>
<Polygon POINTS="450 1995 1017 1995 1017 2031 450 2031"/>
</Shape>
<TextLine BASELINE="451 2030 1016 2030" HEIGHT="34" HPOS="451" ID="tl_41" VPOS="1996" WIDTH="565">
<String CONTENT="Intéressante lettre relative à ses ouvrages." HEIGHT="34" HPOS="451" ID="string_tl_41" VPOS="1996" WIDTH="565"/>
</TextLine>
</TextBlock>
<TextBlock HEIGHT="58" HPOS="353" ID="r_2_16" VPOS="2028" WIDTH="465">
<Shape>
<Polygon POINTS="353 2028 818 2028 818 2086 353 2086"/>
</Shape>
<TextLine BASELINE="354 2085 817 2085" HEIGHT="56" HPOS="354" ID="tl_42" VPOS="2029" WIDTH="463">
<String CONTENT="54. CLERGÉ. 7 pièces." HEIGHT="56" HPOS="354" ID="string_tl_42" VPOS="2029" WIDTH="463"/>
</TextLine>
</TextBlock>
<TextBlock HEIGHT="378" HPOS="392" ID="r_2_17" VPOS="2087" WIDTH="1046">
<Shape>
<Polygon POINTS="392 2087 1438 2087 1438 2465 392 2465"/>
</Shape>
<TextLine BASELINE="434 2133 1433 2133" HEIGHT="45" HPOS="434" ID="tl_43" VPOS="2088" WIDTH="999">
<String CONTENT="Discision aut. sig. d’un théologien du XVIe siècle, nommé" HEIGHT="45" HPOS="434" ID="string_tl_43" VPOS="2088" WIDTH="999"/>
</TextLine>
<TextLine BASELINE="393 2168 1433 2168" HEIGHT="44" HPOS="393" ID="tl_44" VPOS="2124" WIDTH="1040">
<String CONTENT="Ladvocat, sur le baptême des hérétiques, 1 p. in-4.— Relation" HEIGHT="44" HPOS="393" ID="string_tl_44" VPOS="2124" WIDTH="1040"/>
</TextLine>
<TextLine BASELINE="394 2207 1434 2207" HEIGHT="46" HPOS="394" ID="tl_45" VPOS="2161" WIDTH="1040">
<String CONTENT="de ce qui s’est passé au sujet du refus des sacrements, par le" HEIGHT="46" HPOS="394" ID="string_tl_45" VPOS="2161" WIDTH="1040"/>
</TextLine>
<TextLine BASELINE="394 2245 1433 2245" HEIGHT="48" HPOS="394" ID="tl_46" VPOS="2197" WIDTH="1039">
<String CONTENT="curé de Saint-Etienne-du-Mont, à un prêtre de Marseille," HEIGHT="48" HPOS="394" ID="string_tl_46" VPOS="2197" WIDTH="1039"/>
</TextLine>
<TextLine BASELINE="394 2278 1434 2278" HEIGHT="44" HPOS="394" ID="tl_47" VPOS="2234" WIDTH="1040">
<String CONTENT="mars 1752, manuscrit original, 50 p. in-12. — Assemblée" HEIGHT="44" HPOS="394" ID="string_tl_47" VPOS="2234" WIDTH="1040"/>
</TextLine>
<TextLine BASELINE="395 2321 1434 2321" HEIGHT="56" HPOS="395" ID="tl_48" VPOS="2265" WIDTH="1039">
<String CONTENT="du clergé de France au sujet du refus des sacrements; copie" HEIGHT="56" HPOS="395" ID="string_tl_48" VPOS="2265" WIDTH="1039"/>
</TextLine>
<TextLine BASELINE="395 2355 1435 2355" HEIGHT="48" HPOS="395" ID="tl_49" VPOS="2307" WIDTH="1040">
<String CONTENT="sig. par l’abbé de Coriolis, 26 p. in-f. — Plaintes d’un anonyme" HEIGHT="48" HPOS="395" ID="string_tl_49" VPOS="2307" WIDTH="1040"/>
</TextLine>
<TextLine BASELINE="396 2393 1434 2393" HEIGHT="48" HPOS="396" ID="tl_50" VPOS="2345" WIDTH="1038">
<String CONTENT="au sujet du prix exorbitant des chaises dans les églises, 3 p. in-f." HEIGHT="48" HPOS="396" ID="string_tl_50" VPOS="2345" WIDTH="1038"/>
</TextLine>
<TextLine BASELINE="394 2427 1436 2427" HEIGHT="52" HPOS="394" ID="tl_51" VPOS="2375" WIDTH="1042">
<String CONTENT="— Discours (prononcé à la proclamation de Gobel comme" HEIGHT="52" HPOS="394" ID="string_tl_51" VPOS="2375" WIDTH="1042"/>
</TextLine>
<TextLine BASELINE="394 2464 1437 2464" HEIGHT="45" HPOS="394" ID="tl_52" VPOS="2419" WIDTH="1043">
<String CONTENT="évêque de Paris, par M. Beauvais, près, de l’Ass. électo-" HEIGHT="45" HPOS="394" ID="string_tl_52" VPOS="2419" WIDTH="1043"/>
</TextLine>
</TextBlock>
<GraphicalElement HEIGHT="5" HPOS="1616" ID="r_5" VPOS="74" WIDTH="88"/>
<GraphicalElement HEIGHT="6" HPOS="1377" ID="r_6" VPOS="74" WIDTH="208"/>
<GraphicalElement HEIGHT="15" HPOS="296" ID="r_7" VPOS="2762" WIDTH="228"/>
<GraphicalElement HEIGHT="8" HPOS="1234" ID="r_8" VPOS="2771" WIDTH="370"/>
<GraphicalElement HEIGHT="7" HPOS="524" ID="r_9" VPOS="2771" WIDTH="217"/>
<GraphicalElement HEIGHT="4" HPOS="173" ID="r_10" VPOS="2771" WIDTH="108"/>
<GraphicalElement HEIGHT="4" HPOS="1060" ID="r_11" VPOS="2776" WIDTH="174"/>
<GraphicalElement HEIGHT="195" HPOS="1763" ID="r_12" VPOS="226" WIDTH="5"/>
</PrintSpace>
</Page>
</Layout>
</alto>