1848 2838
881 360 160 31 - 16 -

416 425 1089 48 106. LACOMBE (J.-B.), instituteur, né à Toulouse, prési¬

456 466 1048 49 dent de la commission militaire de Bordeaux pendant la Ter¬

455 508 596 45 reur, décapité après le 9 thermidor.

491 558 1011 44 L. a. s. au représentant Ysabeau ; (prison de Bordeaux,

456 595 651 42 vers le 25 therm. an 2), 2 p. 1/2 in-4.

513 642 991 35 Alors en jugement, et poursuivi par la haine des Bordelais, qui deman¬

479 672 1024 38 daient sa tête et criaient : à la guillotine le tyran de Robespierre! il en

481 705 1021 37 appelle à Ysabeau, qui a été témoin de sa conduite. Il se reconnaît coupable

478 737 1024 37 de quelques faiblesses; mais il maintient que les citoyens de Bordeaux ne le

480 769 1022 38 poursuivent avec tant d'acharnement que pour les jugements justes et sé¬

479 802 1023 38 vères rendus par la Commission sous sa présidence. « Quel que soit mon

478 834 1025 39 sort, dit-il, on m’entendra crier, du fond de mon coeur, vive la République,

478 868 1024 37 et je la chérirai jusqu'au dernier soupir. » (Quelques jours après, le 27, il

478 901 463 34 était condamné à mort et exécuté.)

415 944 1088 48 107. LAFAYETTE (le marquis de), illustre général et

457 987 241 33 homme d’Etat.

490 1036 1010 44 L. a. s. à un de ses collègues; La Grange, 13 juin 1832,

458 1074 212 37 1 p. 1/4 in-4.

513 1120 990 35 Pièce historique, relative au convoi du général Lamarque. — On lui

479 1151 1026 36 demande s’il est vrai, comme l’assurent des personnes recommandables,

479 1183 1022 37 qu'il ait déposé une couronne sur le bonnet rouge porté à ce convoi. Il

481 1215 1023 37 répond que cette assertion est à la fois une sottise et un mensonge, et il

478 1247 1027 37 rappelle son attitude de 1792 et 1793, époque où ce sanglant symbole servit

477 1280 1026 36 de drapeau aux plus criminelles violences. Les cinquante-six années de sa

476 1311 1027 37 carrière publique sont aussi une protestation contre les illégalités qui

478 1342 1025 37 tendent à détruire les principes de la révolution de 1830. « Elle n’en finira

479 1375 1025 38 pas moins, ajoute-t-il, malgré nos mécomptes, par accomplir ses destinées

477 1408 420 30 et les vieux de toute ma vie. »

413 1458 1090 46 108. LALANNE (Léon), ingénieur, directeur des Ateliers

454 1501 325 34 nationaux en 1848.

489 1549 582 40 L. a. s.; Mortain, 1835, 7 p. in-4.

507 1595 915 33 Toute relative à l’état des routes dans l’arrondissement de Mortain.

413 1644 991 49 109. LAMENNAIS (F. de), illustre écrivain français.

489 1695 991 45 L. a. s. au baron d’Erkstein; 13 fév. 1836, 1 p. 1/2 in-8.

509 1744 992 38 Sur la difficulté d'insérer avec fruit des articles savants et de longue

477 1776 1024 38 haleine dans les journaux, où ils passent trop vile. Il notant pour ces feuilles

478 1808 1023 40 que des mentions actuelles et pratiques, traitées avec concision. « Qu’au¬

478 1841 1022 38 raient fait de l'Iliade les faiseurs d’almanachs à Athènes ou à Syracuse?... »

410 1878 1087 62 110. LA MÉSANGÈRE (Pierre), le créateur des journaux

454 1932 459 42 de modes, né dans l’Anjou.

491 1979 1007 48 1° Une gravure de modes, avec 2 lig. aut. sig., 1823, in-8.

452 2011 1046 51 — 2° Article curieux sur des modes de la Restauration,

452 2055 255 38 aut., 5 p. in-8.

410 2102 1088 49 111. LANTIER (E.-F. de), littérateur distingué, auteur des

460 2144 593 47 Voyages d’Anténor, né à Marseille.

486 2195 1010 47 L. a. s. à Arthus Bertrand, son éditeur; (Marseille, 1813),

454 2234 295 40 1 p. 1/2 pet. in-4.

410 2275 1086 56 112. LE MÊME. 2 l. a. s. au même; Marseille, 1816,

451 2325 160 36 3 p. in-8.

509 2371 989 39 Relatives à des difficultés qu’il a avec son éditeur pour l’impression de

475 2402 156 26 ses Contes.
