1818 2838
884 353 169 42 -10 -

465 425 1040 49 rale, et sig. de lui, 17 mars 1791, 4 p. in-4. — Lettre de

464 461 1041 43 l’archev. de Paris Debelloy sur l’heure du mariage reli¬

464 500 531 42 gieux, 5 frim. an 11, 1 p. in-f.

420 540 1084 55 88. CLÉRIC (Pierre), jésuite, poète, traducteur en vers fran¬

460 589 1038 47 çais de l'Electre de Sophocle, couronné huit fois par l’Acad.

459 633 504 39 des Jeux floraux, né à Béziers.

499 678 1003 42 L. a. s. à Brossette; Toulouse, 12 juil. 1717, 3 p. pl. pet.

459 722 78 29 in-4.

513 763 990 36 Intéressante épître, toute relative à l'édition de Boileau accompagnée des

481 799 370 28 commentaires de Brossette.

414 840 1088 49 86. COCHIN (Ch.-Nic.), habile graveur, garde du cabinet

456 887 307 35 des dessins du roi.

498 932 884 42 Pièce aut. sig.; Paris, 31 juil. 1760, 3/4 de p. in-4.

509 980 991 36 Il déclare avoir reçu de M. Massé, peintre du roi, les 54 dessins, exécu¬

477 1013 1024 36 tés par celui-ci, d’après les tableaux peints par Ch. Lebrun dans la grande

477 1047 531 34 galerie et les deux salons de Versailles.

411 1080 1083 53 57. COLLÉ (Ch.), célèbre chansonnier et autour dramatique.

493 1136 926 42 L. a. s. au comédien Préville, 5 juil. 1778, 1 p. in-4.

508 1182 990 37 Charmante épître relative à la Partie de chasse de Henri IV, sa meil¬

476 1219 154 34 leure pièce.

410 1261 1086 46 58. CONTAT (Louise), célèbre comédienne, femme de Parny.

497 1311 1000 41 1° 5 billets aut. au citoyen Ségaux, 9 p. in-18. — 4 let.

454 1347 1045 39 la concernant, dont 2 l. a. s. du célèbre architecte Ch. de

455 1384 1044 42 Wailly, de 1788, où il réclame le montant des décorations

453 1422 556 41 exécutées par lui dans sa loge.

410 1471 1088 47 59. COURT (Joseph-Désiré), célèbre peintre d’histoire et de

453 1517 150 43 portraits.

493 1564 406 38 L. a. s., 1837, 1 p. in-8.

412 1611 1085 49 60. COUTHON (Georges), célèbre conventionnel, décapité

453 1656 295 44 avec Robespierre.

494 1703 1003 41 L. a. s. à Gaultier de Biauzat, député à l’Assemblée na¬

452 1740 1045 44 tionale; (Clermont, fin janv. 1790), 1 p. in-4, beau cachet

454 1779 630 34 aux armes de la ville de Clermont.

507 1824 827 33 Relative à la nomination de Biauzat à la mairie de Clermont.

411 1872 812 45 61. CUVIER (Georges), illustre naturaliste.

494 1921 1000 41 L. a. s., comme secrétaire perpétuel de l’Acad. franc.,

452 1959 716 39 au baron de Bock; Paris, 1828, 1 p. in-4.

410 2006 1000 47 62. DAVID (Félicien), célèbre compositeur de musique.

494 2055 899 42 Sérénade aut. sig., paroles et musique, 3 p. 1/2 in-f.

411 2103 1084 46 63. DELACROIX (Eug.), célèbre peintre d'histoire, de

449 2150 157 36 l’Institut.

492 2195 767 40 L. a. s. à M. Souty, 21 sept. 1848, 1 p. in-8.

505 2237 538 36 Conseil pour le placement d'un tableau.

410 2272 1084 54 64. LE MÊME. L. a. s. à M. Motte, lithographe, 1 p.

450 2328 74 28 in-8.

503 2362 989 37 il demande une pierre pour une lithographie de la dimension de celle du

472 2400 110 26 Giaour.
